2588 4276
166 270 232 316 aar.
254 270 295 316 IV.
315 268 454 317 auulssw
475 269 673 334 Fililllslllld,lll
695 269 788 318 Sl'dl'U
809 267 975 316 nuuroloso.
1032 259 1081 314 26¹

65 393 115 462 ut,
128 385 252 464 expleto
277 385 429 464 temporis
452 385 555 465 spatio
579 385 744 464 requisito,
770 384 914 463 profiteri
932 384 1080 458 valeant3

66 483 151 544 unde
171 485 202 544 S.
227 483 436 561 congregatio
451 501 516 544 non
540 483 639 544 semel
659 482 834 543 declaravit
854 481 926 543 illos
946 500 1011 542 non
1032 481 1086 542 ad·

65 581 234 642 mittendos
245 581 434 658 regulariter
449 581 515 642 fore
532 585 604 641 ante
621 598 740 642 annum
751 579 911 640 decimum
926 579 1082 658 quintum.

127 681 291 738 Decretum
316 677 441 739 concilii
467 677 645 738 Tridentini
668 677 774 737 innuit
794 677 930 738 novitios
953 668 1085 737 induero
1119 693 1122 702 ⁴

67 776 211 836 habitum
225 775 390 855 proprium
408 775 527 836 ordinis
542 775 652 854 inquo
670 774 814 854 profiteri
826 774 1006 847 intendunt,
1021 773 1086 833 sive

67 872 192 934 babitus
210 873 264 934 ille
284 873 324 934 sit
345 873 521 934 communis
540 872 689 953 professis
712 877 744 933 et
764 872 902 948 novitiis,
925 855 990 933 sivo
1011 890 1083 950 spe-

71 970 166 1033 cialia.
186 994 197 1028 ι
215 971 251 1030 in
271 989 472 1052 quacumque
491 971 645 1048 religione
661 975 727 1031 tam
743 969 885 1030 virorum
901 988 996 1049 qnam
1019 987 1087 1029 mu-

72 1092 87 1124 «
104 1069 227 1143 lierum,
243 1069 396 1147 professio
410 1088 475 1129 non
489 1069 545 1128 fiat
556 1073 629 1128 ante
641 1067 799 1128 decimum
814 1071 938 1127 sextum
949 1085 1084 1141 annum;

73 1190 88 1222 (ι
102 1184 157 1226 neo
169 1167 225 1246 qui
234 1167 348 1228 minori
362 1173 515 1246 tempore,
531 1184 627 1244 quam
639 1185 697 1246 per
712 1183 832 1226 annum
843 1175 911 1246 post
921 1173 1086 1245 susceptum

74 1290 88 1320 (ι
102 1263 235 1325 lubitum
252 1266 284 1325 in
307 1265 496 1344 probatione
514 1264 647 1340 steterit,
665 1265 706 1324 ad
721 1263 953 1342 professionem
968 1262 1085 1322 admit-

73 1383 87 1420 u
102 1368 194 1424 tatur.
210 1384 224 1420 n
246 1362 354 1423 Plures
369 1363 498 1442 quidem
512 1367 630 1440 negant
644 1361 677 1422 id
691 1362 798 1424 stricto
813 1364 885 1442 jure
900 1361 1030 1440 requiri,
1053 1365 1086 1421 et

69 1459 100 1520 in
112 1479 175 1521 suae
184 1460 342 1540 opinionis
367 1459 580 1540 patrocinium
595 1460 758 1521 adducunt
773 1461 899 1539 praxim
914 1459 1085 1537 religioso-

71 1577 137 1617 rum
152 1557 292 1636 Angliae,
307 1558 479 1633 Hiberniae,
494 1558 694 1636 aliarumque
707 1557 873 1636 regionum
889 1559 947 1618 snb
968 1556 1086 1618 ditione

68 1656 215 1734 principis
226 1656 377 1732 haeretici,
391 1657 448 1735 qui
461 1675 534 1734 suos
547 1655 684 1717 novitios
701 1656 838 1736 probant
850 1655 882 1714 in
896 1656 1008 1716 habitu
1023 1673 1084 1716 sae-

70 1753 181 1826 culari,
200 1755 255 1814 sed
268 1754 362 1832 longe
377 1754 576 1815 communior
593 1758 642 1814 est
652 1753 809 1814 sententia
824 1753 997 1828 affirmans,
1015 1770 1086 1831 quae

70 1851 266 1929 potissimum
288 1852 434 1912 innititur
459 1855 546 1912 textu
568 1850 666 1912 allato
690 1849 816 1911 concilii
837 1851 1026 1923 Tridentini,
1048 1869 1087 1910 ex

71 1965 127 2026 quo
148 1949 317 2028 postulans
339 1969 403 2010 non
425 1954 573 2009 censetur
593 1967 686 2008 suum
709 1947 897 2009 novitiatum
921 1948 1086 2009 inchoasse

70 2044 123 2104 nisi
138 2065 157 2106 a
170 2046 223 2108 die
234 2047 371 2126 suseepti
380 2047 518 2107 habitus.
532 2047 625 2106 Ratio
641 2045 753 2106 suadet
767 2063 834 2105 rem
844 2063 908 2106 non
924 2045 1015 2106 aliter
1025 2050 1087 2106 sta·

72 2144 217 2204 tuendam
227 2164 234 2218 ;
244 2163 319 2205 nam
333 2145 468 2224 gestatio
479 2143 608 2204 habitus
618 2148 664 2204 est
676 2143 843 2204 austeritas
859 2144 1004 2223 quaedam
1013 2145 1086 2204 vitae

70 2259 134 2318 quae
147 2241 233 2302 inter
248 2243 447 2321 probationis
461 2243 680 2330 experimenta
688 2241 809 2320 optimo
815 2242 887 2320 jure
895 2246 1061 2319 reputatur
1076 2259 1084 2301 :
1170 2307 1175 2332 ι

70 2339 256 2418 estinsuper
268 2341 407 2402 medium
421 2340 514 2401 valde
530 2339 721 2402 conveniens
731 2339 886 2400 novitium
903 2337 1087 2398 removendi

70 2435 306 2496 asaeoularibus
321 2437 485 2498 affectibus
514 2442 608 2514 atque
625 2436 666 2497 ad
687 2440 806 2497 statum
821 2435 1005 2513 religiosum
1022 2434 1086 2492 dis-

69 2534 215 2610 ponendi.
238 2534 370 2594 Habitus
392 2534 512 2596 ordinis
528 2551 592 2593 non
612 2551 728 2612 parum
743 2533 884 2606 inservit,
907 2531 934 2592 si
948 2531 1086 2592 novitius

69 2629 155 2714 illum
171 2632 267 2692 sicuti
283 2637 409 2712 oportet
431 2631 614 2710 gestaverit,
633 2631 672 2691 ad
684 2631 856 2692 fovendum
871 2629 1015 2704 interius,
1032 2648 1087 2690 ex·

69 2729 226 2808 teriusque
241 2728 689 2807 manifestandumingenium
706 2728 845 2807 religiosi
859 2727 1005 2788 instituti.
1021 2729 1084 2788 llx-

69 2826 132 2906 cipe
148 2833 257 2888 tamen
275 2828 301 2888 si
318 2828 410 2890 aliter
425 2827 654 2897 determinetur
672 2826 706 2887 in
724 2826 860 2901 statutis,
875 2826 926 2885 vel
941 2825 1082 2904 requirat

69 2925 232 2986 necessitas
257 2925 420 3001 locorum;
448 2925 532 2985 unde
556 2943 621 2984 non
638 2922 786 3003 'probant
810 2922 956 3001 exempla
984 2923 1083 2982 allata

71 3027 177 3083 contra
188 3023 293 3102 legem
304 3023 499 3100 generalem.

123 3119 176 3180 III.
193 3120 368 3182 Novitiatus
381 3120 491 3200 perfici
503 3121 607 3182 valide
623 3139 687 3181 non
702 3112 807 3200 potest
821 3123 912 3178 ext-ra
923 3122 1085 3178 monaste·

72 3216 147 3276 rium
158 3218 279 3280 ordinis
292 3237 387 3298 quem
398 3218 535 3280 novitius
550 3218 619 3280 vult
630 3217 775 3298 profiteri
786 3234 793 3290 ;
806 3222 837 3276 et
851 3215 944 3275 valde
959 3214 1088 3292 expedit

72 3319 104 3374 ut
120 3315 160 3376 sit
183 3317 298 3376 domus
321 3317 362 3376 ad
383 3317 445 3378 hoc
466 3317 598 3396 speciali
619 3314 838 3394 designatione
862 3311 1030 3384 destinata,
1054 3311 1088 3371 in
1124 3335 1128 3341 ·

76 3433 133 3494 qna
146 3414 267 3474 seilicet
281 3414 392 3475 novitii
407 3414 625 3487 recludantur,
641 3412 771 3474 seorsim
787 3410 827 3470 ab
840 3409 909 3470 aliis
919 3407 1085 3486 religiosis.
1189 3445 1191 3450 -

77 3513 201 3574 Necesse
219 3517 267 3572 est
286 3512 370 3574 enirn
388 3518 421 3572 ut
437 3513 514 3574 ordo
534 3529 638 3573 mores
654 3509 767 3572 novitii
782 3507 976 3588 experiatur,
996 3511 1028 3566 et
1045 3505 1090 3566 vi-

79 3609 176 3672 cissim
203 3615 238 3672 ut
259 3611 397 3672 novitius
419 3611 601 3690 experiatur
620 3607 820 3688 disciplinam
841 3604 975 3678 ordinis;
1002 3603 1088 3682 quod

80 3714 243 3790 utrumque
267 3729 330 3771 non
352 3709 547 3771 obtinebitur
568 3708 772 3779 sufficienter,
789 3703 851 3765 nisi
869 3702 1016 3784 probatio
1031 3701 1088 3762 fiat

900 3822 943 3876 15.
