2642 4268
137 299 139 306 ι
220 261 275 317 516
481 265 557 318 PARS
578 263 623 312 Ill.
646 221 702 312 llle
724 263 970 314 audubaltsrton.

219 388 348 450 donem.
365 381 475 461 Porro,
492 384 525 444 in
540 381 675 463 utroque
691 381 777 460 casu,
791 379 924 462 quaestio
940 389 988 444 est
1002 390 1082 446 anet
1095 383 1239 464 quojuro

220 504 317 549 onera
331 484 477 547 imminui
491 483 623 563 possint.
1035 496 1040 506 ·
1113 481 1115 484 '

281 587 313 646 1⁰
334 586 369 646 In
394 583 496 663 primo
521 601 595 644 casu
619 599 778 643 recurrere
802 579 932 644 necesse
952 588 1002 644 est
1025 584 1066 644 ad
1089 586 1239 648 Sanctam

222 683 344 745 Sedem.
372 681 544 744 Concilium
571 681 791 742 'tridentinum
818 682 906 760 (sess.
932 699 1004 752 xxv,
1037 701 1106 762 cap.
1137 700 1181 756 Ν,
1208 681 1241 742 de

220 780 371 862 Referre.)
382 780 536 842 concessit
545 778 707 858 Episcopis
722 783 756 839 ut
766 781 798 839 in
810 780 930 858 synodo
943 780 1136 853 dioeoesana,
1147 781 1243 841 item-

223 898 284 960 que
306 878 475 940 abbatibus
499 883 530 938 et
554 875 753 957 generalibus
768 878 923 938 ordinum
948 879 993 940 in'
1006 879 1069 939 suis
1093 878 1242 958 capitulis

223 976 434 1057 generalibus,
454 975 487 1036 id
507 979 647 1036 statuant
666 975 752 1054 quod
773 975 875 1053 magis
895 976 935 1036 ad
955 976 1012 1037 Dei
1034 975 1192 1037 honorem
1213 982 1244 1036 et

223 1077 356 1152 cultum,
378 1079 473 1154 etque
492 1073 701 1140 Ecclesiarum
723 1072 892 1134 utilitatem
915 1074 1053 1136 viderint
1072 1074 1242 1153 expedire;

224 1176 279 1236 sed
290 1175 321 1236 S.
338 1172 558 1253 Congregatio,
572 1171 702 1232 Concilii
712 1172 880 1251 interpres,
892 1172 1065 1234 declaravit
1078 1173 1244 1234 decretum

223 1271 465 1351 intelligendum
477 1289 543 1330 esse
554 1269 753 1330 solummodo
765 1269 803 1330 de
815 1270 1056 1331 fundationibus
1069 1275 1145 1331 tunc
1162 1277 1245 1330 tem-

225 1371 322 1452 poris,
348 1369 467 1430 scilicet
493 1374 566 1429 ante
594 1368 774 1442 concilium,
802 1368 985 1447 acceptatis
1011 1386 1075 1430 non
1101 1387 1179 1430 vero
1205 1369 1245 1430 de

225 1468 347 1531 ceteris
361 1471 433 1546 quaa
446 1467 478 1527 in
495 1472 655 1546 posterum
668 1467 948 1541 constituerentur,
962 1472 993 1528 et
1010 1468 1140 1528 decreto
1151 1466 1246 1546 jussu
1315 1501 1316 1552 ,

178 1577 180 1580 ’
227 1565 347 1628 Urbani
365 1564 665 1644 Vlll.promulgato,
682 1583 828 1644 expresse
848 1565 1014 1644 prohibuit
1029 1584 1067 1626 ne
1081 1565 1245 1646 Epz'scopi,

227 1673 281 1724 out
297 1661 454 1726 Genusus
469 1662 620 1736 ordzbum,
636 1681 728 1724 onera
741 1663 805 1724 ulla
818 1662 980 1725 Missurum
995 1663 1245 1725 celebrandarum
1315 1653 1316 1720 l

226 1770 293 1844 post
305 1761 463 1826 conn'lr'nm
475 1761 615 1842 imposita
630 1760 784 1822 reducant.
798 1763 880 1840 Ergo
892 1761 964 1840 jure
980 1762 1142 1823 communi
1153 1763 1245 1842 Epis·

230 1860 302 1938 copi
312 1860 456 1939 indigent
468 1859 593 1924 indulto
606 1860 791 1940 apostoliae,
804 1861 830 1921 si
843 1861 942 1922 velint
953 1861 1075 1934 reduci,
1089 1865 1144 1922 aut
1155 1879 1245 1920 com·

229 1957 1241 2041 mutarionerafundationum.(BenedlllV,deSynodo,lib.Xlll‚
1315 1959 1316 1998 ἕ

230 2057 624 2138 cap.ultimo,n¹¹l8·20.)
701 2110 707 2119 .
1315 2045 1316 2056 ²

291 2157 322 2216 2⁰
332 2157 367 2218 In
380 2157 517 2217 secundo
531 2175 605 2217 casu
618 2175 681 2218 non
695 2176 759 2218 una
772 2163 819 2218 est
833 2157 974 2224 omnium
989 2156 1155 2218 sententia.
1166 2158 1245 2217 Plu-

229 2273 280 2317 res
302 2254 497 2316 eoneludunt
518 2273 556 2316 ex
578 2255 704 2316 decreto
724 2257 755 2318 S.
779 2255 1050 2336 congregationis,
1073 2255 1248 2334 quamlibet

232 2352 448 2415 reductionem
472 2371 605 2414 onerum
627 2354 792 2416 Missurum
815 2373 881 2416 esse
904 2359 1099 2416 reservatam
1124 2354 1247 2414 Sanctae

233 2451 306 2514 Sedi
318 2467 325 2512 ι
338 2450 392 2514 alli
404 2451 544 2512 sentiunt
553 2451 835 2531 Episcopos'posse,
849 2453 961 2513 saltem
975 2451 1141 2526 indirecte,
1151 2452 1248 2511 redu-

233 2567 302 2610 cere
322 2567 489 2612 numerum
508 2549 683 2628 Missarum,
704 2549 882 2612 reducendo
902 2554 1102 2612 contractum
1122 2549 1162 2610 ad
1184 2554 1248 2610 ter·

233 2647 337 2713 minos
360 2647 530 2727 aequitatis.
554 2649 650 2710 Juxta
673 2649 756 2723 illos,
781 2649 917 2728 ipsomet
936 2648 1009 2726 jure
1033 2647 1186 2722 naturali,
1213 2667 1251 2708 ex

234 2743 345 2822 regula
368 2745 487 2808 scilieet
510 2752 740 2821 contractuum,
766 2747 934 2812 imminuta
957 2752 1125 2809 censentur
1150 2765 1251 2808 onera

232 2841 437 2922 fundationis,
453 2844 486 2906 in
501 2862 576 2906 casu
590 2845 629 2908 de
645 2863 706 2928 quo
723 2847 837 2924 agitur.
1315 2899 1316 2910 ,

293 2943 401 3017 Pacta,
429 2941 577 3022 inquiunt
606 2943 747 3022 theologi
774 2961 909 3022 quorum
937 2944 1126 3006 sententiam
1151 2945 1251 3004 refert

233 3040 266 3102 S.
282 3040 378 3120 Alph.
395 3039 434 3100 de
448 3040 586 3118 Liguori,
604 3060 668 3104 non
683 3042 826 3121 obligant
843 3044 926 3104 ultra
942 3043 1151 3103 intentionem
1166 3042 1250 3121 legi·
1315 3041 1316 3124 J

235 3138 1251 3221 timepraesumptamcontrahentium:parre,partesnoninten-
1315 3167 1316 3206 t

235 3236 363 3314 debant,
386 3254 444 3301 nec
463 3245 699 3316 praesumuntur
719 3240 865 3312 voluisse,
888 3245 923 3300 ut
942 3241 1065 3316 integra
1084 3245 1254 3299 manerent

236 3353 333 3395 onera
349 3334 382 3394 in
397 3352 471 3396 casu
489 3354 551 3414 quo
568 3341 673 3400 tractu
687 3339 849 3418 temporis,
865 3342 979 3399 eventu
994 3354 1111 3409 rerum,
1128 3336 1252 3415 absque
1315 3372 1316 3410 t

237 3432 330 3512 eulpa
349 3431 653 3512 administratorum,
670 3437 853 3498 notabiliter
871 3436 1089 3496 minuerentur
1107 3433 1252 3494 redditus
1315 3431 1316 3456 ¹

234 3549 293 3609 pro
311 3531 494 3592 corumdem
514 3551 646 3596 onerum
663 3533 846 3614 impletione
862 3532 1022 3613 assignati,
1040 3532 1120 3592 adeo
1136 3535 1172 3590 ut
1190 3531 1252 3593 sint

233 3627 416 3704 ¹nullatenus
428 3629 656 3699 sufficientes...
674 3631 707 3693 Si
718 3633 834 3694 fundus
844 3633 972 3713 perierit
982 3632 1101 3710 absque
1113 3627 1251 3708 cujusvis

234 3713 499 3802 'culpa'lundntio
513 3731 651 3791 extincta
665 3736 893 3812 peremptaque
912 3732 997 3796 soret
1021 3749 1029 3794 ι
1051 3747 1128 3806 ergo
1143 3747 1164 3789 a
1183 3727 1252 3808 pari
