2642 4268
218 300 269 353 ers
483 303 560 354 rans
579 303 625 354 ur.
647 305 703 354 aas
723 291 967 356 rceaasrtsrrca.

216 423 317 500 ficiat3
337 425 435 486 modo
458 427 565 485 tamen
578 423 743 486 facultates
764 443 803 486 ex
816 424 941 486 indulto
962 423 1139 505 apostolico
1155 443 1223 486 cou-

217 521 1226 604 eessaeproteudanturademniapialegata,piasvedispositiones

143 647 145 651 ’
215 622 408 697 interrivos,
425 622 550 702 quibus,
568 621 706 702 exempli
721 639 827 697 causa,
844 623 1061 702 eleemosynas
1081 623 1225 703 pauperi·
1295 655 1296 716 t

215 720 276 783 bus
295 721 452 797 distribui,
477 724 532 781 aut
549 719 659 801 inopes
678 721 815 799 virgines
832 721 947 796 dotari,
964 721 1185 801 praecipicium
1206 722 1228 782 si
1295 719 1296 774 l

217 819 301 881 enim
312 819 376 881 illae
388 819 555 880 facultates
568 818 933 881 cohibeanturadonera
947 819 1129 894 Missarum,
1148 837 1227 881 cnon

217 941 233 974 «
256 918 362 992 debet,
387 917 434 978 uti
457 917 680 979 animadvertit
697 917 885 978 Benedictus
908 917 986 993 XlV,
1006 917 1183 998 Episcopus
1200 937 1227 978 se
1295 925 1296 980 l

219 1040 234 1072 1
256 1015 438 1092 extendere,
459 1017 508 1077 vel
530 1016 571 1077 ad
592 1015 709 1077 dotalia
719 1014 870 1090 subsidia,
887 1015 936 1077 vel
949 1016 990 1077 ad
1003 1015 1225 1095 eleemosynas,

218 1140 235 1172 a
256 1115 307 1176 vel
317 1115 357 1176 ad
371 1114 550 1195 quamlibet
562 1113 656 1175 aliam
671 1113 918 1195 dispositionem,
931 1133 970 1176 ex
983 1133 1021 1176 aa
1032 1114 1115 1194 juris
1125 1115 1227 1193 regula
1295 1143 1296 1200 1

218 1237 234 1270 u
257 1233 327 1294 quae
350 1213 443 1276 docet
467 1212 652 1275 facultatem
675 1213 716 1274 ad
739 1218 841 1275 certas
868 1231 919 1274 res
938 1213 1057 1288 datam,
1087 1213 1133 1274 ad
1157 1212 1226 1274 alias
1295 1201 1296 1290 1

217 1336 232 1369 a
256 1311 372 1374 diversi
394 1311 519 1392 generis
545 1311 679 1392 produci
697 1331 760 1372 nou
782 1315 939 1392 oportere.
963 1312 1042 1392 »1Νο
1064 1309 1226 1391 2213081

216 1411 359 1474 reductio
380 1411 573 1473 concedatur
595 1411 628 1471 iu
649 1409 761 1486 Missis,
785 1411 936 1472 reducere
950 1415 1076 1490 oportet
1090 1410 1187 1471 ritum
1200 1415 1226 1470 et
1295 1441 1296 1464 .

195 1510 462 1585 solemnitatem,
487 1528 552 1571 nou
573 1527 651 1572 vero
679 1527 847 1572 numerum
869 1509 1050 1587 Missarum,
1077 1513 1225 1592 quantum

215 1609 284 1672 fieri
302 1608 430 1690 poterit.
1295 1661 1296 1672 ,

273 1705 365 1770 Noto.
379 1742 419 1753 —
428 1707 545 1769 Sancta
554 1708 651 1770 Sedes
664 1727 727 1770 non
739 1707 900 1770 consuevit
913 1705 1151 1769 communicare
1162 1703 1225 1786 lipi-
1295 1745 1296 1782 3

216 1807 319 1888 scopis
329 1806 514 1870 facultatem
529 1807 730 1869 condonandi
741 1805 1010 1888 oneraprceterita
1018 1823 1091 1886 quae
1100 1805 1224 1886 impleta
1295 1797 1296 1848 f

125 1938 128 1946 ·
215 1925 280 1968 uon
298 1906 427 1982 fuerint,
442 1925 502 1968 nee
522 1911 751 1987 cousequenter
764 1906 797 1966 id
817 1905 850 1966 iu
869 1904 994 1966 Indulto
1009 1904 1223 1966 reductionum

216 2008 373 2080 censetur,
388 2004 448 2065 nisi
462 2005 618 2087 expressis
628 2005 735 2067 verbis
745 2004 932 2066 declaretur.
945 2005 977 2067 S.
993 2003 1146 2064 Pontifex
1159 2021 1221 2064 cou-
1295 2075 1296 2078 Ἴ

216 2102 421 2165 donatiouem
447 2104 592 2166 concedit
613 2122 670 2184 per
697 2104 836 2184 seipsum
864 2102 1062 2178 immediate,
1092 2107 1146 2163 aut
1167 2119 1219 2182 per

215 2200 489 2264 Poenitentiariam
503 2203 689 2278 Romanam,
707 2221 761 2263 seu
783 2220 840 2282 per
855 2199 1141 2282 Gangregationem
1155 2202 1222 2262 don-

215 2299 289 2376 eilii,
300 2302 354 2362 sed
363 2301 556 2382 frequentius
564 2319 621 2381 per
629 2299 913 2382 Congregationem
922 2298 1095 2380 specialem
1103 2298 1222 2361 fabricae

171 2464 175 2472 ,
215 2399 247 2462 S.
265 2399 360 2475 Petri,
377 2406 408 2462 et
423 2403 499 2461 tunc
521 2399 677 2481 providet,
694 2404 790 2480 prout
805 2398 839 2460 iu
858 2398 991 2460 Domino
1009 2397 1114 2476 inagis
1137 2417 1222 2480 expe·
1295 2447 1296 2452 ,

215 2499 281 2560 dire
290 2499 489 2579 judicaverit,
508 2517 547 2560 ex
561 2498 717 2579 spirituali
726 2499 876 2560 thesauro
891 2496 1037 2584 Ecclesia
1050 2497 1224 2578 supplendo

215 2598 369 2678 quidquid
389 2597 421 2659 in
440 2598 588 2660 oneribus
605 2597 774 2678 implendis
792 2601 959 2678 peceatum
975 2603 1023 2660 est
1041 2617 1050 2660 ε
1066 2599 1100 2660 iu
1116 2598 1224 2660 suffra·

215 2695 302 2774 glum
315 2703 422 2758 autem
441 2703 473 2759 et
491 2698 705 2778 expiationem
725 2697 905 2758 animarum
919 2716 977 2778 pro
999 2697 1115 2778 quibus
1129 2697 1224 2758 Missa
1295 2725 1296 2782 3

215 2795 404 2857 sacrificium
424 2797 530 2859 offerri
552 2798 706 2859 debuerat
693 2801 912 2876 teongruum
932 2797 1100 2859 Missarum
1119 2815 1225 2858 nume·
1295 2865 1296 2880 ,

214 2912 284 2955 rum
303 2891 458 2956 celebrari
475 2895 615 2974 quotidie
635 2895 767 2956 mandat
790 2896 832 2956 ab
858 2895 1016 2980 aliquibus
1043 2895 1296 2984 capellanis,
1295 2887 1296 2952 1

108 3014 112 3018 ·
214 2992 288 3053 huie
303 3011 428 3054 muneri
419 2992 559 3054 ''addict
537 2997 588 3072 trs,
604 2994 637 3055 iu
657 2993 811 3056 Vaticana
829 2993 974 3070 Basilica,
997 2991 1225 3074 cujusfabricae
1295 2969 1296 3064 1

214 3090 404 3172 persolvitur
415 3092 540 3153 modica
555 3091 752 3173 compositio,
768 3092 851 3202 ab'
825 3110 870 3154 ers
881 3092 1034 3156 solvenda
1044 3110 1099 3173 qur
1089 3089 1226 3154 condo·

214 3190 377 3254 nationem
390 3195 576 3272 exposcunt.

551 3362 612 3441 §la
631 3359 676 3438 De
689 3359 887 3442 Berteficiis¹.

273 3533 317 3592 De
336 3530 497 3594 beneficiis
515 3530 740 3612 inquirendum
765 3509 952 3596 habemus:
983 3534 1015 3594 lr
1040 3533 1117 3615 quid
1146 3534 1222 3610 sint;

215 3629 1223 3709 2⁰quidservauduminillorumerectione‚unioneetdivisione3

262 3797 285 3844 l.
299 3792 349 3844 'lit
364 3807 396 3844 nr
411 3794 566 3858 Panamara,
578 3799 606 3858 t,
619 3796 666 3848 lib.
683 3765 718 3847 lll
733 3795 922 3848 Decretalium.
