2604 4274
214 255 265 310 374
481 261 557 309 PARS
577 259 624 309 111.
646 261 702 310 RES
722 260 963 310 uceneallsrlcn.

215 403 230 434 «
253 377 441 457 provinciali
454 377 586 438 concilio
597 378 730 452 edimus,
747 395 826 457 quas
841 377 874 437 in
887 376 975 437 omni
986 374 1171 455 parochiali
1193 379 1253 434 to-

215 500 230 532 «
253 477 315 537 tius
330 480 445 536 nostra
459 474 630 554 provinciae
645 475 795 552 Ecclesia,
813 475 906 536 certis
920 475 1032 534 diebus
1047 473 1144 550 lestis,
1170 491 1252 551 quo

216 597 231 629 u
253 592 311 654 pro
322 592 386 635 sua
397 571 540 634 dioecesis
549 574 672 634 ratione
680 574 853 652 Episcopus
863 572 1075 654 praestituerit,
1087 571 1124 632 de
1135 588 1252 631 more

215 696 231 728 c
253 670 450 752 promulgari
465 671 678 746 decernimns;
692 689 754 750 quo
768 671 950 753 diligentius
965 669 1116 730 admoniti
1130 685 1251 748 paro-

216 794 231 826 «
254 769 384 840 chieles,
406 787 478 828 eum
497 769 592 829 officii
611 769 751 848 religiosi
769 775 876 849 partes
893 768 986 829 facile
1003 765 1247 837 intellexerint,

216 892 232 922 «
255 885 333 946 quas
346 885 410 927 sure
420 866 536 945 quique
549 865 687 928 eeclesia
700 866 862 946 paroeciali
872 866 998 940 dehent,
1010 865 1139 926 incitata
1151 879 1250 942 qua-

219 986 234 1019 «
256 961 329 1024 darn
345 963 516 1024 voluntatis
530 964 740 1042 propensione
755 969 979 1043 exsequantur.
996 986 1012 1017 »

273 1062 406 1121 Decreta
426 1061 609 1121 Tridentino
624 1080 695 1140 ques
715 1061 791 1123 citat
808 1061 978 1122 concilium
994 1058 1245 1122 Mediolanense

214 1158 416 1237 reperiuntur
438 1159 471 1218 in
490 1157 628 1219 sessione
650 1167 751 1233 xant,
777 1161 898 1220 Decret.
925 1157 961 1218 de
986 1155 1189 1218 observandis
1212 1163 1246 1214 et

214 1254 380 1317 Eot‘tandz‘e
389 1256 421 1314 in
432 1255 630 1317 celebratione
640 1256 749 1334 Missa,
763 1257 795 1316 in
808 1276 872 1336 qno
884 1257 1039 1334 legimus:
1054 1279 1070 1312 c
1081 1256 1244 1317 Moneant

220 1373 235 1411 u
256 1353 426 1434 (Episcopi)
451 1354 604 1432 populum
626 1361 663 1414 ut
686 1355 867 1439 frequenter
889 1355 930 1414 ad
954 1371 1026 1414 sues
1050 1350 1240 1431 parochias,

217 1474 233 1506 r
256 1452 368 1511 saltem
381 1450 491 1511 diebus
505 1451 671 1512 dominicis
686 1458 718 1513 et
731 1451 907 1530 majoribus
919 1452 1017 1525 festis,
1032 1449 1197 1512 accedant.
1222 1471 1240 1503 r

215 1550 254 1624 Et
272 1549 305 1607 in
324 1549 462 1609 sessione
480 1567 567 1622 xxrr,
586 1567 655 1629 cap.
673 1567 713 1625 rr,
733 1549 769 1611 de
783 1549 919 1628 Reform,
937 1567 944 1610 :
966 1573 982 1605 «
1000 1533 1128 1610 lto'ueat
1143 1545 1241 1625 Epis-

218 1671 234 1704 «
257 1665 354 1725 copus
368 1647 526 1726 populum
541 1648 719 1725 diligenter,
740 1648 840 1708 tenori
854 1664 1117 1731 unumquemque
1134 1662 1239 1723 paro-

218 1768 234 1800 «
257 1743 337 1805 chiae
360 1763 423 1806 suae
448 1744 611 1818 interesse,
637 1745 693 1806 uhi
713 1745 745 1806 id
770 1746 935 1806 commode
958 1745 1027 1804 fieri
1050 1747 1166 1823 potest,
1191 1742 1236 1801 ad

218 1866 234 1899 (ι
257 1842 450 1903 audiendum
461 1843 592 1903 verbum
600 1842 667 1904 Dei.
680 1866 696 1900 »
708 1843 895 1904 Benedictus
906 1844 974 1904 XIV
986 1837 1237 1904 existimetobli-

217 1941 377 2018 gationem
389 1939 589 2000 auscultandi
602 1939 778 2019 parochum
788 1940 884 2001 verba
893 1940 1062 2000 facientem
1075 1937 1117 1999 ad
1128 1953 1231 2016 popu-

217 2037 293 2111 lum,
318 2037 344 2097 si
363 2037 396 2096 in
418 2037 602 2098 Tridentino
621 2039 746 2099 decreto
762 2038 971 2109 contineatur,
988 2036 1130 2097 ablatam
1145 2051 1232 2093 nunc

217 2153 283 2196 esse
297 2153 355 2214 per
367 2135 559 2196 contrariam
572 2135 846 2197 cousuetudinem
860 2134 916 2214 (ne
928 2132 1064 2215 Synodo,
1079 2133 1150 2194 loeo
1164 2131 1231 2203 eit,

218 2241 252 2291 n⁰
275 2233 338 2312 13.)
361 2235 515 2293 Remanet
536 2231 742 2294 nihilominus
761 2240 871 2293 votum
890 2232 1017 2293 concilii
1038 2251 1045 2292 ε
1068 2232 1234 2291 remanent

218 2330 381 2410 synodalia
394 2331 516 2391 monita
528 2331 569 2391 ad
582 2336 720 2392 mentem
733 2331 933 2392 decretorum
948 2328 1209 2390 Tridentiuorum
1222 2343 1229 2384 z

218 2432 411 2508 quapropter
439 2428 586 2488 omnibns
612 2428 844 2501 sacerdotibus„
862 2445 916 2488 seu
938 2427 1156 2498 sacularibus,
1179 2441 1231 2483 seu

218 2525 430 2603 regularibus,
459 2526 636 2587 curandum
664 2525 804 2587 consiliis
835 2530 866 2586 et
894 2524 1173 2586 adhortationibus
1200 2525 1233 2579 ut

218 2623 327 2683 fideles
349 2624 550 2702 frequentent
571 2623 736 2684 eeclesiam
758 2622 987 2704 parochialem,
1008 2623 1133 2702 piisque
1148 2619 1233 2680 illius

206 2720 366 2781 'institutis
378 2726 501 2799 partem
514 2720 666 2795 habeant,
683 2720 744 2782 hoc
759 2721 843 2782 enim
855 2721 1031 2782 marimum
1046 2720 1233 2782 incitamen-

218 2823 286 2878 tum
300 2817 392 2879 affert
404 2818 566 2879 communi
577 2818 790 2880 aedificationi.

278 2916 347 2974 5⁶21.
363 2947 404 2962 --
416 2917 454 2976 ll.
472 2916 581 2987 Quoad
596 2915 842 2995 prohihitionem
858 2916 1070 2996 quorumdam
1087 2933 1230 2996 operum,
1298 2927 1299 2962 ὲ

218 3013 356 3074 maxime
380 3011 552 3090 servilium,
574 3014 736 3075 attendere
760 3013 853 3074 simul
873 3019 996 3093 oportet
1019 3015 1061 3074 ad
1085 3018 1231 3075 naturam

219 3130 361 3191 operum,
377 3116 408 3172 et
420 3111 623 3190 adprobatus
634 3111 777 3172 locorum
790 3112 1051 3187 consuetudinem
1067 3131 1134 3174 non
1145 3130 1231 3186 vero,

219 3210 330 3272 saltem
349 3210 539 3290 regulariter
557 3209 730 3288 loquendo,
751 3209 792 3271 ad
810 3210 1018 3270 intentionem
1037 3210 1171 3288 agentis,
1193 3229 1232 3270 an

218 3309 298 3370 lucri
321 3327 426 3386 cause,
449 3325 490 3368 an
514 3307 728 3385 recreationis,
752 3325 808 3368 seu
827 3308 923 3369 etiem
944 3308 1133 3382 devotionis,
1156 3326 1231 3387 ope·

219 3412 314 3470 retur.

279 3507 312 3564 1⁰
327 3505 417 3566 Ratio
433 3504 632 3586 potissimum
642 3503 792 3565 habenda
805 3509 852 3565 est
862 3510 983 3566 naturae
996 3522 1143 3583 operum.
1158 3505 1234 3565 Tres

219 3602 338 3680 speeies
357 3622 490 3684 operum
509 3603 755 3682 distinguuntur,
773 3620 887 3683 nempe
907 3621 914 3663 ι
932 3602 1099 3680 seruilium,
1121 3601 1232 3663 h'bera·

221 3698 292 3759 hem
308 3705 339 3760 et
353 3701 564 3764 communem.
575 3702 672 3764 turta
684 3719 885 3764 communem
898 3702 1065 3765 doctorum
1077 3701 1232 3780 interpre-
