2588 4276
204 277 266 357 1268
551 285 624 332 PARS
643 284 677 332 11.
699 282 891 331 arausinas.

212 401 297 462 facta
308 400 392 461 intra
402 401 481 461 duos
495 417 617 462 meuses
628 405 701 461 ante
714 397 944 480 professionem
959 395 1049 457 irrita
1064 402 1235 458 censeatur

211 497 406 578 professione
422 516 485 560 uon
495 503 613 574 secuta,
630 499 737 558 locum
751 515 816 558 non
831 495 930 556 habet
944 494 977 554 in
991 494 1160 556 nonnullis
1175 496 1236 555 lns-

212 595 324 665 titutis‚
339 596 394 656 ubi
408 595 530 656 aliaest
546 595 713 676 disciplina
727 613 747 656 a
759 595 791 656 S.
810 593 891 656 Sede
902 593 1092 673 approbata.
1109 593 1236 671 Regula

125 700 127 702 ’
211 692 327 753 horum
336 692 555 754 Institutorum
564 692 814 771 estingressuros
825 690 1106 770 congregationem
1115 691 1234 752 debere

211 790 318 850 omnia
339 790 424 851 bona
439 790 627 870 temporalia
644 808 716 869 quae
736 787 907 850 habuerint
925 787 1115 849 distribuere
1142 794 1234 849 ante-

211 905 308 966 quam
326 893 401 948 vota
420 888 573 948 selemuia
591 887 752 960 emittant,
768 885 818 948 vel
839 891 1010 966 autequam
1027 885 1137 947 vivere
1155 884 1233 946 iuci-

211 985 301 1065 piant
321 985 354 1044 in
377 985 472 1048 domo
491 984 600 1064 aliqua
617 986 674 1046 sub
690 984 885 1058 obedientis3
903 983 1023 1044 debent
1037 983 1154 1062 utique
1178 1002 1235 1044 sua

211 1082 391 1163 bouajurta
401 1083 563 1163 propriam
571 1083 771 1145 devotionem
780 1082 1044 1160 dispensare,ase
1054 1081 1237 1142 removendo

212 1199 324 1241 omnem
341 1180 483 1261 fiduciam
505 1180 607 1242 eodem
629 1180 691 1242 ello
717 1191 846 1262 tempore
866 1177 1077 1260 recuperandi.
1108 1179 1235 1258 Regula
1292 1208 1293 1211 ¹

211 1278 390 1357 applicatur
409 1278 633 1352 donationibus
654 1280 800 1340 Instituto
813 1278 913 1350 factis,
931 1296 996 1338 non
1014 1295 1106 1339 secus
1122 1296 1165 1338 ac
1180 1297 1234 1338 ex·
1292 1273 1293 1310 ;

212 1375 328 1436 traneis
352 1393 360 1436 ι
384 1374 591 1454 quamobrem
612 1377 677 1437 sive
699 1375 837 1436 novitius
859 1379 972 1456 sponte
996 1374 1140 1450 recedat,
1171 1375 1234 1436 sive

211 1471 388 1533 dimittatur
408 1491 425 1534 e
445 1474 606 1548 societate,
629 1474 711 1534 nihil
726 1474 756 1534 ei
775 1473 896 1552 dejure
912 1471 1153 1534 restituendum
1175 1479 1232 1534 est.

191 1633 193 1636 .
210 1569 401 1631 Donationes
415 1571 506 1632 factae
517 1571 625 1646 libere,
638 1577 781 1653 tempore
792 1570 967 1632 canonibus
981 1570 1127 1651 praefixo,
1135 1570 1234 1650 juxta
1292 1585 1293 1644 ἲ

210 1666 337 1744 regulas
351 1669 554 1747 approbatae,
574 1675 648 1730 sunt
661 1689 697 1730 ex
714 1670 801 1730 omni
816 1673 906 1749 parte
922 1668 1153 1731 irrevocabiles
1161 1668 1233 1748 jure

210 1764 358 1827 naturali.
374 1766 656 1845 Schmalzgrueber
668 1785 708 1828 ea
722 1769 761 1827 de
776 1785 810 1827 re
825 1767 988 1845 sapienter
1002 1766 1233 1828 animadvertit
1292 1847 1293 1852 ἵ

211 1862 297 1941 quod
314 1862 339 1922 si
355 1864 503 1942 expediat
523 1864 687 1925 consulere
708 1864 848 1925 libertati
867 1864 1071 1942 novitiorum,
1087 1864 1146 1943 qui
1171 1882 1233 1924 non

210 1963 325 2038 putant
339 1979 371 2021 se
393 1962 435 2022 ad
452 1961 639 2038 religionem
656 1967 797 2036 vocatos
815 1962 964 2042 expediat
984 1961 1078 2023 simul
1090 1962 1169 2024 illos
1182 1966 1232 2023 tu·

211 2057 272 2118 tari
287 2063 398 2118 contra
418 2059 628 2120 mobilitatem
647 2066 742 2138 atque
766 2059 864 2121 animi
877 2059 1139 2137 inconstantiam,
1156 2059 1234 2140 ipsis

211 2156 407 2217 occasionem
428 2157 532 2218 dando
550 2177 569 2218 α
587 2159 749 2237 proposito
770 2159 938 2220 recedendi
960 2158 1059 2220 nimia
1076 2159 1233 2220 facilitate

212 2259 243 2314 et
257 2272 312 2332 spe
326 2254 467 2314 humana
482 2273 539 2316 sua
553 2256 638 2316 bona
651 2257 859 2335 recuperandi
876 2258 898 2316 ¹.

240 2357 242 2361 ’
269 2352 339 2412 465.
362 2386 403 2396 -
425 2354 478 2414 111ο
501 2352 609 2414 Utrum
634 2364 662 2414 et
679 2363 826 2435 quotenos
844 2354 965 2416 novitia
986 2352 1115 2416 debeant
1133 2353 1232 2416 dotem

210 2450 368 2509 conventui
381 2448 454 2510 dore
469 2459 539 2512 uate
551 2450 786 2532 professionem?

272 2546 303 2604 1ο
324 2547 402 2607 [lum
421 2547 573 2627 pleraque
595 2549 783 2609 monialium
806 2549 998 2611 monasteria
1020 2549 1088 2612 sine
1104 2551 1232 2612 dotium

210 2642 349 2704 subsidio
368 2644 537 2706 substineri
553 2663 618 2708 non
639 2647 770 2726 possint,
788 2665 826 2708 ea
843 2648 1021 2727 praesertim
1041 2665 1113 2728 quae
1129 2648 1233 2710 vitam

210 2741 489 2819 contemplativam
508 2750 618 2822 agunt,
639 2749 670 2804 et
694 2745 836 2805 accidere
855 2746 954 2826 possit
968 2751 1014 2820 ut,
1031 2751 1168 2826 propter
1181 2747 1231 2807 iu-

210 2843 358 2915 gruentes
370 2841 569 2902 necessitates
579 2847 611 2902 et
625 2860 714 2903 casus
729 2843 919 2922 inopinatos,
935 2844 976 2904 ad
990 2843 1135 2924 inopiam
1147 2843 1234 2904 redi-

211 2939 335 3013 gantur,
352 2937 513 3014 provisum
527 2943 574 3000 est
586 2945 621 3000 ut
633 2940 722 3002 dotes
737 2960 755 3002 a
773 2940 898 3003 novitiis
918 2941 1141 3022 persolvantur
1155 2946 1232 3002 ante

210 3033 453 3112 professionem.
756 3055 759 3060 ·

269 3131 478 3204 sonantius
493 3133 574 3194 dotis
589 3153 646 3212 pro
660 3135 851 3198 monialibus
865 3137 1015 3217 pendete
1034 3132 1161 3198 ratione
1176 3154 1232 3197 ex·

210 3245 380 3306 pensarum
391 3247 527 3310 quaepro
538 3223 708 3308 cujuslibet
717 3233 1230 3307 sustentationenecessarieasunt,

210 3328 242 3384 et
262 3342 408 3404 expensae
428 3328 680 3390 determinantur
703 3330 798 3409 juxta
825 3331 967 3396 locorum
992 3335 1024 3393 et
1045 3337 1230 3412 temporum

210 3421 471 3484 circumstantias.
487 3427 741 3506 Unumquodque
750 3430 931 3491 Institutum
944 3447 983 3492 ea
997 3429 1037 3490 de
1052 3447 1087 3490 re
1101 3428 1231 3508 regulas

209 3517 317 3595 habet,
334 3539 389 3582 seu
403 3522 552 3601 probatas
566 3525 818 3600 consuetudines,
835 3544 908 3608 quae
922 3527 1087 3590 servandae
1103 3532 1188 3590 sunt.

257 3733 280 3782 l.
295 3732 541 3800 Schmalzgrueher,
557 3751 589 3790 os
599 3739 786 3804 Recummsos,
803 3741 959 3806 §6,n0138.
