2588 4276
222 254 274 311 ¹84
589 264 662 313 PARS
683 264 718 314 11.
739 263 866 314 atanici.

280 377 376 440 *tas
399 411 438 426 -
458 380 515 442 ΝΟ
537 379 647 444 Utrum
665 399 780 442 neccsse
800 381 840 442 ait
858 378 1086 443 deliberationes
1109 379 1236 462 caputet·

218 475 400 558 confimari
412 476 450 539 cb
462 475 626 559 Episcopo,
643 478 753 559 etquis
769 478 810 538 sit
824 477 945 558 allectas
963 477 1054 558 tejas
1070 477 1234 560 confirmo·

222 573 333 636 cesai

279 673 303 734 Ι.
319 663 567 735 Deliberationcs
582 671 713 752 capituli
730 672 875 754 indigent
888 673 1101 753 probabiliter
1117 675 1229 735 confir·

220 769 360 832 mationa
377 769 451 830 data
471 769 511 831 ab
530 769 697 850 Episcopo,
719 775 756 832 ut
774 770 929 835 stabiliter
947 771 1077 834 valeant
1100 771 1137 832 in
1157 773 1234 834 lutu-

221 885 304 938 rum,
325 866 451 945 vimque
472 866 550 946 legis
572 866 748 930 obtineant.
771 868 943 931 Deducitur
963 886 1003 930 ex
1027 869 1122 930 dictis
1146 887 1236 948 supra

221 962 269 1044 (11⁰
284 965 365 1043 395).
837 959 840 965 ’
906 989 907 992 “

280 1063 472 1147 Necesseest
484 1067 641 1142 praterea
654 1068 689 1126 ut
704 1063 947 1128 deliberationes
962 1064 1000 1126 de
1015 1063 1158 1143 publicis
1168 1064 1234 1125 olli·

221 1159 287 1236 ciis‚
304 1165 360 1221 ant
373 1160 412 1221 de
425 1159 578 1239 regimine
593 1161 724 1239 capituli
740 1162 773 1222 in
787 1179 822 1222 re
836 1160 966 1241 majoris
980 1161 1152 1239 momenti,
1169 1161 1235 1222 sub-

217 1255 370 1337 jiciantur
384 1256 522 1319 examini
534 1257 681 1337 Episcopi
695 1264 729 1320 et
742 1258 782 1322 ab
798 1277 835 1321 co
849 1259 1070 1339 approbentur
1082 1278 1089 1334 ;
1107 1258 1235 1336 vigilare

222 1353 308 1416 enim
322 1354 417 1416 debet
427 1354 564 1416 Antiates
578 1372 619 1416 ne
635 1355 713 1434 quid
723 1356 892 1418 innovetur
903 1362 1014 1420 contra
1024 1356 1233 1436 disciplinam.

282 1451 405 1514 Minora
423 1451 552 1530 negotia
565 1453 728 1531 regiminis
748 1454 880 1533 capituli
895 1459 1028 1533 pessunt
1042 1473 1062 1514 a
1077 1453 1234 1516 canonicis

223 1549 410 1629 pertractari
432 1549 465 1610 in
489 1568 545 1612 suo
572 1557 740 1625 conventu,
769 1551 845 1630 quin
859 1557 973 1630 urgeat
990 1552 1166 1614 necessitas
1190 1550 1235 1612 ad·

170 1657 172 1660 ’
219 1645 1091 1726 eundib'pisoopum,causaobtiuendicoutirmationcm.
1105 1650 1235 1710 Itacom·

221 1742 370 1821 muniter,
388 1749 465 1806 teste
479 1746 604 1807 Suarez.
619 1729 675 1827 (Da
685 1745 827 1828 Lepidus,
841 1747 898 1810 lib.
911 1749 962 1824 lv,
977 1765 1047 1827 cap.
1067 1764 1114 1822 vl,
1130 1759 1165 1806 n⁰
1180 1744 1235 1824 lt.)

283 1843 464 1904 aar-11.
483 1842 603 1904 Diversi
621 1849 696 1906 sunt
714 1844 847 1906 effectus·
865 1843 1130 1916 confirmationis,
1149 1848 1236 1923 prout

223 1940 299 2002 data
312 1939 371 2001 fuit
385 1941 586 2004 solummodo
596 1941 630 2002 in
643 1941 952 2006 commendationem
969 1947 1177 2016 statutorum,
1192 1939 1234 2001 rel

119 2173 121 2177 ,
224 2118 444 2182 variasregiones
454 2119 580 2183 disjectis,
596 2120 727 2172 vicarium
739 2119 913 2184 capitularem
928 2120 1068 2184 elegerunt
1084 2120 1129 2172 die
1141 2122 1171 2170 m
1179 2118 1235 2168 maii

224 2207 269 2244 an.
285 2195 354 2255 1799,
368 2195 414 2258 qui
427 2194 562 2246 dioecesim
577 2197 639 2247 sede
650 2198 761 2247 vacante
775 2199 886 2260 regeret.
903 2197 953 2246 Pro
971 2210 1020 2254 sua
1036 2199 1113 2258 parte
1129 2197 1234 2258 Gangre

223 2270 295 2334 gotio
305 2269 471 2334 particularis
486 2269 666 2322 Cardinalium
679 2285 694 2322 a
709 2272 754 2323 Pio
766 2272 800 2322 Vl
812 2272 959 2322 constituta
973 2285 1054 2334 super
1071 2270 1189 2336 negotiis
1197 2282 1234 2320 ec·

224 2344 376 2398 clesiasticis
389 2346 543 2408 Galliarum,
557 2351 587 2398 ut
601 2349 719 2412 primum
733 2347 855 2400 audierat
878 2346 910 2396 dc
925 2349 1010 2406 morte
1028 2345 1231 2411 Archiepiscopi

225 2423 483 2486 matureprospexit
496 2436 532 2472 ne
546 2437 611 2488 grex
626 2426 734 2488 pastore
748 2425 849 2473 careret
866 2425 921 2472 tam
939 2422 1090 2474 necessario
1110 2426 1233 2486 tempore,

226 2498 253 2546 et
271 2497 408 2560 deputavit
429 2498 497 2548 J.-B.
513 2493 639 2556 Verdolin
659 2498 687 2549 in
705 2497 948 2548 administratorem
968 2497 1156 2562 apostolicum.
1175 2496 1235 2546 Hinc

163 2630 165 2633 ¹
226 2574 285 2622 orta
303 2575 344 2622 est
363 2575 498 2624 eontentio
521 2573 592 2624 inter
611 2573 741 2624 vicarium
758 2572 932 2637 capitularem
948 2576 976 2623 et
994 2573 1232 2624 administratorem

226 2647 412 2710 apostolieum.
440 2649 595 2700 cardinales
612 2649 717 2712 Albani,
736 2648 834 2710 Gerdil,
850 2647 984 2698 antonelli
1001 2652 1028 2698 st
1048 2650 1153 2714 Maury,
1174 2658 1234 2711 quos
1280 2669 1281 2718 p

226 2723 289 2774 Pius
301 2722 333 2772 Vl
344 2723 499 2786 prefecerat
510 2726 552 2775 his
567 2725 691 2790 negotiis,
710 2724 953 2789 pronuntiaverunt
965 2737 994 2772 se
1002 2724 1031 2773 in
1041 2725 1124 2787 priori
1138 2727 1234 2774 senten·
1280 2719 1281 2774 l

229 2798 266 2848 tia
278 2797 311 2848 de
321 2797 474 2862 deputando
487 2800 703 2850 administratore
715 2811 880 2862 permanere,
893 2811 924 2847 ac
938 2797 1046 2848 tandem
1059 2813 1149 2850 causae
1159 2797 1232 2848 finem

225 2873 353 2937 imposuit
365 2873 427 2924 Pius
438 2875 483 2925 v11
498 2875 567 2926 datis
581 2876 676 2927 litteris
687 2873 807 2924 Ecclesia
818 2871 998 2936 tapsensem
1010 2874 1052 2924 die
1063 2877 1077 2924 2
1087 2879 1155 2939 sept
1170 2874 1232 2932 itti,

226 2949 256 2999 in
270 2949 368 3012 quibus
380 2950 451 3013 quod
467 2951 602 3001 decretum
618 2949 860 3014 aGongregations
882 2949 969 3000 lucrat
987 2948 1164 3011 confirmavit,
1180 2949 1231 2998 bec
1280 2921 1281 3004 l

226 3024 417 3090 subjungendo
431 3041 438 3076 :
453 3028 567 3091 «Neque
583 3026 666 3077 ullam
685 3039 750 3077 sane
767 3025 921 3077 habendam
933 3025 1065 3075 rationem
1077 3025 1232 3076 censuerunt
1280 3005 1281 3074 l

228 3121 240 3148 s
255 3101 423 3166 (cardinales)
435 3103 492 3166 ejus
505 3103 578 3167 quod
590 3108 680 3154 actum
692 3103 804 3154 utribus
816 3100 952 3154 canonicis
964 3100 1042 3150 istius
1057 3100 1180 3150 Ecclesia
1194 3111 1231 3148 cs·
1280 3127 1281 3184 l

227 3197 239 3223 a
256 3177 383 3228 thedralis
393 3183 473 3240 esset,
489 3180 536 3242 qni
546 3180 629 3230 totius
644 3179 752 3242 capituli
765 3180 925 3243 potestatem
937 3175 970 3226 ad
983 3188 1011 3225 se
1025 3177 1163 3227 reductam
1172 3173 1230 3224 ialso
1280 3185 1281 3224 l

227 3254 405 3317 «opinantes,
423 3254 553 3304 vicarium
572 3254 746 3319 capitularem
768 3256 862 3304 contra
881 3252 921 3301 las
940 3251 1097 3315 delegerunt
1112 3251 1230 3302 dilectum
1280 3249 1281 3286 ἑ

228 3347 241 3374 α
253 3327 339 3379 fllium
352 3329 518 3380 bernardum
532 3331 566 3381 de
576 3331 689 3398 Rully.e
704 3329 869 3394 conjicimus
882 3327 959 3378 Pium
968 3327 1014 3376 Vll
1024 3340 1079 3376 non
1092 3325 1229 3378 intendisse
1280 3327 1281 3364 ἓ

161 3426 171 3441 ι
228 3404 381 3470 improbare
393 3406 552 3456 sententiam
567 3405 815 3458 communissimam
832 3402 1031 3456 canonistarum
1051 3401 1084 3451 de
1095 3402 1156 3467 jure
1167 3397 1230 3465 capi·
1280 3415 1281 3422 ¹

226 3480 354 3530 tulerium
370 3481 426 3544 qui,
437 3481 540 3532 ceteris
549 3484 705 3545 tempestate
721 3480 849 3546 depulsis,
862 3479 1006 3541 supersunt
1019 3477 1047 3527 in
1063 3491 1113 3527 sua
1125 3477 1231 3528 Ecclesia
1280 3539 1281 3544 ἵ

227 3554 387 3616 residentcs;
399 3555 446 3606 sed
461 3556 499 3606 ita
508 3556 629 3606 locutum
643 3558 678 3609 cb
697 3557 837 3610 facultates
851 3551 980 3618 speciales
995 3565 1061 3616 quas
1082 3553 1144 3604 Pius
1155 3554 1185 3604 Vl
1194 3552 1230 3604 dc·
1280 3547 1281 3560 i

230 3628 406 3682 mandaverat
423 3644 505 3694 super
528 3633 643 3696 negotiis
661 3632 846 3686 ecclesiasticis
866 3628 963 3690 Gallie,
983 3627 1231 3694 congregationes
1280 3625 1281 3652 ³

230 3703 306 3756 lectae
318 3705 512 3758 cardinalium.
