2568 4272
177 303 245 348 ΔΒΤ.
267 301 295 346 V.
318 301 354 347 DE
375 299 627 348 obulunrlorrlous
646 301 759 349 STATUS
781 301 942 349 llllblGIOSl.
1016 295 1069 348 283

106 417 142 478 ln
162 415 465 493 congregationibus
481 416 537 476 ubi
559 415 699 493 religiosi
717 421 748 478 et
771 417 925 478 moniales
944 424 1070 478 servant

50 518 131 576 bona
146 533 216 586 sua,
233 533 270 574 ac
288 513 326 574 de
342 513 404 573 illis
422 514 592 592 disponere
604 515 711 574 valent
731 521 826 593 prout
840 515 899 574 sibi
914 521 1069 594 opportu-

50 633 122 672 num
141 611 365 690 judicaverint,
389 629 461 672 oum
483 611 612 672 lieentia
626 619 733 672 tamen
755 612 964 690 superiorum,
982 631 1072 692 supe·

49 712 144 771 riores
168 711 335 770 debentne
352 713 497 770 tenentur
513 709 695 787 permittere
721 710 855 771 subditis
878 714 912 770 ut
940 710 980 770 de
1001 710 1068 771 suis

52 807 137 868 bonis
150 826 264 885 reapse
275 806 445 885 disponant
457 811 553 885 prout
566 807 700 886 quisque
714 813 931 887 opportunum
944 806 1067 886 judica·

50 906 135 978 verit,
148 905 246 965 modo
257 904 325 965 haec
340 904 504 983 dispositio
520 905 600 965 sitin
611 924 644 966 se
655 905 864 966 conveniens:
882 925 940 967 sun
957 911 1067 966 auclo-

51 1004 138 1064 ritate
165 1003 306 1082 graviter
334 1003 540 1086 abuterentur
566 1003 619 1081 qui
648 1003 779 1063 obtentu
814 1003 1002 1063 obedientiae
1032 1021 1068 1064 ac

51 1099 177 1178 majoris
191 1101 267 1160 boni
282 1100 481 1179 assequendi,
499 1101 663 1176 exigerent
681 1105 716 1160 ul
732 1100 850 1160 subditi
863 1100 1068 1178 disponerent

51 1198 228 1276 ingratiam
244 1215 307 1259 suae
321 1198 576 1278 congregationis
593 1198 640 1277 (n⁰
651 1195 772 1279 will).

104 1297 176 1356 478.
194 1296 302 1356 -1110
316 1294 369 1355 Ad
380 1295 455 1376 quid
469 1295 579 1374 obliget
592 1305 692 1356 votum
708 1293 905 1357 obedientiae?

104 1395 176 1454 Duo
200 1398 274 1454 sunt
296 1411 367 1472 quae
388 1394 541 1471 distingui
565 1393 693 1465 debent,
717 1392 793 1454 licet
814 1394 1068 1456 convenientiam

55 1490 190 1551 habeant
204 1490 287 1551 inter
302 1507 352 1551 se:
368 1491 547 1552 obedientia
561 1491 714 1572 superiori
725 1491 899 1572 praestando
918 1498 949 1552 et
963 1493 1068 1573 repnln

55 1587 162 1648 ordinis
172 1588 330 1649 seruando.
347 1590 489 1651 «Votum
501 1589 701 1666 obedientiae,
720 1589 763 1649 ait
774 1592 900 1664 Suarez,
915 1609 978 1650 non
992 1591 1070 1652 obli-

58 1707 70 1742 ιι
83 1692 133 1762 gat
146 1686 188 1746 ad
201 1686 390 1746 servandam
403 1686 546 1763 regulam
560 1685 787 1766 (subintellige,
803 1688 866 1746 nt'si
873 1687 952 1748 illud
961 1691 1062 1767 copri-

60 1806 72 1840 «ι
85 1783 168 1865 mot),
189 1785 244 1844 sed
264 1784 304 1844 ad
324 1784 538 1846 obediendum
559 1785 734 1845 secundnm
759 1785 919 1862 regulam3
938 1790 969 1846 et
989 1785 1062 1847 ideo

60 1902 72 1937 u
83 1881 212 1961 propria
221 1882 374 1961 obligatio
389 1883 507 1960 regulae
520 1887 555 1942 ut
569 1882 626 1957 sic,
641 1900 705 1942 non
721 1901 760 1942 ex
774 1889 847 1943 voto
863 1882 1066 1958 obedientia,

58 2003 70 2034 «
83 1981 132 2040 sed
144 1999 185 2040 ex
199 1979 329 2058 propria
344 1980 466 2041 ratione
481 1979 560 2057 legis
576 1985 606 2040 et
624 1999 662 2040 ex
671 1980 841 2070 principiis
854 1979 923 2059 ejus
938 1986 986 2040 est
997 1982 1063 2043 col-

64 2077 223 2155 eligenda.
242 2099 257 2132 »
276 2075 378 2155 (Tom.
397 2078 447 2152 lV,
465 2078 518 2138 lib.
537 2080 561 2151 l,
580 2096 650 2156 cap.
667 2078 717 2158 11.)

105 2173 126 2233 l.
149 2176 267 2236 Votum
286 2161 404 2234 directe
420 2175 542 2252 obligat
560 2177 601 2236 ad
620 2175 831 2236 obediendum
852 2175 1016 2254 superiori,
1033 2176 1066 2235 in

56 2271 193 2331 omnibus
208 2290 279 2351 quae
294 2271 439 2350 praecipit
452 2273 624 2333 seeundum
635 2272 761 2349 regulas
776 2277 808 2332 et
825 2273 1066 2334 constitutiones

57 2368 177 2443 ordinis,
195 2369 263 2452 sive
275 2387 324 2429 res
342 2370 527 2448 praescripta
546 2370 746 2431 contineatur
764 2370 796 2428 in
816 2369 933 2448 regulis
948 2370 1066 2431 directe

1 2536 2 2550 χ
57 2473 82 2525 et
94 2484 250 2546 expresse,
272 2467 336 2526 sive
357 2466 510 2527 indirecte
531 2471 563 2527 et
579 2467 744 2546 Implicite.
771 2466 930 2545 Obligatio
953 2485 1064 2528 conse-

57 2570 178 2640 quenter
191 2583 256 2624 non
271 2568 373 2640 urget,
387 2563 447 2623 nisi
457 2564 497 2623 sit
512 2564 685 2624 auctoritas
701 2564 843 2641 legitima
856 2565 889 2623 in
905 2565 1066 2642 superiore

1 2667 2 2728 l
57 2661 260 2740 precipiente,
278 2666 310 2720 et
331 2661 535 2722 conformitas
555 2663 600 2722 rei
626 2667 794 2741 praeceptae
813 2679 886 2722 curu
905 2661 1021 2738 regulis
1034 2667 1066 2722 ct
1088 2701 1090 2704 -

1 2749 3 2834 l

57 2756 110 2818 fine
121 2758 267 2819 instituti.
287 2758 377 2819 Ratio
392 2757 535 2837 estquod
547 2759 701 2837 subjectio
713 2759 869 2820 inferioris
883 2777 959 2836 erge
972 2778 1064 2820 suum

1 2907 2 2910 ,
57 2857 241 2933 superiorem
253 2855 374 2915 oriatur
388 2874 406 2915 a
419 2856 627 2934 promissione
641 2857 822 2918 voluntaria
837 2875 901 2936 qua
916 2875 948 2917 se
961 2857 1063 2918 trudi-

1 2993 2 3050 ,
58 2949 95 3012 dit
112 2953 271 3032 religioni;
295 2971 357 3013 non
380 2953 471 3014 aliter
491 2959 598 3014 autem
617 2974 649 3016 se
666 2954 796 3015 tradidit
815 2971 911 3033 quarn
930 2955 1064 3034 promit-

57 3051 139 3111 tendo
159 3049 375 3111 obedientiam
385 3050 479 3128 juxte
493 3051 589 3112 linem
611 3057 643 3112 et
662 3052 946 3132 regulosinstituti
963 3071 971 3113 ι
987 3071 1063 3130 ergo

1 3187 2 3222 3
56 3145 178 3227 obligari
194 3167 258 3208 non
275 3152 379 3226 potest
399 3147 439 3208 ad
460 3167 497 3210 ea
513 3168 583 3228 quae
599 3155 673 3210 sunt
687 3160 803 3224 contra,
823 3145 1000 3236 vebcuprn,
1012 3151 1064 3216 ud

1 3229 2 3254 ¹
58 3253 136 3306 estro
150 3244 288 3323 regulas.

106 3343 138 3403 ln
151 3342 264 3420 regula
278 3343 482 3405 continentur
495 3344 648 3424 implicite
659 3362 730 3424 quae
744 3350 817 3406 sunt
833 3345 995 3405 moraliter
1010 3365 1064 3406 ne·

2 3455 3 3490 ;
59 3441 182 3501 cessaria
196 3441 236 3500 cd
252 3442 523 3503 conservationem
546 3442 692 3519 instituti,
708 3444 748 3503 ad
765 3449 876 3502 mutua
898 3443 1063 3504 eharitatis

2 3977 6 4154 fl

60 3535 161 3613 officia,
178 3537 219 3599 ad
232 3539 459 3600 correctionem
478 3540 659 3601 defectuum
678 3548 710 3600 et
724 3542 764 3600 ad
780 3540 923 3600 ordinem
940 3539 1064 3620 regula·

60 3648 115 3694 reru
125 3635 324 3710 servandum,
339 3641 376 3696 ut
388 3637 570 3698 obtineatur
584 3639 656 3698 finis
671 3638 819 3718 proprius
834 3637 978 3699 instituti.

2 3717 4 3764 ¹¹
109 3734 184 3796 llius
200 3735 232 3793 1ο
247 3734 424 3814 superiores
442 3735 598 3796 rationem
616 3735 734 3797 habere
749 3736 865 3798 debent
879 3735 951 3796 finis
966 3753 1062 3816 regu·
