<?xml version="1.0" encoding="UTF-8"?>
<!DOCTYPE html PUBLIC "-//W3C//DTD XHTML 1.0 Transitional//EN"
    "http://www.w3.org/TR/xhtml1/DTD/xhtml1-transitional.dtd">
<html xmlns="http://www.w3.org/1999/xhtml" xml:lang="en" lang="en">
 <head>
  <title>
</title>
<meta http-equiv="Content-Type" content="text/html;charset=utf-8" />
  <meta name='ocr-system' content='tesseract 3.04.00' />
  <meta name='ocr-capabilities' content='ocr_page ocr_carea ocr_par ocr_line ocrx_word'/>
</head>
<body>
  <div class='ocr_page' id='page_1' title='image "./praelectionesju00murrgoog_0448.png"; bbox 0 0 2604 4274; ppageno 0'>
   <div class='ocr_carea' id='block_1_1' title="bbox 87 284 1021 347">
    <p class='ocr_par' dir='ltr' id='par_1_1' title="bbox 87 284 1021 347">
     <span class='ocr_line' id='line_1_1' title="bbox 87 284 1021 347; baseline 0.007 -14"><span class='ocrx_word' id='word_1_1' title='bbox 87 329 90 339; x_wconf 81' lang='grc'>,</span> <span class='ocrx_word' id='word_1_2' title='bbox 173 286 259 334; x_wconf 81' lang='lat' dir='ltr'><strong>ART.</strong></span> <span class='ocrx_word' id='word_1_3' title='bbox 281 288 301 336; x_wconf 86' lang='lat'><strong>1.</strong></span> <span class='ocrx_word' id='word_1_4' title='bbox 325 289 470 340; x_wconf 72' lang='lat' dir='ltr'><strong>aeclesia</strong></span> <span class='ocrx_word' id='word_1_5' title='bbox 492 293 528 340; x_wconf 79' lang='grc' dir='ltr'><strong>ΕΤ</strong></span> <span class='ocrx_word' id='word_1_6' title='bbox 548 291 683 340; x_wconf 75' lang='lat' dir='ltr'><strong>debbbd</strong></span> <span class='ocrx_word' id='word_1_7' title='bbox 702 290 842 340; x_wconf 78' lang='lat' dir='ltr'><strong>rnlvlrl.</strong></span> <span class='ocrx_word' id='word_1_8' title='bbox 969 284 1021 347; x_wconf 76' lang='grc'><strong>437</strong></span> 
     </span>
    </p>
   </div>
   <div class='ocr_carea' id='block_1_2' title="bbox 27 405 1080 3802">
    <p class='ocr_par' dir='ltr' id='par_1_2' title="bbox 27 405 1080 3499">
     <span class='ocr_line' id='line_1_2' title="bbox 27 405 1020 487; baseline 0.008 -26"><span class='ocrx_word' id='word_1_9' title='bbox 27 417 53 461; x_wconf 85' lang='lat' dir='ltr'><strong>›s</strong></span> <span class='ocrx_word' id='word_1_10' title='bbox 67 409 336 482; x_wconf 87' lang='lat' dir='ltr'><strong>consequuntur</strong></span> <span class='ocrx_word' id='word_1_11' title='bbox 347 405 465 484; x_wconf 85' lang='lat' dir='ltr'><strong>fideles,</strong></span> <span class='ocrx_word' id='word_1_12' title='bbox 481 414 576 487; x_wconf 89' lang='lat' dir='ltr'><strong>prout</strong></span> <span class='ocrx_word' id='word_1_13' title='bbox 587 407 726 468; x_wconf 79' lang='lat' dir='ltr'><strong>Ecclesia</strong></span> <span class='ocrx_word' id='word_1_14' title='bbox 737 406 903 470; x_wconf 88' lang='lat' dir='ltr'><strong>benedicte</strong></span> <span class='ocrx_word' id='word_1_15' title='bbox 915 408 1020 484; x_wconf 82' lang='lat' dir='ltr'><strong>luerit,</strong></span> 
     </span>
     <span class='ocr_line' id='line_1_3' title="bbox 27 501 1021 584; baseline 0.012 -30"><span class='ocrx_word' id='word_1_16' title='bbox 27 541 29 554; x_wconf 77' lang='grc'>,</span> <span class='ocrx_word' id='word_1_17' title='bbox 49 505 277 561; x_wconf 87' lang='lat' dir='ltr'><strong>consecrata.</strong></span> <span class='ocrx_word' id='word_1_18' title='bbox 300 527 316 557; x_wconf 92' lang='lat'>«</span> <span class='ocrx_word' id='word_1_19' title='bbox 334 501 472 565; x_wconf 90' lang='lat' dir='ltr'><strong>Ecclesia</strong></span> <span class='ocrx_word' id='word_1_20' title='bbox 485 505 663 578; x_wconf 88' lang='lat' dir='ltr'><strong>benedicta,</strong></span> <span class='ocrx_word' id='word_1_21' title='bbox 683 510 714 566; x_wconf 91' lang='lat' dir='ltr'><strong>et</strong></span> <span class='ocrx_word' id='word_1_22' title='bbox 729 505 915 566; x_wconf 88' lang='lat' dir='ltr'><strong>auctoritate</strong></span> <span class='ocrx_word' id='word_1_23' title='bbox 930 505 1021 584; x_wconf 85' lang='lat' dir='ltr'><strong>Epis·</strong></span> 
     </span>
     <span class='ocr_line' id='line_1_4' title="bbox 27 595 1020 678; baseline 0.008 -22"><span class='ocrx_word' id='word_1_24' title='bbox 27 595 93 675; x_wconf 85' lang='lat' dir='ltr'><strong>:opi</strong></span> <span class='ocrx_word' id='word_1_25' title='bbox 118 597 167 656; x_wconf 90' lang='lat' dir='ltr'><strong>ad</strong></span> <span class='ocrx_word' id='word_1_26' title='bbox 196 605 406 661; x_wconf 87' lang='lat' dir='ltr'><strong>sacramenta</strong></span> <span class='ocrx_word' id='word_1_27' title='bbox 429 601 679 664; x_wconf 88' lang='lat' dir='ltr'><strong>administranda</strong></span> <span class='ocrx_word' id='word_1_28' title='bbox 698 608 813 674; x_wconf 83' lang='lat' dir='ltr'><strong>erecta,</strong></span> <span class='ocrx_word' id='word_1_29' title='bbox 834 603 878 663; x_wconf 89' lang='lat' dir='ltr'><strong>ait</strong></span> <span class='ocrx_word' id='word_1_30' title='bbox 901 603 1020 678; x_wconf 82' lang='lat' dir='ltr'><strong>Quarti,</strong></span> 
     </span>
     <span class='ocr_line' id='line_1_5' title="bbox 27 694 1023 780; baseline 0.008 -26"><span class='ocrx_word' id='word_1_31' title='bbox 27 694 143 770; x_wconf 66' lang='lat' dir='ltr'><strong>‚raudet</strong></span> <span class='ocrx_word' id='word_1_32' title='bbox 160 695 295 758; x_wconf 88' lang='lat' dir='ltr'><strong>eisdem</strong></span> <span class='ocrx_word' id='word_1_33' title='bbox 311 698 483 778; x_wconf 76' lang='lat' dir='ltr'><strong>privilegiis</strong></span> <span class='ocrx_word' id='word_1_34' title='bbox 499 700 614 780; x_wconf 88' lang='lat' dir='ltr'><strong>quibus</strong></span> <span class='ocrx_word' id='word_1_35' title='bbox 624 700 763 762; x_wconf 81' lang='lat' dir='ltr'><strong>Ecclesia</strong></span> <span class='ocrx_word' id='word_1_36' title='bbox 778 699 970 775; x_wconf 87' lang='lat' dir='ltr'><strong>consecrate,</strong></span> <span class='ocrx_word' id='word_1_37' title='bbox 987 707 1023 762; x_wconf 91' lang='lat' dir='ltr'><strong>ut</strong></span> 
     </span>
     <span class='ocr_line' id='line_1_6' title="bbox 27 791 1018 860; baseline 0.009 -9"><span class='ocrx_word' id='word_1_38' title='bbox 27 791 144 852; x_wconf 90' lang='lat' dir='ltr'><strong>locent</strong></span> <span class='ocrx_word' id='word_1_39' title='bbox 172 795 398 857; x_wconf 88' lang='lat' dir='ltr'><strong>communiter</strong></span> <span class='ocrx_word' id='word_1_40' title='bbox 415 795 559 859; x_wconf 87' lang='lat' dir='ltr'><strong>doctores</strong></span> <span class='ocrx_word' id='word_1_41' title='bbox 575 799 615 858; x_wconf 82' lang='lat' dir='ltr'><strong>in</strong></span> <span class='ocrx_word' id='word_1_42' title='bbox 639 797 768 858; x_wconf 89' lang='lat' dir='ltr'><strong>titulum</strong></span> <span class='ocrx_word' id='word_1_43' title='bbox 784 797 822 858; x_wconf 89' lang='lat' dir='ltr'><strong>de</strong></span> <span class='ocrx_word' id='word_1_44' title='bbox 844 799 1018 860; x_wconf 75' lang='lat' dir='ltr'><strong>Consecun-</strong></span> 
     </span>
     <span class='ocr_line' id='line_1_7' title="bbox 27 891 1022 973; baseline 0.005 -22"><span class='ocrx_word' id='word_1_45' title='bbox 27 907 131 966; x_wconf 82' lang='lat' dir='ltr'><strong>noun,</strong></span> <span class='ocrx_word' id='word_1_46' title='bbox 154 909 253 969; x_wconf 87' lang='lat' dir='ltr'><strong>quos</strong></span> <span class='ocrx_word' id='word_1_47' title='bbox 267 891 344 954; x_wconf 87' lang='lat' dir='ltr'><strong>citat</strong></span> <span class='ocrx_word' id='word_1_48' title='bbox 358 899 390 955; x_wconf 94' lang='lat' dir='ltr'><strong>et</strong></span> <span class='ocrx_word' id='word_1_49' title='bbox 404 895 546 973; x_wconf 90' lang='lat' dir='ltr'><strong>sequitur</strong></span> <span class='ocrx_word' id='word_1_50' title='bbox 561 897 688 958; x_wconf 88' lang='lat' dir='ltr'><strong>Suarez.</strong></span> <span class='ocrx_word' id='word_1_51' title='bbox 706 919 721 951; x_wconf 88' lang='lat'>»</span> <span class='ocrx_word' id='word_1_52' title='bbox 737 893 976 971; x_wconf 76' lang='lat' dir='ltr'><strong>(Commentario</strong></span> <span class='ocrx_word' id='word_1_53' title='bbox 990 897 1022 957; x_wconf 82' lang='lat' dir='ltr'><strong>c&#39;n</strong></span> 
     </span>
     <span class='ocr_line' id='line_1_8' title="bbox 27 987 832 1075; baseline 0.009 -29"><span class='ocrx_word' id='word_1_54' title='bbox 27 987 60 1049; x_wconf 73' lang='lat' dir='ltr'><strong>rb.</strong></span> <span class='ocrx_word' id='word_1_55' title='bbox 76 987 248 1067; x_wconf 65' lang='lat' dir='ltr'><strong>Messalas,</strong></span> <span class='ocrx_word' id='word_1_56' title='bbox 265 993 347 1070; x_wconf 88' lang='lat' dir='ltr'><strong>part.</strong></span> <span class='ocrx_word' id='word_1_57' title='bbox 365 993 417 1067; x_wconf 88' lang='grc' dir='ltr'><strong>ΙΙΙ,</strong></span> <span class='ocrx_word' id='word_1_58' title='bbox 433 994 481 1054; x_wconf 90' lang='lat' dir='ltr'><strong>tit.</strong></span> <span class='ocrx_word' id='word_1_59' title='bbox 500 1012 529 1068; x_wconf 83' lang='lat' dir='ltr'><strong>x,</strong></span> <span class='ocrx_word' id='word_1_60' title='bbox 547 999 623 1056; x_wconf 88' lang='lat' dir='ltr'><strong>sect.</strong></span> <span class='ocrx_word' id='word_1_61' title='bbox 643 995 666 1054; x_wconf 94' lang='grc' dir='ltr'><strong>Ι.</strong></span> <span class='ocrx_word' id='word_1_62' title='bbox 685 994 761 1056; x_wconf 85' lang='lat' dir='ltr'><strong>dub.</strong></span> <span class='ocrx_word' id='word_1_63' title='bbox 778 993 832 1075; x_wconf 72' lang='lat'><strong>3.)</strong></span> 
     </span>
     <span class='ocr_line' id='line_1_9' title="bbox 40 1086 1023 1170; baseline 0.009 -26"><span class='ocrx_word' id='word_1_64' title='bbox 40 1086 114 1145; x_wconf 74' lang='lat'>554.</span> <span class='ocrx_word' id='word_1_65' title='bbox 132 1119 178 1132; x_wconf 96' lang='lat'><em>-</em></span> <span class='ocrx_word' id='word_1_66' title='bbox 192 1089 255 1148; x_wconf 94' lang='grc' dir='ltr'><strong>ΙΙΙ.</strong></span> <span class='ocrx_word' id='word_1_67' title='bbox 269 1089 423 1152; x_wconf 78' lang='lat' dir='ltr'><strong>Ecclesiae</strong></span> <span class='ocrx_word' id='word_1_68' title='bbox 433 1095 465 1151; x_wconf 91' lang='lat' dir='ltr'><strong>et</strong></span> <span class='ocrx_word' id='word_1_69' title='bbox 474 1091 613 1152; x_wconf 87' lang='lat' dir='ltr'><strong>oratorie</strong></span> <span class='ocrx_word' id='word_1_70' title='bbox 622 1090 902 1170; x_wconf 90' lang='lat' dir='ltr'><strong>publicabenedici</strong></span> <span class='ocrx_word' id='word_1_71' title='bbox 909 1091 1023 1169; x_wconf 86' lang='lat' dir='ltr'><strong>jubent</strong></span> 
     </span>
     <span class='ocr_line' id='line_1_10' title="bbox 27 1186 1023 1270; baseline 0.008 -27"><span class='ocrx_word' id='word_1_72' title='bbox 27 1201 138 1248; x_wconf 90' lang='lat' dir='ltr'><strong>nones.</strong></span> <span class='ocrx_word' id='word_1_73' title='bbox 172 1207 189 1243; x_wconf 87' lang='lat' dir='ltr'><strong>u</strong></span> <span class='ocrx_word' id='word_1_74' title='bbox 216 1186 388 1249; x_wconf 80' lang='lat' dir='ltr'><strong>Missurum</strong></span> <span class='ocrx_word' id='word_1_75' title='bbox 412 1189 731 1252; x_wconf 74' lang='lat' dir='ltr'><strong>celebrationes&#39;non</strong></span> <span class='ocrx_word' id='word_1_76' title='bbox 755 1189 833 1251; x_wconf 89' lang='lat' dir='ltr'><strong>alibi</strong></span> <span class='ocrx_word' id='word_1_77' title='bbox 861 1209 957 1270; x_wconf 91' lang='lat' dir='ltr'><strong>quam</strong></span> <span class='ocrx_word' id='word_1_78' title='bbox 989 1190 1023 1251; x_wconf 92' lang='lat' dir='ltr'><strong>in</strong></span> 
     </span>
     <span class='ocr_line' id='line_1_11' title="bbox 28 1283 1023 1367; baseline 0.006 -26"><span class='ocrx_word' id='word_1_79' title='bbox 28 1283 166 1343; x_wconf 90' lang='lat' dir='ltr'><strong>sacratis</strong></span> <span class='ocrx_word' id='word_1_80' title='bbox 191 1285 335 1346; x_wconf 89' lang='lat' dir='ltr'><strong>Domino</strong></span> <span class='ocrx_word' id='word_1_81' title='bbox 359 1286 447 1362; x_wconf 83' lang='lat' dir='ltr'><strong>locis,</strong></span> <span class='ocrx_word' id='word_1_82' title='bbox 473 1287 593 1367; x_wconf 82' lang='lat' dir='ltr'><strong>absque</strong></span> <span class='ocrx_word' id='word_1_83' title='bbox 616 1307 734 1366; x_wconf 77' lang='lat' dir='ltr'><strong>magna</strong></span> <span class='ocrx_word' id='word_1_84' title='bbox 753 1287 937 1348; x_wconf 81' lang='lat' dir='ltr'><strong>necessitate</strong></span> <span class='ocrx_word' id='word_1_85' title='bbox 954 1287 1023 1348; x_wconf 86' lang='lat' dir='ltr'><strong>fieri</strong></span> 
     </span>
     <span class='ocr_line' id='line_1_12' title="bbox 29 1379 1023 1466; baseline 0.006 -27"><span class='ocrx_word' id='word_1_86' title='bbox 29 1379 145 1441; x_wconf 90' lang='lat' dir='ltr'><strong>debere</strong></span> <span class='ocrx_word' id='word_1_87' title='bbox 161 1381 275 1460; x_wconf 89' lang='lat' dir='ltr'><strong>liquet</strong></span> <span class='ocrx_word' id='word_1_88' title='bbox 290 1384 436 1446; x_wconf 90' lang='lat' dir='ltr'><strong>omnibus</strong></span> <span class='ocrx_word' id='word_1_89' title='bbox 452 1385 565 1465; x_wconf 88' lang='lat' dir='ltr'><strong>quibus</strong></span> <span class='ocrx_word' id='word_1_90' title='bbox 580 1391 656 1449; x_wconf 88' lang='lat' dir='ltr'><strong>nota</strong></span> <span class='ocrx_word' id='word_1_91' title='bbox 671 1391 744 1446; x_wconf 93' lang='lat' dir='ltr'><strong>sunt</strong></span> <span class='ocrx_word' id='word_1_92' title='bbox 758 1385 878 1446; x_wconf 86' lang='lat' dir='ltr'><strong>Veteris</strong></span> <span class='ocrx_word' id='word_1_93' title='bbox 898 1390 930 1466; x_wconf 66' lang='lat' dir='ltr'><strong>et</strong></span> <span class='ocrx_word' id='word_1_94' title='bbox 943 1384 1023 1446; x_wconf 85' lang='lat' dir='ltr'><strong>Novi</strong></span> 
     </span>
     <span class='ocr_line' id='line_1_13' title="bbox 27 1477 1023 1563; baseline 0.007 -27"><span class='ocrx_word' id='word_1_95' title='bbox 27 1477 238 1540; x_wconf 79' lang='lat' dir='ltr'><strong>Testamenti</strong></span> <span class='ocrx_word' id='word_1_96' title='bbox 260 1489 420 1561; x_wconf 85' lang='lat' dir='ltr'><strong>praecepta</strong></span> <span class='ocrx_word' id='word_1_97' title='bbox 439 1508 468 1556; x_wconf 86' lang='lat'><strong>»,</strong></span> <span class='ocrx_word' id='word_1_98' title='bbox 492 1483 537 1544; x_wconf 90' lang='lat' dir='ltr'><strong>ait</strong></span> <span class='ocrx_word' id='word_1_99' title='bbox 557 1483 643 1543; x_wconf 79' lang='lat' dir='ltr'><strong>Felix</strong></span> <span class='ocrx_word' id='word_1_100' title='bbox 666 1485 754 1563; x_wconf 88' lang='lat' dir='ltr'><strong>Papa</strong></span> <span class='ocrx_word' id='word_1_101' title='bbox 768 1485 819 1557; x_wconf 83' lang='lat' dir='ltr'><strong>lv,</strong></span> <span class='ocrx_word' id='word_1_102' title='bbox 841 1482 874 1542; x_wconf 92' lang='lat' dir='ltr'><strong>in</strong></span> <span class='ocrx_word' id='word_1_103' title='bbox 889 1482 1023 1562; x_wconf 91' lang='lat' dir='ltr'><strong>epistola</strong></span> 
     </span>
     <span class='ocr_line' id='line_1_14' title="bbox 27 1572 1021 1662; baseline 0.007 -29"><span class='ocrx_word' id='word_1_104' title='bbox 27 1573 90 1635; x_wconf 90' lang='lat' dir='ltr'><strong>lata</strong></span> <span class='ocrx_word' id='word_1_105' title='bbox 105 1577 200 1656; x_wconf 85' lang='lat' dir='ltr'><strong>apud</strong></span> <span class='ocrx_word' id='word_1_106' title='bbox 216 1572 415 1640; x_wconf 83' lang='lat' dir='ltr'><strong>Gratianum.</strong></span> <span class='ocrx_word' id='word_1_107' title='bbox 431 1580 519 1662; x_wconf 88' lang='lat' dir='ltr'><strong>(Cap.</strong></span> <span class='ocrx_word' id='word_1_108' title='bbox 537 1582 563 1642; x_wconf 91' lang='grc' dir='ltr'><strong>Ι.</strong></span> <span class='ocrx_word' id='word_1_109' title='bbox 579 1579 840 1643; x_wconf 80' lang='lat' dir='ltr'><strong>Consecrationem</strong></span> <span class='ocrx_word' id='word_1_110' title='bbox 855 1582 884 1656; x_wconf 89' lang='grc' dir='ltr'><strong>Ι,</strong></span> <span class='ocrx_word' id='word_1_111' title='bbox 898 1579 975 1642; x_wconf 81' lang='lat' dir='ltr'><strong>nist.</strong></span> <span class='ocrx_word' id='word_1_112' title='bbox 992 1581 1021 1654; x_wconf 87' lang='lat'><strong>1,</strong></span> 
     </span>
     <span class='ocr_line' id='line_1_15' title="bbox 27 1667 1023 1759; baseline 0.009 -28"><span class='ocrx_word' id='word_1_113' title='bbox 27 1674 343 1758; x_wconf 72' lang='lat' dir='ltr'><strong>:consecanrroual</strong></span> <span class='ocrx_word' id='word_1_114' title='bbox 366 1681 440 1741; x_wconf 86' lang='lat' dir='ltr'><strong>llaec</strong></span> <span class='ocrx_word' id='word_1_115' title='bbox 455 1681 583 1759; x_wconf 87' lang='lat' dir='ltr'><strong>quidem</strong></span> <span class='ocrx_word' id='word_1_116' title='bbox 606 1679 774 1759; x_wconf 88' lang='lat' dir='ltr'><strong>disciplina</strong></span> <span class='ocrx_word' id='word_1_117' title='bbox 796 1667 860 1739; x_wconf 86' lang='lat' dir='ltr'><strong>n&#39;on</strong></span> <span class='ocrx_word' id='word_1_118' title='bbox 885 1684 933 1739; x_wconf 93' lang='lat' dir='ltr'><strong>est</strong></span> <span class='ocrx_word' id='word_1_119' title='bbox 950 1677 1023 1757; x_wconf 86' lang='lat' dir='ltr'><strong>jure</strong></span> 
     </span>
     <span class='ocr_line' id='line_1_16' title="bbox 27 1769 1024 1857; baseline 0.009 -30"><span class='ocrx_word' id='word_1_120' title='bbox 27 1769 101 1831; x_wconf 79' lang='lat' dir='ltr'><strong>irino</strong></span> <span class='ocrx_word' id='word_1_121' title='bbox 115 1775 331 1854; x_wconf 82' lang='lat' dir='ltr'><strong>praescripta3</strong></span> <span class='ocrx_word' id='word_1_122' title='bbox 350 1776 489 1857; x_wconf 86' lang='lat' dir='ltr'><strong>alioquin</strong></span> <span class='ocrx_word' id='word_1_123' title='bbox 505 1795 669 1857; x_wconf 91' lang='lat' dir='ltr'><strong>nunquam</strong></span> <span class='ocrx_word' id='word_1_124' title='bbox 689 1776 914 1839; x_wconf 85' lang='lat' dir='ltr'><strong>concederetur</strong></span> <span class='ocrx_word' id='word_1_125' title='bbox 926 1776 1024 1836; x_wconf 85' lang='lat' dir='ltr'><strong>fecul-</strong></span> 
     </span>
     <span class='ocr_line' id='line_1_17' title="bbox 27 1868 1022 1954; baseline 0.008 -30"><span class='ocrx_word' id='word_1_126' title='bbox 27 1885 45 1924; x_wconf 76' lang='lat' dir='ltr'><strong>ts</strong></span> <span class='ocrx_word' id='word_1_127' title='bbox 57 1868 252 1931; x_wconf 91' lang='lat' dir='ltr'><strong>celebrandi</strong></span> <span class='ocrx_word' id='word_1_128' title='bbox 264 1891 354 1934; x_wconf 86' lang='lat' dir='ltr'><strong>sacra</strong></span> <span class='ocrx_word' id='word_1_129' title='bbox 369 1875 521 1954; x_wconf 88' lang='lat' dir='ltr'><strong>mysteria</strong></span> <span class='ocrx_word' id='word_1_130' title='bbox 534 1879 624 1935; x_wconf 87' lang='lat' dir='ltr'><strong>extra</strong></span> <span class='ocrx_word' id='word_1_131' title='bbox 638 1874 803 1950; x_wconf 86' lang='lat' dir='ltr'><strong>Ecclesias,</strong></span> <span class='ocrx_word' id='word_1_132' title='bbox 821 1873 925 1934; x_wconf 91' lang='lat' dir='ltr'><strong>necin</strong></span> <span class='ocrx_word' id='word_1_133' title='bbox 945 1873 1022 1934; x_wconf 84' lang='lat' dir='ltr'><strong>aedi·</strong></span> 
     </span>
     <span class='ocr_line' id='line_1_18' title="bbox 27 1967 1026 2046; baseline 0.011 -25"><span class='ocrx_word' id='word_1_134' title='bbox 27 1981 58 2022; x_wconf 90' lang='lat' dir='ltr'><strong>us</strong></span> <span class='ocrx_word' id='word_1_135' title='bbox 79 1967 240 2044; x_wconf 71' lang='lat' dir='ltr'><strong>privatis3</strong></span> <span class='ocrx_word' id='word_1_136' title='bbox 268 1975 442 2033; x_wconf 87' lang='lat' dir='ltr'><strong>esttamen</strong></span> <span class='ocrx_word' id='word_1_137' title='bbox 465 1972 602 2032; x_wconf 83' lang='lat' dir='ltr'><strong>maxime</strong></span> <span class='ocrx_word' id='word_1_138' title='bbox 627 1970 765 2032; x_wconf 76' lang='lat' dir='ltr'><strong>consona</strong></span> <span class='ocrx_word' id='word_1_139' title='bbox 788 1970 1026 2046; x_wconf 71' lang='lat' dir='ltr'><strong>traditionibus,</strong></span> 
     </span>
     <span class='ocr_line' id='line_1_19' title="bbox 27 2066 1024 2148; baseline 0.011 -29"><span class='ocrx_word' id='word_1_140' title='bbox 27 2077 132 2140; x_wconf 88' lang='lat' dir='ltr'><strong>amque</strong></span> <span class='ocrx_word' id='word_1_141' title='bbox 149 2066 279 2126; x_wconf 87' lang='lat' dir='ltr'><strong>servari</strong></span> <span class='ocrx_word' id='word_1_142' title='bbox 298 2069 420 2140; x_wconf 82' lang='lat' dir='ltr'><strong>suadet,</strong></span> <span class='ocrx_word' id='word_1_143' title='bbox 444 2074 598 2148; x_wconf 88' lang='lat' dir='ltr'><strong>quantum</strong></span> <span class='ocrx_word' id='word_1_144' title='bbox 622 2069 691 2128; x_wconf 85' lang='lat' dir='ltr'><strong>fieri</strong></span> <span class='ocrx_word' id='word_1_145' title='bbox 711 2073 827 2147; x_wconf 82' lang='lat' dir='ltr'><strong>potest,</strong></span> <span class='ocrx_word' id='word_1_146' title='bbox 847 2069 1024 2130; x_wconf 88' lang='lat' dir='ltr'><strong>reverentia</strong></span> 
     </span>
     <span class='ocr_line' id='line_1_20' title="bbox 27 2163 1023 2245; baseline 0.011 -30"><span class='ocrx_word' id='word_1_147' title='bbox 27 2169 208 2224; x_wconf 83' lang='lat' dir='ltr'><strong>acrosancto</strong></span> <span class='ocrx_word' id='word_1_148' title='bbox 223 2163 381 2230; x_wconf 84' lang='lat' dir='ltr'><strong>sacrificio</strong></span> <span class='ocrx_word' id='word_1_149' title='bbox 394 2164 512 2226; x_wconf 91' lang='lat' dir='ltr'><strong>debita.</strong></span> <span class='ocrx_word' id='word_1_150' title='bbox 527 2167 605 2226; x_wconf 88' lang='lat' dir='ltr'><strong>Eam</strong></span> <span class='ocrx_word' id='word_1_151' title='bbox 624 2165 664 2224; x_wconf 93' lang='lat' dir='ltr'><strong>ab</strong></span> <span class='ocrx_word' id='word_1_152' title='bbox 678 2165 856 2245; x_wconf 90' lang='lat' dir='ltr'><strong>apostolicis</strong></span> <span class='ocrx_word' id='word_1_153' title='bbox 867 2165 942 2225; x_wconf 87' lang='lat' dir='ltr'><strong>viris</strong></span> <span class='ocrx_word' id='word_1_154' title='bbox 956 2171 1023 2226; x_wconf 89' lang='lat' dir='ltr'><strong>tre·</strong></span> 
     </span>
     <span class='ocr_line' id='line_1_21' title="bbox 29 2253 1080 2354; baseline 0.011 -42"><span class='ocrx_word' id='word_1_155' title='bbox 29 2253 99 2316; x_wconf 86' lang='lat' dir='ltr'><strong>itam</strong></span> <span class='ocrx_word' id='word_1_156' title='bbox 112 2259 214 2322; x_wconf 88' lang='lat' dir='ltr'><strong>luisse</strong></span> <span class='ocrx_word' id='word_1_157' title='bbox 230 2267 341 2325; x_wconf 90' lang='lat' dir='ltr'><strong>tenent</strong></span> <span class='ocrx_word' id='word_1_158' title='bbox 355 2265 553 2326; x_wconf 90' lang='lat' dir='ltr'><strong>communius</strong></span> <span class='ocrx_word' id='word_1_159' title='bbox 568 2264 751 2341; x_wconf 84' lang='lat' dir='ltr'><strong>canonistae,</strong></span> <span class='ocrx_word' id='word_1_160' title='bbox 763 2269 796 2324; x_wconf 85' lang='lat' dir='ltr'><strong>et</strong></span> <span class='ocrx_word' id='word_1_161' title='bbox 808 2264 927 2325; x_wconf 89' lang='lat' dir='ltr'><strong>cunctis</strong></span> <span class='ocrx_word' id='word_1_162' title='bbox 939 2268 1023 2324; x_wconf 90' lang='lat' dir='ltr'><strong>retro</strong></span> <span class='ocrx_word' id='word_1_163' title='bbox 1078 2344 1080 2354; x_wconf 38' lang='lat'><em>,</em></span> 
     </span>
     <span class='ocr_line' id='line_1_22' title="bbox 28 2355 1024 2441; baseline 0.009 -30"><span class='ocrx_word' id='word_1_164' title='bbox 28 2355 136 2432; x_wconf 78' lang='lat' dir='ltr'><strong>eculis,</strong></span> <span class='ocrx_word' id='word_1_165' title='bbox 149 2359 269 2419; x_wconf 90' lang='lat' dir='ltr'><strong>saltem</strong></span> <span class='ocrx_word' id='word_1_166' title='bbox 280 2361 320 2421; x_wconf 91' lang='lat' dir='ltr'><strong>ab</strong></span> <span class='ocrx_word' id='word_1_167' title='bbox 330 2361 426 2422; x_wconf 87' lang='lat' dir='ltr'><strong>initiis</strong></span> <span class='ocrx_word' id='word_1_168' title='bbox 437 2362 542 2441; x_wconf 88' lang='lat' dir='ltr'><strong>quarti</strong></span> <span class='ocrx_word' id='word_1_169' title='bbox 555 2360 672 2435; x_wconf 85' lang='lat' dir='ltr'><strong>saeculi‚</strong></span> <span class='ocrx_word' id='word_1_170' title='bbox 684 2360 909 2422; x_wconf 84' lang='lat' dir='ltr'><strong>inviolabiliter</strong></span> <span class='ocrx_word' id='word_1_171' title='bbox 919 2360 1024 2420; x_wconf 91' lang='lat' dir='ltr'><strong>obser·</strong></span> 
     </span>
     <span class='ocr_line' id='line_1_23' title="bbox 28 2454 1025 2540; baseline 0.012 -32"><span class='ocrx_word' id='word_1_172' title='bbox 28 2454 119 2529; x_wconf 61' lang='lat' dir='ltr'><strong>‘atam,</strong></span> <span class='ocrx_word' id='word_1_173' title='bbox 135 2474 176 2516; x_wconf 83' lang='lat' dir='ltr'><strong>ex</strong></span> <span class='ocrx_word' id='word_1_174' title='bbox 188 2475 256 2536; x_wconf 87' lang='lat' dir='ltr'><strong>quo</strong></span> <span class='ocrx_word' id='word_1_175' title='bbox 270 2459 387 2520; x_wconf 89' lang='lat' dir='ltr'><strong>scilicet</strong></span> <span class='ocrx_word' id='word_1_176' title='bbox 398 2465 553 2540; x_wconf 85' lang='lat' dir='ltr'><strong>tempore,</strong></span> <span class='ocrx_word' id='word_1_177' title='bbox 563 2479 641 2540; x_wconf 89' lang='lat' dir='ltr'><strong>pace</strong></span> <span class='ocrx_word' id='word_1_178' title='bbox 652 2459 776 2520; x_wconf 89' lang='lat' dir='ltr'><strong>reddita</strong></span> <span class='ocrx_word' id='word_1_179' title='bbox 784 2457 1025 2533; x_wconf 85' lang='lat' dir='ltr'><strong>fidelibus‚libe-</strong></span> 
     </span>
     <span class='ocr_line' id='line_1_24' title="bbox 28 2551 1023 2636; baseline 0.008 -27"><span class='ocrx_word' id='word_1_180' title='bbox 28 2564 76 2607; x_wconf 60' lang='lat' dir='ltr'><strong>‘um</strong></span> <span class='ocrx_word' id='word_1_181' title='bbox 93 2551 263 2636; x_wconf 90' lang='lat' dir='ltr'><strong>Episcopis</strong></span> <span class='ocrx_word' id='word_1_182' title='bbox 284 2557 344 2618; x_wconf 86' lang='lat' dir='ltr'><strong>luit</strong></span> <span class='ocrx_word' id='word_1_183' title='bbox 363 2575 469 2619; x_wconf 89' lang='lat' dir='ltr'><strong>sacros</strong></span> <span class='ocrx_word' id='word_1_184' title='bbox 488 2558 565 2618; x_wconf 89' lang='lat' dir='ltr'><strong>ritus</strong></span> <span class='ocrx_word' id='word_1_185' title='bbox 583 2558 616 2617; x_wconf 91' lang='lat' dir='ltr'><strong>in</strong></span> <span class='ocrx_word' id='word_1_186' title='bbox 636 2557 763 2636; x_wconf 90' lang='lat' dir='ltr'><strong>publico</strong></span> <span class='ocrx_word' id='word_1_187' title='bbox 788 2556 910 2617; x_wconf 85' lang='lat' dir='ltr'><strong>facilius</strong></span> <span class='ocrx_word' id='word_1_188' title='bbox 930 2573 1023 2636; x_wconf 83' lang='lat' dir='ltr'><strong>pera-</strong></span> 
     </span>
     <span class='ocr_line' id='line_1_25' title="bbox 28 2650 1038 2728; baseline -0.005 -13"><span class='ocrx_word' id='word_1_189' title='bbox 28 2660 89 2715; x_wconf 74' lang='lat' dir='ltr'><strong>tere.</strong></span> <span class='ocrx_word' id='word_1_190' title='bbox 121 2650 336 2714; x_wconf 79' lang='lat' dir='ltr'><strong>Historiarum</strong></span> <span class='ocrx_word' id='word_1_191' title='bbox 365 2655 577 2716; x_wconf 88' lang='lat' dir='ltr'><strong>monumentis</strong></span> <span class='ocrx_word' id='word_1_192' title='bbox 603 2655 747 2717; x_wconf 88' lang='lat' dir='ltr'><strong>novimus</strong></span> <span class='ocrx_word' id='word_1_193' title='bbox 778 2654 1038 2728; x_wconf 50' lang='lat' dir='ltr'><strong>dedicationem„</strong></span> 
     </span>
     <span class='ocr_line' id='line_1_26' title="bbox 28 2743 1022 2842; baseline 0.011 -40"><span class='ocrx_word' id='word_1_194' title='bbox 28 2756 79 2814; x_wconf 78' lang='lat' dir='ltr'><strong>luae</strong></span> <span class='ocrx_word' id='word_1_195' title='bbox 93 2743 216 2810; x_wconf 83' lang='lat' dir='ltr'><strong>Natalis</strong></span> <span class='ocrx_word' id='word_1_196' title='bbox 240 2750 302 2811; x_wconf 79' lang='lat' dir='ltr'><strong>dies</strong></span> <span class='ocrx_word' id='word_1_197' title='bbox 324 2752 533 2815; x_wconf 88' lang='lat' dir='ltr'><strong>Ecclesiarum</strong></span> <span class='ocrx_word' id='word_1_198' title='bbox 549 2753 724 2827; x_wconf 87' lang='lat' dir='ltr'><strong>dicebatur,</strong></span> <span class='ocrx_word' id='word_1_199' title='bbox 741 2771 857 2832; x_wconf 77' lang='lat' dir='ltr'><strong>magna</strong></span> <span class='ocrx_word' id='word_1_200' title='bbox 872 2752 1022 2842; x_wconf 87' lang='lat' dir='ltr'><strong>solemni·</strong></span> 
     </span>
     <span class='ocr_line' id='line_1_27' title="bbox 28 2842 1025 2931; baseline 0.017 -37"><span class='ocrx_word' id='word_1_201' title='bbox 28 2842 73 2897; x_wconf 88' lang='lat' dir='ltr'><strong>ate</strong></span> <span class='ocrx_word' id='word_1_202' title='bbox 84 2843 202 2924; x_wconf 90' lang='lat' dir='ltr'><strong>ubique</strong></span> <span class='ocrx_word' id='word_1_203' title='bbox 215 2849 426 2926; x_wconf 65' lang='lat' dir='ltr'><strong>celebratam</strong></span> <span class='ocrx_word' id='word_1_204' title='bbox 441 2851 532 2931; x_wconf 85' lang='lat' dir='ltr'><strong>cujus</strong></span> <span class='ocrx_word' id='word_1_205' title='bbox 544 2851 638 2913; x_wconf 89' lang='lat' dir='ltr'><strong>etiam</strong></span> <span class='ocrx_word' id='word_1_206' title='bbox 651 2851 856 2914; x_wconf 86' lang='lat' dir='ltr'><strong>dedicationis</strong></span> <span class='ocrx_word' id='word_1_207' title='bbox 870 2851 1025 2914; x_wconf 90' lang='lat' dir='ltr'><strong>memoria</strong></span> 
     </span>
     <span class='ocr_line' id='line_1_28' title="bbox 29 2941 1024 3029; baseline 0.013 -34"><span class='ocrx_word' id='word_1_208' title='bbox 29 2941 188 3018; x_wconf 73' lang='lat' dir='ltr'><strong>{octennis</strong></span> <span class='ocrx_word' id='word_1_209' title='bbox 207 2945 259 3006; x_wconf 91' lang='lat' dir='ltr'><strong>dic</strong></span> <span class='ocrx_word' id='word_1_210' title='bbox 279 2948 506 3024; x_wconf 86' lang='lat' dir='ltr'><strong>anniversaria,</strong></span> <span class='ocrx_word' id='word_1_211' title='bbox 530 2950 717 3010; x_wconf 89' lang='lat' dir='ltr'><strong>habebatur.</strong></span> <span class='ocrx_word' id='word_1_212' title='bbox 742 2949 889 3029; x_wconf 73' lang='lat' dir='ltr'><strong>Episcopi</strong></span> <span class='ocrx_word' id='word_1_213' title='bbox 906 2949 1024 3028; x_wconf 88' lang='lat' dir='ltr'><strong>quibus</strong></span> 
     </span>
     <span class='ocr_line' id='line_1_29' title="bbox 29 3037 1023 3127; baseline 0.013 -35"><span class='ocrx_word' id='word_1_214' title='bbox 29 3045 79 3092; x_wconf 81' lang='lat' dir='ltr'><strong>uos</strong></span> <span class='ocrx_word' id='word_1_215' title='bbox 103 3037 176 3100; x_wconf 89' lang='lat' dir='ltr'><strong>olim</strong></span> <span class='ocrx_word' id='word_1_216' title='bbox 203 3043 274 3118; x_wconf 87' lang='lat' dir='ltr'><strong>fuit,</strong></span> <span class='ocrx_word' id='word_1_217' title='bbox 300 3045 340 3105; x_wconf 88' lang='lat' dir='ltr'><strong>ab</strong></span> <span class='ocrx_word' id='word_1_218' title='bbox 365 3046 504 3127; x_wconf 88' lang='lat' dir='ltr'><strong>antiquis</strong></span> <span class='ocrx_word' id='word_1_219' title='bbox 528 3047 676 3107; x_wconf 86' lang='lat' dir='ltr'><strong>Patribus</strong></span> <span class='ocrx_word' id='word_1_220' title='bbox 700 3051 860 3125; x_wconf 83' lang='lat' dir='ltr'><strong>acceptus,</strong></span> <span class='ocrx_word' id='word_1_221' title='bbox 884 3063 1023 3106; x_wconf 87' lang='lat' dir='ltr'><strong>annuam</strong></span> 
     </span>
     <span class='ocr_line' id='line_1_30' title="bbox 29 3141 1024 3222; baseline 0.02 -40"><span class='ocrx_word' id='word_1_222' title='bbox 29 3141 344 3202; x_wconf 82' lang='lat' dir='ltr'><strong>commemorationem</strong></span> <span class='ocrx_word' id='word_1_223' title='bbox 358 3160 423 3204; x_wconf 80' lang='lat' dir='ltr'><strong>suae</strong></span> <span class='ocrx_word' id='word_1_224' title='bbox 438 3144 682 3205; x_wconf 89' lang='lat' dir='ltr'><strong>consecrationis</strong></span> <span class='ocrx_word' id='word_1_225' title='bbox 697 3148 728 3204; x_wconf 85' lang='lat' dir='ltr'><strong>et</strong></span> <span class='ocrx_word' id='word_1_226' title='bbox 743 3142 967 3222; x_wconf 86' lang='lat' dir='ltr'><strong>assumptionis</strong></span> <span class='ocrx_word' id='word_1_227' title='bbox 982 3141 1024 3202; x_wconf 91' lang='lat' dir='ltr'><strong>ad</strong></span> 
     </span>
     <span class='ocr_line' id='line_1_31' title="bbox 29 3219 1023 3320; baseline 0.015 -37"><span class='ocrx_word' id='word_1_228' title='bbox 29 3219 233 3310; x_wconf 77' lang='lat' dir='ltr'><strong>Episcopatum</strong></span> <span class='ocrx_word' id='word_1_229' title='bbox 256 3239 408 3316; x_wconf 89' lang='lat' dir='ltr'><strong>recolere,</strong></span> <span class='ocrx_word' id='word_1_230' title='bbox 440 3240 556 3320; x_wconf 86' lang='lat' dir='ltr'><strong>majori</strong></span> <span class='ocrx_word' id='word_1_231' title='bbox 586 3241 691 3301; x_wconf 86' lang='lat' dir='ltr'><strong>adbuc</strong></span> <span class='ocrx_word' id='word_1_232' title='bbox 714 3241 818 3302; x_wconf 90' lang='lat' dir='ltr'><strong>studio</strong></span> <span class='ocrx_word' id='word_1_233' title='bbox 846 3239 1023 3300; x_wconf 86' lang='lat' dir='ltr'><strong>curandum</strong></span> 
     </span>
     <span class='ocr_line' id='line_1_32' title="bbox 29 3315 1024 3418; baseline 0.022 -43"><span class='ocrx_word' id='word_1_234' title='bbox 29 3315 169 3390; x_wconf 83' lang='lat' dir='ltr'><strong>luxerunt</strong></span> <span class='ocrx_word' id='word_1_235' title='bbox 197 3339 234 3395; x_wconf 92' lang='lat' dir='ltr'><strong>ut</strong></span> <span class='ocrx_word' id='word_1_236' title='bbox 263 3354 326 3397; x_wconf 93' lang='lat' dir='ltr'><strong>non</strong></span> <span class='ocrx_word' id='word_1_237' title='bbox 357 3339 653 3418; x_wconf 73' lang='lat' dir='ltr'><strong>praetermitteretur</strong></span> <span class='ocrx_word' id='word_1_238' title='bbox 681 3336 930 3399; x_wconf 83' lang='lat' dir='ltr'><strong>anniversarium</strong></span> <span class='ocrx_word' id='word_1_239' title='bbox 953 3335 1024 3398; x_wconf 90' lang='lat' dir='ltr'><strong>festi</strong></span> 
     </span>
     <span class='ocr_line' id='line_1_33' title="bbox 29 3421 376 3499; baseline 0.072 -26"><span class='ocrx_word' id='word_1_240' title='bbox 29 3421 125 3483; x_wconf 86' lang='lat' dir='ltr'><strong>natalis</strong></span> <span class='ocrx_word' id='word_1_241' title='bbox 139 3445 203 3491; x_wconf 82' lang='lat' dir='ltr'><strong>suae</strong></span> <span class='ocrx_word' id='word_1_242' title='bbox 218 3433 376 3499; x_wconf 72' lang='lat' dir='ltr'><strong>Ecclesiae.</strong></span> 
     </span>
    </p>

    <p class='ocr_par' dir='ltr' id='par_1_3' title="bbox 30 3518 1023 3802">
     <span class='ocr_line' id='line_1_34' title="bbox 74 3518 1021 3614; baseline 0.011 -31"><span class='ocrx_word' id='word_1_243' title='bbox 74 3518 166 3599; x_wconf 80' lang='lat' dir='ltr'><strong>Leges</strong></span> <span class='ocrx_word' id='word_1_244' title='bbox 181 3531 340 3594; x_wconf 87' lang='lat' dir='ltr'><strong>canonicae</strong></span> <span class='ocrx_word' id='word_1_245' title='bbox 355 3533 477 3594; x_wconf 89' lang='lat' dir='ltr'><strong>nullam</strong></span> <span class='ocrx_word' id='word_1_246' title='bbox 492 3535 751 3614; x_wconf 85' lang='lat' dir='ltr'><strong>praescripseruut</strong></span> <span class='ocrx_word' id='word_1_247' title='bbox 765 3532 1021 3594; x_wconf 90' lang='lat' dir='ltr'><strong>benedictionem</strong></span> 
     </span>
     <span class='ocr_line' id='line_1_35' title="bbox 30 3619 1023 3713; baseline 0.019 -42"><span class='ocrx_word' id='word_1_248' title='bbox 30 3619 221 3688; x_wconf 83' lang='lat' dir='ltr'><strong>oratoriorum</strong></span> <span class='ocrx_word' id='word_1_249' title='bbox 241 3630 448 3709; x_wconf 86' lang='lat' dir='ltr'><strong>privatorum,</strong></span> <span class='ocrx_word' id='word_1_250' title='bbox 466 3631 652 3713; x_wconf 90' lang='lat' dir='ltr'><strong>nullumque</strong></span> <span class='ocrx_word' id='word_1_251' title='bbox 669 3632 765 3692; x_wconf 89' lang='lat' dir='ltr'><strong>ritum</strong></span> <span class='ocrx_word' id='word_1_252' title='bbox 783 3632 825 3692; x_wconf 89' lang='lat' dir='ltr'><strong>ad</strong></span> <span class='ocrx_word' id='word_1_253' title='bbox 840 3629 1023 3709; x_wconf 90' lang='lat' dir='ltr'><strong>hujusmodi</strong></span> 
     </span>
     <span class='ocr_line' id='line_1_36' title="bbox 30 3701 1022 3802; baseline 0.022 -36"><span class='ocrx_word' id='word_1_254' title='bbox 30 3701 262 3786; x_wconf 80' lang='lat' dir='ltr'><strong>benedictionem</strong></span> <span class='ocrx_word' id='word_1_255' title='bbox 275 3727 418 3789; x_wconf 90' lang='lat' dir='ltr'><strong>indicant</strong></span> <span class='ocrx_word' id='word_1_256' title='bbox 429 3729 558 3790; x_wconf 85' lang='lat' dir='ltr'><strong>rituales</strong></span> <span class='ocrx_word' id='word_1_257' title='bbox 571 3730 652 3790; x_wconf 89' lang='lat' dir='ltr'><strong>libri.</strong></span> <span class='ocrx_word' id='word_1_258' title='bbox 667 3729 756 3792; x_wconf 87' lang='lat' dir='ltr'><strong>Unde</strong></span> <span class='ocrx_word' id='word_1_259' title='bbox 770 3747 854 3790; x_wconf 88' lang='lat' dir='ltr'><strong>anno</strong></span> <span class='ocrx_word' id='word_1_260' title='bbox 871 3728 957 3802; x_wconf 72' lang='lat'>1820,</span> <span class='ocrx_word' id='word_1_261' title='bbox 972 3727 1022 3788; x_wconf 91' lang='lat' dir='ltr'><strong>die</strong></span> 
     </span>
    </p>
   </div>
   <div class='ocr_carea' id='block_1_3' title="bbox 0 0 1308 4274">
    <p class='ocr_par' dir='ltr' id='par_1_4' title="bbox 0 0 1308 4274">
     <span class='ocr_line' id='line_1_37' title="bbox 0 0 1308 4274; baseline 0 0"><span class='ocrx_word' id='word_1_262' title='bbox 0 0 1308 4274; x_wconf 95' lang='lat' dir='ltr'><strong> </strong></span> 
     </span>
    </p>
   </div>
  </div>
 </body>
</html>
