2632 4260
126 243 198 289 altr.
223 242 258 290 il.
279 241 473 290 conuictores
493 241 660 297 nicetetia
680 243 718 290 Ab
738 241 979 290 canlintensis.
1026 236 1061 288 it
1168 303 1169 308 ¹
1219 233 1221 236 ⁵
1304 229 1306 278 i

64 358 128 420 dato
150 359 202 420 vel
229 363 425 438 praesumpto
450 358 575 420 indulto
604 357 791 439 apostolico,
821 363 952 438 propter
981 362 1062 418 tem-

61 475 165 534 porum
190 457 423 531 necessitatem,
445 473 484 520 ea
502 455 682 519 conditione
702 455 814 518 saltem
831 455 942 531 tacita,
968 459 1004 517 ut
1031 455 1065 518 in

60 555 213 616 servitium
239 555 383 618 dioecesis
402 561 518 636 praesto
538 556 601 617 siut
614 555 781 637 Episcopo,
804 555 859 636 qui
877 555 939 618 illis
961 553 1067 618 minis·

59 653 130 714 teria
148 653 337 741 committet,
358 655 442 716 unde
460 655 631 716 sustentari
649 660 862 734 congruenter
876 651 1009 735 possint.
1027 685 1065 700 ·-

61 752 174 813 Titulus
197 752 334 833 denique
352 753 503 814 missionis
524 752 672 815 adhiberi
692 751 867 828 consuevit,
891 751 964 815 cu'm
986 751 1066 814 alius

57 850 210 928 legitimus
229 851 340 913 titulus
355 869 419 914 nou
437 853 577 932 suppetit
590 871 649 932 pro
664 851 703 914 iis
720 851 775 933 qui
792 851 889 914 sacris
903 850 1066 913 ordinibus

56 949 166 1011 initiari
189 950 355 1030 postulant
375 957 411 1012 nt
431 935 620 1031 Ap'ostolicis
650 949 850 1014 Missionibusi
878 968 944 1012 sese
968 949 1064 1011 devo·

56 1055 154 1122 noant,
176 1054 209 1111 et
226 1069 266 1112 ex
280 1050 336 1112 illc
348 1050 526 1129 ministerio
541 1051 592 1114 cui
611 1050 728 1112 luerint
747 1050 875 1125 addicti,
893 1049 935 1110 ad
948 1048 1066 1110 victum

56 1148 227 1210 necessaria
236 1154 484 1230 consequuntur.
494 1149 554 1222 Oui
562 1149 660 1211 hocce
671 1148 764 1210 titulo
773 1148 914 1210 ordinari
922 1148 1064 1227 cupiunt,

58 1251 199 1325 tenentur
220 1247 307 1327 prius
323 1248 541 1329 juramentum
557 1249 700 1310 emittere
721 1266 785 1329 quo
805 1247 983 1328 spondeant
996 1245 1068 1308 mia·

57 1345 129 1406 sioni
148 1346 191 1406 ad
214 1365 310 1426 quam
330 1347 478 1409 destinati
498 1351 573 1408 sunt
592 1346 644 1408 vel
667 1346 921 1422 destinabantur,
946 1364 979 1408 se
1000 1345 1068 1407 lore

58 1449 240 1524 perpetuam
251 1463 382 1524 operam
395 1445 526 1506 daturos
539 1449 561 1506 ¹.

109 1543 180 1604 322.
199 1577 239 1592 -
254 1543 292 1604 li.
310 1544 436 1606 Certum
451 1548 498 1605 cst
512 1542 637 1604 nullum
651 1543 801 1606 clericum
815 1543 912 1606 inisse
929 1541 1068 1624 antiquis

58 1641 247 1721 temporibus
262 1641 445 1704 ordinatum
460 1642 594 1722 quinon
610 1642 840 1704 adscriberetur
855 1641 950 1705 alicui
964 1639 1069 1706 Eccle-

58 1738 112 1802 siae.
134 1765 150 1794 «
163 1741 225 1802 Eos
245 1740 301 1820 qui
314 1739 447 1802 absolute
466 1739 654 1804 ordinantur
672 1739 812 1803 decrevit
834 1746 945 1803 sancta
965 1742 1067 1820 Syno-
1111 1810 1113 1813 ,

61 1859 74 1894 r
92 1837 152 1898 dns
167 1835 461 1921 (Chalcedonensis)
481 1857 615 1902 vacuam
635 1839 753 1902 babere
768 1855 921 1902 manuum
934 1837 1067 1919 imposi-

61 1957 72 1992 α
88 1936 228 2013 tionem;
243 1961 260 1994 »
275 1937 395 1999 scilicet
405 1937 552 2000 interdici
565 1938 717 2000 exercitio
729 1939 850 2000 ordinis
859 1939 905 2000 ita
917 1937 1066 2018 suscepti.

57 2033 139 2116 (Gap.
156 2033 326 2112 Neminem,
343 2039 372 2113 i,
387 2036 525 2100 distinct.
543 2037 628 2118 cxx.)
642 2037 774 2110 Quando
788 2036 957 2100 concilium
974 2039 1067 2098 bate-

57 2151 196 2211 rancnse‚
211 2134 358 2197 habitum
373 2136 432 2198 sub
450 2136 632 2198 Alexandro
651 2137 705 2211 lll,
725 2154 808 2197 anno
824 2136 915 2210 lire,
930 2133 1069 2198 decrevit

56 2231 245 2313 Episcopum
260 2233 315 2314 qui
334 2234 528 2297 ordinaverit
549 2233 701 2296 clericum
718 2233 784 2295 sine
805 2233 912 2309 titulo,
933 2232 1069 2313 obligari

57 2332 92 2391 ad
106 2331 135 2394 ei
148 2331 456 2395 subministrandum
471 2332 649 2396 necessaria
661 2333 734 2394 vitae
746 2332 846 2394 donec
861 2331 1067 2410 assignetilli,

55 2428 84 2489 in
108 2431 264 2508 Ecclesia,
287 2431 443 2512 stipendia
467 2431 659 2494 sufficieutia
677 2431 798 2493 militiae
823 2430 989 2506 clericalis,
1010 2430 1072 2492 nisi

57 2527 121 2588 tulis
135 2528 294 2592 ordinatus
308 2529 344 2592 de
356 2549 413 2591 sno
427 2528 476 2592 vel
485 2539 616 2612 paterno
630 2529 806 2592 hereditate
821 2531 891 2592 crta
902 2527 1068 2592 andst'dinm

55 2625 161 2690 labere
175 2629 282 2710 possit,
303 2629 489 2692 intendebat
510 2629 711 2692 solummodo
731 2635 767 2690 ut
780 2629 1001 2710 provideretur
1016 2647 1070 2692 ne·

56 2725 252 2788 cessitatibus
266 2727 465 2808 clericorum,
481 2747 571 2808 quos,
586 2747 642 2790 seu
655 2727 886 2808 imprudenter,
899 2745 954 2790 seu
966 2745 1070 2790 neces-

55 2823 152 2886 sitatis
168 2845 275 2900 causa‚
292 2827 467 2907 Episcopus
484 2826 679 2888 ordinaverit
700 2827 821 2907 absque
840 2827 933 2888 titulo
948 2825 1069 2888 benefi-

55 2923 137 2999 ciali3
153 2925 221 2986 vim
234 2925 391 2988 retinente
403 2925 504 2988 veteri
517 2925 697 3006 disciplina.
714 2925 874 2989 Paulatim
884 2929 991 2988 tamen
1007 2924 1070 2986 alio

55 3040 144 3084 sensu
159 3023 214 3085 lex
230 3023 290 3085 fuit
307 3023 526 3105 interpretata,
541 3025 739 3105 invaluitque
759 3023 867 3103 opinio
885 3022 988 3086 licitas
1003 3040 1070 3086 esse

54 3121 270 3184 ordinationes
284 3121 352 3185 sine
366 3122 459 3186 titulo
476 3123 667 3200 beneficiali,
684 3124 780 3185 modo
796 3123 903 3186 clerici
915 3122 1072 3186 haberent

54 3221 231 3296 necessaria
245 3220 286 3282 ad
301 3223 350 3282 sui
363 3221 636 3284 sustentationem.

109 3319 242 3380 Nullum
256 3326 402 3400 superest
413 3339 451 3382 ea
462 3322 501 3381 de
514 3337 548 3381 re
563 3320 708 3396 dubium,
720 3320 753 3382 in
766 3320 881 3383 nostris
894 3321 1070 3402 praesertim

96 3503 121 3549 l.
139 3499 168 3550 S.
188 3497 369 3566 congregatio
382 3499 416 3549 de
432 3499 511 3564 Prop.
525 3499 589 3550 Fide
606 3499 680 3550 dedit
694 3500 911 3562 instructionem,
925 3499 970 3550 die
984 3502 1015 3552 27
1026 3515 1069 3566 ap.

54 3574 109 3626 1871
125 3575 160 3627 da
170 3575 249 3627 titulo
264 3575 448 3638 ordinationis,
461 3576 490 3626 in
501 3589 556 3640 qua
570 3577 744 3641 potissimum
754 3576 844 3642 agitur
857 3575 891 3626 de
900 3576 1001 3641 regulis
1015 3591 1070 3628 ser·

53 3652 146 3704 vendis
160 3657 191 3704 ut
209 3651 374 3704 adhibeatur
389 3650 482 3712 titulus
501 3650 649 3712 missionis,
664 3665 695 3702 ac
714 3650 796 3703 simui
815 3651 997 3718 prescribitur
1015 3651 1068 3702 ior-

53 3729 125 3778 mula
130 3728 282 3792 juramenti
297 3727 332 3778 ab
348 3727 381 3777 iis
395 3727 542 3791 praetendi
555 3728 601 3793 qui
616 3725 711 3778 eodm
720 3727 801 3779 titulo
811 3727 980 3780 ordinentur.
996 3744 998 3752 ·

914 3829 930 3880 2

1126 2608 1137 2644 t
