2568 4272
218 249 271 303 364
482 255 556 302 PARS
576 253 623 302 111.
645 255 701 302 RES
720 255 968 305 oculatissimo.

217 460 389 522 harmotus
413 478 447 522 11.
472 491 511 505 ·-
531 461 576 520 DE
598 459 714 520 ORDINE
740 477 799 528 QUO
821 478 916 523 FESTA
938 479 1149 527 CELEBRANTUR
1170 485 1214 530 PER

590 573 748 619 DEGURSUM
775 575 858 619 ahor.

279 757 347 817 515.
369 757 448 817 -1ο
469 753 626 816 llodemom
640 755 761 818 omutur
779 754 933 816 distinctio
948 755 1065 818 dierum
1083 759 1213 838 festorum

218 852 412 916 immobilium
426 862 456 913 ct
465 849 642 912 mobilium?

276 951 347 1014 Dies
361 952 432 1012 festi
453 949 615 1010 immobiles
630 949 778 1011 dicuntur
792 951 847 1030 qui
863 950 994 1029 singulis
1012 953 1102 1015 annis
1118 956 1214 1018 eodem

218 1050 267 1111 die
291 1055 473 1111 recurrente
493 1049 703 1123 celebrantur,
725 1067 756 1110 v.
779 1069 810 1128 g.
834 1069 840 1111 :
867 1050 987 1111 Natalis
1007 1052 1142 1126 Domini,
1162 1055 1214 1115 Gir·

218 1147 379 1222 eumenio,
408 1146 597 1226 Epiphania,
621 1147 702 1206 lcsta
721 1147 757 1206 Β.
780 1146 928 1232 Virginis,
951 1149 1173 1226 Apostolorum
1193 1157 1216 1211 et

218 1246 352 1308 aliorum
363 1246 561 1318 Sanctorum,
572 1261 707 1322 quorum
721 1244 903 1305 solemnitas
916 1247 1086 1324 quotannis
1099 1249 1214 1309 refertur

218 1343 259 1404 ad
271 1343 354 1404 diem
369 1361 433 1421 qua
447 1341 605 1418 obierunt,
622 1345 654 1402 ct
675 1358 746 1420 quae
762 1347 809 1402 est
822 1361 896 1403 vere
914 1343 980 1404 dics
995 1344 1110 1405 natalis
1124 1365 1214 1406 servo-

217 1459 288 1501 rum
301 1440 358 1502 Dei
371 1458 378 1498 :
395 1438 582 1519 hacquippe
595 1438 769 1499 dienovam
782 1458 818 1500 ae
828 1439 1124 1503 immarcescibilem
1134 1442 1212 1503 vitam

219 1537 354 1615 assecuti
364 1542 446 1597 sunt.

276 1634 347 1697 Dies
361 1635 433 1694 festi
448 1633 569 1695 mobiles
588 1639 660 1694 sunt
675 1651 811 1712 quorum
826 1633 998 1696 celebratio
1014 1636 1160 1715 pendete
1173 1656 1209 1698 so-

216 1731 378 1793 lemnitate
392 1732 549 1806 Paschali‚
564 1751 594 1792 v.
612 1751 643 1809 g.
657 1732 802 1794 :Initium
808 1731 921 1812 jejunii
932 1734 1206 1812 quadragesimalis,

216 1833 363 1893 Ascensio
377 1830 514 1902 Domini,
530 1831 741 1903 Pentecostcs,
764 1830 818 1891 SS.
840 1829 988 1903 Trinitas,
1005 1833 1124 1911 Corpus
1138 1833 1206 1893 thri·

218 1928 295 1990 sti...
320 1930 430 2000 Porro,
452 1927 503 1986 lex
525 1933 572 1988 est
597 1927 816 2006 antiquissima
835 1927 997 2002 Ecclesiae,
1021 1948 1093 2008 quae
1114 1930 1205 1990 sensim
1250 1973 1251 2008 p

177 2054 181 2071 ·
218 2026 335 2106 ubique
358 2024 536 2103 prevaluit,
558 2024 682 2085 Pascha
703 2025 857 2085 celebrari
881 2025 931 2085 die
961 2026 1204 2105 dominicaque,

210 2109 289 2203 ‘post
303 2123 529 2203 aequinoctium
543 2141 687 2191 vernum,
704 2122 848 2201 proxime
863 2123 1005 2201 sequitur
1019 2124 1205 2203 plenilunium

217 2221 335 2295 martii,
349 2239 412 2281 non
425 2224 531 2280 autern
546 2220 616 2298 ipsa
629 2228 690 2282 xrv²
715 2220 765 2280 dic
778 2220 877 2294 lunae3
896 2229 1093 2301 quapropter
1106 2223 1205 2284 Pascha

216 2317 467 2379 christifidelium
490 2334 654 2396 nunquam
679 2317 826 2378 convenit
843 2336 915 2378 cum
934 2319 1204 2382 PaschateJudaeo-

217 2407 320 2477 rum.¹
1248 2477 1249 2480 ,

277 2513 1202 2593 Hanclegemconsuetudinefideliuminductam‚secunduu

217 2612 402 2673 traditiones
416 2611 615 2691 apostolicas,
633 2610 771 2670 firmavit
782 2612 952 2673 auctoritas
969 2613 1023 2674 SS.
1038 2613 1201 2675 Pontificum

218 2716 249 2771 at
263 2710 424 2770 decretum
442 2709 565 2770 concilii
583 2708 702 2770 Nicaeni
717 2714 827 2769 contra
846 2711 1154 2785 Quartodecimanos,
1166 2709 1201 2788 qui
1247 2753 1248 2782 p

164 2849 169 2858 ·
219 2826 290 2869 cum
305 2807 540 2868 delinitionibus
550 2807 632 2868 datis
645 2806 794 2867 obsistere
805 2807 873 2867 ausi
881 2807 1024 2883 fuissent,
1037 2808 1119 2871 inter
1130 2809 1200 2870 hare
1246 2789 1248 2869 l

217 2906 295 2967 ticos
314 2910 346 2966 et
371 2904 587 2965 schismaticos
607 2905 709 2966 hahiti
735 2909 819 2966 sunt.
847 2905 1011 2981 Catholici,
1040 2909 1098 2968 etsi
1120 2922 1199 2970 onnes

218 3002 431 3065 consentirent
447 3002 479 3060 in
506 3020 604 3061 unum
619 3008 690 3081 post
704 3001 808 3081 legem
822 3001 976 3064 indictam
993 3023 1012 3080 a
1027 3005 1153 3067 concilio
1163 3002 1197 3064 Ni·

217 3119 305 3163 caeno
330 3105 365 3161 ut
384 3099 502 3178 ubique
526 3099 738 3161 celebraretur
756 3100 882 3160 Pascha
906 3100 955 3162 die
982 3101 1146 3176 dominica,
1156 3117 1197 3160 noo

217 3199 488 3263 concordaverunt
506 3215 612 3259 secum
633 3198 667 3258 in
685 3198 927 3261 determinanda
948 3200 1015 3276 die3
1040 3202 1124 3263 unde
1139 3197 1196 3260 venit

217 3299 303 3379 quod
337 3297 444 3376 plures
471 3315 537 3356 una
572 3295 794 3373 hebdomada,
826 3297 878 3358 vel
915 3298 1009 3358 ctiam
1037 3318 1101 3359 uno
1121 3311 1196 3359 nense
1245 3332 1246 3375 p

218 3394 308 3456 eitius
330 3395 445 3462 festum
474 3399 614 3472 agerent.
639 3394 730 3455 Ratio
750 3393 937 3455 discriminis
962 3395 1022 3454 fuit
1047 3397 1130 3474 quod
1150 3409 1193 3452 noh

217 3497 381 3555 uterentur
401 3511 510 3554 omnes
534 3492 645 3554 eodem
661 3493 762 3571 cyclo
791 3492 963 3554 Concilium
989 3493 1142 3554 Nieaenum
1156 3489 1193 3548 de·

216 3589 422 3651 mandaverat
433 3589 589 3670 Episcopo
602 3588 815 3651 Alexandrino
827 3590 946 3669 {curam
959 3588 1139 3651 admonendi
1149 3602 1191 3646 ea·
1244 3565 1245 3629 l

217 3691 303 3749 teres
317 3687 488 3768 Episcopus
503 3689 542 3752 de
554 3688 604 3751 die
615 3685 775 3750 dominica
785 3687 976 3770 qualestum
984 3687 1129 3750 Paschalc
1139 3681 1193 3745 cele·
