2642 4270
231 231 282 284 598
490 237 567 284 Pons
585 237 632 284 111.
654 238 712 286 Rus
731 238 981 286 cccnsslnsrldc.

231 355 367 424 tenetur,
384 367 423 409 ex
442 349 533 410 dictis
554 368 661 428 supra,
687 349 853 428 providere
877 350 1119 411 necessitatibus
1142 354 1237 416 cultus

231 448 364 528 publici,
382 453 582 508 non·tenetur
593 464 667 508 vero
683 448 843 526 supplere,
859 447 930 508 loco
945 448 1086 522 fabricae,
1103 467 1174 528 quae
1186 471 1234 512 ne·

231 547 367 608 cessaria
388 551 461 606 sunt
478 544 624 607 Ecclesia
647 545 832 606 cathedrali.
854 547 929 606 Haec
953 547 1083 607 consilio
1106 551 1237 626 generali

231 645 368 722 regionis
390 643 587 716 incumbunt,
613 643 789 722 praesertim
813 643 969 720 gubernio
997 644 1082 721 quod
1112 645 1237 722 singulis
1290 665 1291 668 ’

231 743 322 802 annis
337 742 481 818 praestari
495 746 594 814 curat,
609 741 643 800 in
655 740 794 820 budgeto
809 739 951 817 generali
963 741 1159 819 reipublicae,
1171 745 1237 806 suh·

231 839 310 900 sidia
323 839 499 900 necessaria
510 844 578 899 tum
589 838 821 900 conservationi
831 838 1039 899 aedificiorum
1049 839 1237 903 dioecesano

230 956 313 1014 rum,
329 942 397 998 tum
417 938 513 998 etiam
536 937 734 1017 acquisitioni
754 954 902 997 vasorum
927 941 958 996 ct
979 945 1236 1002 ornamentorum

231 1035 346 1113 quibus
356 1034 501 1096 Ecclesiae
518 1035 715 1096 cathedrales
730 1034 874 1112 indigent
884 1035 908 1094 ¹.

291 1134 360 1193 640.
384 1167 423 1176 -
444 1132 617 1211 Episcopus
632 1132 862 1196 usumfructum
883 1137 914 1192 et
937 1131 1239 1202 administrationem

231 1231 329 1291 habet
340 1232 495 1292 bonorum
505 1229 672 1291 mobilium
682 1235 713 1290 et
721 1228 932 1294 immobilium
942 1230 1028 1290 tituli
1038 1231 1237 1310 episcopalis;

232 1345 302 1407 quae
321 1347 422 1388 mensa
440 1326 616 1407 episcopalis
638 1327 829 1406 quandoque
842 1333 1079 1406 nuncupantur,
1099 1329 1173 1408 quia
1186 1331 1236 1392 do-

227 1431 308 1486 nata
322 1431 395 1486 sunt
407 1425 473 1486 sedi
487 1423 670 1503 episcopali,
686 1424 903 1485 utinserviant
911 1426 1156 1486 necessitatibus
1165 1430 1241 1490 Prae-

162 1539 164 1542 ·
232 1523 318 1584 sniis

294 1620 399 1694 Tituli,
416 1620 535 1698 scripta
547 1619 741 1697 authentica,
757 1620 882 1699 aliaque
896 1621 1089 1682 documenta
1105 1622 1240 1684 debonis

231 1736 347 1780 mensae
362 1716 573 1796 EpiscopuIiS,
589 1718 734 1796 deposita
745 1723 911 1778 remanent
924 1718 956 1778 in
971 1718 1096 1778 scriniis
1109 1725 1237 1782 secreta·

232 1817 340 1890 rietus,
352 1817 436 1876 unde
450 1815 570 1876 retrahi
582 1834 645 1877 non
659 1815 776 1876 debent
788 1815 848 1876 nisi
862 1815 901 1876 de
916 1816 1067 1876 mandato
1085 1818 1236 1898 Episcopi.

289 1915 464 1993 Episcopus
485 1914 612 1974 easdem
634 1914 700 1972 fere
722 1913 848 1990 regulas
869 1913 1012 1992 sequitur
1031 1914 1065 1973 in
1089 1917 1235 1992 gestione,

232 2031 311 2090 quas
326 2012 444 2072 edictas
460 2012 554 2074 modo
570 2011 707 2072 diximus
721 2028 780 2088 pro
798 2010 1071 2073 administratione
1088 2013 1239 2075 honorum

232 2111 316 2171 tituli
327 2110 530 2190 parochialis,
543 2115 575 2170 et
584 2109 701 2170 eisdem
715 2109 864 2170 oneribus
876 2109 1032 2170 obnoxius
1044 2116 1104 2171 est.
1119 2113 1239 2174 Confici-

232 2214 285 2268 tur
305 2209 400 2269 simili
421 2208 516 2268 modo
536 2207 760 2280 inventarium,
779 2223 834 2266 seu
854 2212 1002 2266 accurata
1017 2211 1164 2271 recensio
1178 2215 1237 2270 tum

232 2307 389 2367 bonorum
397 2304 798 2385 mensaeepiscopalis,tum
806 2303 1238 2383 mobiliumquaeguberuium

233 2404 373 2482 assignat
385 2403 505 2482 palatio
520 2402 703 2481 episcopali.
741 2457 744 2464 .

292 2502 416 2563 Mortuo
431 2501 562 2572 titulari,
579 2504 785 2578 apponuntur
802 2499 905 2578 sigilla
918 2497 1058 2578 publica,
1075 2519 1151 2580 quae
1163 2503 1240 2564 dein·

233 2617 305 2677 ceps
317 2601 416 2679 judex
430 2600 533 2660 aufert
547 2598 587 2658 ad
602 2597 788 2675 petitionem
802 2597 937 2658 illorum
951 2615 1090 2675 quorum
1104 2600 1240 2672 interest,

233 2695 365 2756 servatis
398 2695 514 2773 regulis
550 2694 723 2768 consuetis3
753 2698 784 2754 et
807 2693 834 2753 si
857 2693 933 2772 quid
966 2695 1172 2758 immutatum
1193 2716 1239 2757 seu

233 2792 459 2854 deterioratum
478 2791 692 2869 comperiatur
711 2792 806 2870 culpa
825 2791 977 2864 defuncti,
992 2792 1139 2854 haeredes
1153 2793 1241 2872 injus

233 2894 387 2950 vocantur
400 2894 436 2947 ut
448 2893 561 2949 cuncta
575 2889 686 2966 reponi
701 2893 811 2949 curent
822 2888 859 2948 in
871 2893 955 2948 statu
968 2907 1123 2966 congruo.

229 2995 232 3000 '
294 2977 532 3048 Commissarius
544 3004 563 3046 a
578 2985 731 3063 gubernio
746 2985 927 3046 nominatus
939 2986 1050 3046 eadem
1059 2989 1173 3050 munia
1182 2989 1240 3050 obit

152 3127 154 3134 r
233 3086 266 3144 in
288 3082 558 3146 conservationem
585 3087 680 3162 atque
706 3083 880 3161 gestionem
905 3101 1022 3144 mensae
1045 3085 1238 3165 episcopalis,

234 3199 304 3261 quae
320 3181 517 3243 thesaurario
531 3181 661 3243 fabricae
676 3181 867 3240 demandata
882 3186 956 3240 sunt
969 3199 1027 3260 pro
1038 3183 1182 3259 gestione
1193 3185 1239 3244 bo·

235 3297 349 3340 norum
368 3278 452 3339 tituli
475 3278 681 3357 parochialis,
707 3277 862 3338 beneficio
886 3283 1030 3342 vacante.
1054 3281 1146 3341 Bona
1168 3281 1239 3358 regit

282 3468 305 3514 l.
320 3466 378 3525 Qus
397 3463 501 3514 ratione
519 3459 719 3525 procedendum
737 3459 771 3508 sit
793 3462 823 3508 ut
844 3455 1019 3510 obtineantur
1041 3461 1100 3510 haec
1120 3462 1240 3532 subsidia,

235 3533 370 3605 explicant
379 3540 470 3602 plures
479 3552 492 3586 e
495 3535 597 3600 pistolae
608 3533 799 3594 ministeriales,
816 3547 884 3597 quas
895 3535 1003 3600 collegit
1015 3535 1132 3586 diarium
1142 3537 1240 3588 deamat

236 3616 281 3664 des
296 3614 439 3679 subriperes,
457 3617 521 3663 tom.
544 3611 594 3672 1113
614 3609 682 3660 Coele
703 3609 749 3658 des
771 3608 915 3673 fubriqnea,
935 3615 1002 3662 tom.
1023 3612 1056 3672 Il,
1073 3611 1187 3679 Gtorqes
1202 3613 1238 3663 des

236 3690 388 3739 Communes
400 3689 620 3738 relativementcu
635 3686 711 3748 culte,
727 3699 788 3750 pag.
803 3687 849 3736 ltl
862 3689 889 3736 et
905 3699 962 3751 seq.
