<?xml version="1.0" encoding="UTF-8"?>
<!DOCTYPE html PUBLIC "-//W3C//DTD XHTML 1.0 Transitional//EN"
    "http://www.w3.org/TR/xhtml1/DTD/xhtml1-transitional.dtd">
<html xmlns="http://www.w3.org/1999/xhtml" xml:lang="en" lang="en">
 <head>
  <title>
</title>
<meta http-equiv="Content-Type" content="text/html;charset=utf-8" />
  <meta name='ocr-system' content='tesseract 3.04.00' />
  <meta name='ocr-capabilities' content='ocr_page ocr_carea ocr_par ocr_line ocrx_word'/>
</head>
<body>
  <div class='ocr_page' id='page_1' title='image "./praelectionesju00murrgoog_0166.png"; bbox 0 0 2582 4278; ppageno 0'>
   <div class='ocr_carea' id='block_1_1' title="bbox 90 213 1051 396">
    <p class='ocr_par' dir='ltr' id='par_1_1' title="bbox 90 213 1051 396">
     <span class='ocr_line' id='line_1_1' title="bbox 90 213 1051 270; baseline 0.006 -6"><span class='ocrx_word' id='word_1_1' title='bbox 90 215 152 264; x_wconf 74' lang='lat' dir='ltr'>aar.</span> <span class='ocrx_word' id='word_1_2' title='bbox 172 216 213 263; x_wconf 83' lang='lat' dir='ltr'>tv.</span> <span class='ocrx_word' id='word_1_3' title='bbox 234 215 451 267; x_wconf 82' lang='lat' dir='ltr'>ontteurrouus</span> <span class='ocrx_word' id='word_1_4' title='bbox 471 217 682 268; x_wconf 81' lang='lat' dir='ltr'>mrvrutonuu</span> <span class='ocrx_word' id='word_1_5' title='bbox 702 218 738 266; x_wconf 83' lang='lat' dir='ltr'>ur</span> <span class='ocrx_word' id='word_1_6' title='bbox 758 217 981 268; x_wconf 81' lang='lat' dir='ltr'>cuuouuonnu.</span> <span class='ocrx_word' id='word_1_7' title='bbox 1002 213 1051 270; x_wconf 73' lang='lat' dir='ltr'>tot</span> 
     </span>
     <span class='ocr_line' id='line_1_2' title="bbox 107 329 851 396; baseline 0.001 -4"><span class='ocrx_word' id='word_1_8' title='bbox 107 329 189 392; x_wconf 74' lang='lat' dir='ltr'>*tut</span> <span class='ocrx_word' id='word_1_9' title='bbox 203 363 244 378; x_wconf 90' lang='grc'>--</span> <span class='ocrx_word' id='word_1_10' title='bbox 257 332 309 395; x_wconf 85' lang='lat' dir='ltr'>tv.</span> <span class='ocrx_word' id='word_1_11' title='bbox 330 333 508 396; x_wconf 63' lang='lat' dir='ltr'>maurosum</span> <span class='ocrx_word' id='word_1_12' title='bbox 528 349 623 396; x_wconf 81' lang='lat' dir='ltr'>urssn</span> <span class='ocrx_word' id='word_1_13' title='bbox 645 343 851 396; x_wconf 77' lang='lat' dir='ltr'>murotenus.</span> 
     </span>
    </p>
   </div>
   <div class='ocr_carea' id='block_1_2' title="bbox 108 427 1154 511">
    <p class='ocr_par' dir='ltr' id='par_1_2' title="bbox 108 427 1154 511">
     <span class='ocr_line' id='line_1_3' title="bbox 108 427 1154 511; baseline 0.004 -22"><span class='ocrx_word' id='word_1_14' title='bbox 108 429 296 510; x_wconf 88' lang='lat' dir='ltr'>Perantiqua</span> <span class='ocrx_word' id='word_1_15' title='bbox 312 436 360 492; x_wconf 90' lang='lat' dir='ltr'>est</span> <span class='ocrx_word' id='word_1_16' title='bbox 377 431 429 492; x_wconf 82' lang='lat' dir='ltr'>lex</span> <span class='ocrx_word' id='word_1_17' title='bbox 448 449 520 511; x_wconf 77' lang='lat' dir='ltr'>quae</span> <span class='ocrx_word' id='word_1_18' title='bbox 534 431 725 511; x_wconf 74' lang='lat' dir='ltr'>praescripsit</span> <span class='ocrx_word' id='word_1_19' title='bbox 740 436 775 492; x_wconf 95' lang='lat' dir='ltr'>ut</span> <span class='ocrx_word' id='word_1_20' title='bbox 789 431 921 510; x_wconf 80' lang='lat' dir='ltr'>singulis</span> <span class='ocrx_word' id='word_1_21' title='bbox 942 427 1056 493; x_wconf 90' lang='lat' dir='ltr'>diebus·</span> <span class='ocrx_word' id='word_1_22' title='bbox 1150 428 1154 436; x_wconf 77' lang='grc'><strong>“</strong></span> 
     </span>
    </p>
   </div>
   <div class='ocr_carea' id='block_1_3' title="bbox 59 525 1059 3346">
    <p class='ocr_par' dir='ltr' id='par_1_3' title="bbox 59 525 1059 997">
     <span class='ocr_line' id='line_1_4' title="bbox 60 525 1059 607; baseline 0 -16"><span class='ocrx_word' id='word_1_23' title='bbox 60 525 140 591; x_wconf 88' lang='lat' dir='ltr'>llissa</span> <span class='ocrx_word' id='word_1_24' title='bbox 155 525 333 588; x_wconf 74' lang='lat' dir='ltr'>celebretur</span> <span class='ocrx_word' id='word_1_25' title='bbox 350 528 383 588; x_wconf 93' lang='lat' dir='ltr'>in</span> <span class='ocrx_word' id='word_1_26' title='bbox 404 527 550 590; x_wconf 89' lang='lat' dir='ltr'>Ecclesiis</span> <span class='ocrx_word' id='word_1_27' title='bbox 569 527 805 590; x_wconf 78' lang='lat' dir='ltr'>cathedralibus</span> <span class='ocrx_word' id='word_1_28' title='bbox 820 534 852 590; x_wconf 93' lang='lat' dir='ltr'>et</span> <span class='ocrx_word' id='word_1_29' title='bbox 866 528 1059 607; x_wconf 76' lang='lat' dir='ltr'>collegiatis,</span> 
     </span>
     <span class='ocr_line' id='line_1_5' title="bbox 60 623 1053 704; baseline 0.003 -19"><span class='ocrx_word' id='word_1_30' title='bbox 60 630 85 686; x_wconf 90' lang='lat' dir='ltr'>et</span> <span class='ocrx_word' id='word_1_31' title='bbox 103 623 277 703; x_wconf 80' lang='lat' dir='ltr'>applicetur</span> <span class='ocrx_word' id='word_1_32' title='bbox 300 643 359 704; x_wconf 91' lang='lat' dir='ltr'>pro</span> <span class='ocrx_word' id='word_1_33' title='bbox 387 626 570 688; x_wconf 90' lang='lat' dir='ltr'>earumdem</span> <span class='ocrx_word' id='word_1_34' title='bbox 593 625 847 688; x_wconf 79' lang='lat' dir='ltr'>benefactoribus</span> <span class='ocrx_word' id='word_1_35' title='bbox 864 625 897 687; x_wconf 92' lang='lat' dir='ltr'>in</span> <span class='ocrx_word' id='word_1_36' title='bbox 928 644 1053 704; x_wconf 82' lang='lat' dir='ltr'>genere,</span> 
     </span>
     <span class='ocr_line' id='line_1_6' title="bbox 60 721 1055 804; baseline 0.002 -21"><span class='ocrx_word' id='word_1_37' title='bbox 60 721 154 783; x_wconf 88' lang='lat' dir='ltr'>codem</span> <span class='ocrx_word' id='word_1_38' title='bbox 168 740 300 800; x_wconf 91' lang='lat' dir='ltr'>prorsus</span> <span class='ocrx_word' id='word_1_39' title='bbox 310 722 405 784; x_wconf 93' lang='lat' dir='ltr'>modo</span> <span class='ocrx_word' id='word_1_40' title='bbox 420 742 483 804; x_wconf 90' lang='lat' dir='ltr'>quo</span> <span class='ocrx_word' id='word_1_41' title='bbox 496 724 591 786; x_wconf 86' lang='lat' dir='ltr'>Missa</span> <span class='ocrx_word' id='word_1_42' title='bbox 606 723 797 802; x_wconf 88' lang='lat' dir='ltr'>parochialis</span> <span class='ocrx_word' id='word_1_43' title='bbox 808 725 848 785; x_wconf 88' lang='lat' dir='ltr'>ab</span> <span class='ocrx_word' id='word_1_44' title='bbox 864 723 928 785; x_wconf 90' lang='lat' dir='ltr'>illis·</span> <span class='ocrx_word' id='word_1_45' title='bbox 938 725 994 803; x_wconf 91' lang='lat' dir='ltr'>qui</span> <span class='ocrx_word' id='word_1_46' title='bbox 1003 741 1055 785; x_wconf 92' lang='lat' dir='ltr'>cu-</span> 
     </span>
     <span class='ocr_line' id='line_1_7' title="bbox 59 819 1057 900; baseline 0.004 -22"><span class='ocrx_word' id='word_1_47' title='bbox 59 837 115 880; x_wconf 89' lang='lat' dir='ltr'>ram</span> <span class='ocrx_word' id='word_1_48' title='bbox 128 819 307 880; x_wconf 87' lang='lat' dir='ltr'>animarum</span> <span class='ocrx_word' id='word_1_49' title='bbox 320 826 445 898; x_wconf 78' lang='lat' dir='ltr'>gerunt,</span> <span class='ocrx_word' id='word_1_50' title='bbox 463 839 523 900; x_wconf 92' lang='lat' dir='ltr'>pro</span> <span class='ocrx_word' id='word_1_51' title='bbox 540 821 659 900; x_wconf 90' lang='lat' dir='ltr'>populo</span> <span class='ocrx_word' id='word_1_52' title='bbox 679 821 738 882; x_wconf 88' lang='lat' dir='ltr'>sibi</span> <span class='ocrx_word' id='word_1_53' title='bbox 755 821 935 896; x_wconf 88' lang='lat' dir='ltr'>commisso,</span> <span class='ocrx_word' id='word_1_54' title='bbox 951 822 1057 900; x_wconf 75' lang='lat' dir='ltr'>singu-</span> 
     </span>
     <span class='ocr_line' id='line_1_8' title="bbox 59 914 853 997; baseline 0.004 -21"><span class='ocrx_word' id='word_1_55' title='bbox 59 914 90 976; x_wconf 90' lang='lat' dir='ltr'>lis</span> <span class='ocrx_word' id='word_1_56' title='bbox 102 915 205 976; x_wconf 89' lang='lat' dir='ltr'>diebus</span> <span class='ocrx_word' id='word_1_57' title='bbox 219 916 340 977; x_wconf 84' lang='lat' dir='ltr'>festivis</span> <span class='ocrx_word' id='word_1_58' title='bbox 352 917 391 978; x_wconf 90' lang='lat' dir='ltr'>de</span> <span class='ocrx_word' id='word_1_59' title='bbox 403 923 563 997; x_wconf 75' lang='lat' dir='ltr'>praecepto</span> <span class='ocrx_word' id='word_1_60' title='bbox 578 918 734 997; x_wconf 87' lang='lat' dir='ltr'>applicari</span> <span class='ocrx_word' id='word_1_61' title='bbox 748 918 853 979; x_wconf 89' lang='lat' dir='ltr'>debet.</span> 
     </span>
    </p>

    <p class='ocr_par' dir='ltr' id='par_1_4' title="bbox 60 1012 1059 1980">
     <span class='ocr_line' id='line_1_9' title="bbox 107 1012 1057 1093; baseline 0.006 -19"><span class='ocrx_word' id='word_1_62' title='bbox 107 1012 180 1074; x_wconf 88' lang='lat' dir='ltr'>Sunt</span> <span class='ocrx_word' id='word_1_63' title='bbox 194 1014 294 1075; x_wconf 89' lang='lat' dir='ltr'>etiam</span> <span class='ocrx_word' id='word_1_64' title='bbox 308 1015 421 1076; x_wconf 88' lang='lat' dir='ltr'>diesin</span> <span class='ocrx_word' id='word_1_65' title='bbox 436 1015 551 1093; x_wconf 88' lang='lat' dir='ltr'>quibus</span> <span class='ocrx_word' id='word_1_66' title='bbox 571 1015 641 1076; x_wconf 82' lang='lat' dir='ltr'>duae</span> <span class='ocrx_word' id='word_1_67' title='bbox 656 1015 707 1076; x_wconf 91' lang='lat' dir='ltr'>vel</span> <span class='ocrx_word' id='word_1_68' title='bbox 719 1015 816 1076; x_wconf 88' lang='lat' dir='ltr'>etiem</span> <span class='ocrx_word' id='word_1_69' title='bbox 836 1020 901 1078; x_wconf 88' lang='lat' dir='ltr'>tres</span> <span class='ocrx_word' id='word_1_70' title='bbox 921 1016 1022 1078; x_wconf 81' lang='lat' dir='ltr'>blissae</span> <span class='ocrx_word' id='word_1_71' title='bbox 1037 1035 1057 1080; x_wconf 86' lang='lat' dir='ltr'>a</span> 
     </span>
     <span class='ocr_line' id='line_1_10' title="bbox 60 1111 1054 1193; baseline 0.001 -21"><span class='ocrx_word' id='word_1_72' title='bbox 60 1111 179 1190; x_wconf 89' lang='lat' dir='ltr'>capitulo</span> <span class='ocrx_word' id='word_1_73' title='bbox 193 1112 351 1175; x_wconf 86' lang='lat' dir='ltr'>celebrari</span> <span class='ocrx_word' id='word_1_74' title='bbox 370 1113 497 1186; x_wconf 89' lang='lat' dir='ltr'>debent,</span> <span class='ocrx_word' id='word_1_75' title='bbox 516 1113 610 1193; x_wconf 85' lang='lat' dir='ltr'>juxta</span> <span class='ocrx_word' id='word_1_76' title='bbox 625 1113 779 1187; x_wconf 83' lang='lat' dir='ltr'>rubricas,</span> <span class='ocrx_word' id='word_1_77' title='bbox 802 1113 941 1192; x_wconf 88' lang='lat' dir='ltr'>quando,</span> <span class='ocrx_word' id='word_1_78' title='bbox 962 1133 993 1175; x_wconf 89' lang='lat' dir='ltr'>v.</span> <span class='ocrx_word' id='word_1_79' title='bbox 1009 1131 1054 1192; x_wconf 66' lang='lat' dir='ltr'>g„</span> 
     </span>
     <span class='ocr_line' id='line_1_11' title="bbox 60 1205 1056 1291; baseline 0.002 -21"><span class='ocrx_word' id='word_1_80' title='bbox 60 1216 234 1272; x_wconf 88' lang='lat' dir='ltr'>concurrunt</span> <span class='ocrx_word' id='word_1_81' title='bbox 249 1211 332 1272; x_wconf 86' lang='lat' dir='ltr'>iesta</span> <span class='ocrx_word' id='word_1_82' title='bbox 347 1216 529 1274; x_wconf 91' lang='lat' dir='ltr'>sanctorum</span> <span class='ocrx_word' id='word_1_83' title='bbox 546 1229 619 1274; x_wconf 90' lang='lat' dir='ltr'>cnm</span> <span class='ocrx_word' id='word_1_84' title='bbox 632 1210 758 1291; x_wconf 80' lang='lat' dir='ltr'>vigiliis,</span> <span class='ocrx_word' id='word_1_85' title='bbox 771 1216 803 1272; x_wconf 89' lang='lat' dir='ltr'>et</span> <span class='ocrx_word' id='word_1_86' title='bbox 816 1215 960 1291; x_wconf 89' lang='lat' dir='ltr'>tempore</span> <span class='ocrx_word' id='word_1_87' title='bbox 976 1205 1056 1283; x_wconf 68' lang='lat' dir='ltr'>Quess</span> 
     </span>
     <span class='ocr_line' id='line_1_12' title="bbox 61 1306 1057 1388; baseline 0.002 -20"><span class='ocrx_word' id='word_1_88' title='bbox 61 1306 240 1387; x_wconf 81' lang='lat' dir='ltr'>dragesimee.</span> <span class='ocrx_word' id='word_1_89' title='bbox 270 1309 359 1385; x_wconf 80' lang='lat' dir='ltr'>Cum,</span> <span class='ocrx_word' id='word_1_90' title='bbox 382 1310 502 1373; x_wconf 90' lang='lat' dir='ltr'>recenti</span> <span class='ocrx_word' id='word_1_91' title='bbox 525 1314 629 1382; x_wconf 76' lang='lat' dir='ltr'>atate,</span> <span class='ocrx_word' id='word_1_92' title='bbox 655 1308 828 1388; x_wconf 85' lang='lat' dir='ltr'>Episcopus</span> <span class='ocrx_word' id='word_1_93' title='bbox 851 1308 1057 1388; x_wconf 90' lang='lat' dir='ltr'>comperisset</span> 
     </span>
     <span class='ocr_line' id='line_1_13' title="bbox 61 1405 1056 1470; baseline -0.001 -2"><span class='ocrx_word' id='word_1_94' title='bbox 61 1405 210 1468; x_wconf 86' lang='lat' dir='ltr'>canonicos</span> <span class='ocrx_word' id='word_1_95' title='bbox 231 1407 381 1470; x_wconf 70' lang='lat' dir='ltr'>Ecclesiae</span> <span class='ocrx_word' id='word_1_96' title='bbox 411 1427 475 1470; x_wconf 77' lang='lat' dir='ltr'>sues</span> <span class='ocrx_word' id='word_1_97' title='bbox 505 1407 695 1470; x_wconf 83' lang='lat' dir='ltr'>cathedralis</span> <span class='ocrx_word' id='word_1_98' title='bbox 724 1406 897 1470; x_wconf 90' lang='lat' dir='ltr'>secundam</span> <span class='ocrx_word' id='word_1_99' title='bbox 928 1405 1056 1470; x_wconf 85' lang='lat' dir='ltr'>Missam</span> 
     </span>
     <span class='ocr_line' id='line_1_14' title="bbox 61 1504 1057 1584; baseline 0.003 -21"><span class='ocrx_word' id='word_1_100' title='bbox 61 1521 111 1566; x_wconf 89' lang='lat' dir='ltr'>non</span> <span class='ocrx_word' id='word_1_101' title='bbox 125 1504 297 1581; x_wconf 88' lang='lat' dir='ltr'>celebrare,</span> <span class='ocrx_word' id='word_1_102' title='bbox 313 1524 353 1568; x_wconf 83' lang='lat' dir='ltr'>ex</span> <span class='ocrx_word' id='word_1_103' title='bbox 368 1506 596 1570; x_wconf 86' lang='lat' dir='ltr'>consuetudine</span> <span class='ocrx_word' id='word_1_104' title='bbox 609 1504 855 1568; x_wconf 83' lang='lat' dir='ltr'>immemorabili</span> <span class='ocrx_word' id='word_1_105' title='bbox 874 1505 914 1566; x_wconf 87' lang='lat' dir='ltr'>ab</span> <span class='ocrx_word' id='word_1_106' title='bbox 929 1505 1057 1584; x_wconf 85' lang='lat' dir='ltr'>Episco-</span> 
     </span>
     <span class='ocr_line' id='line_1_15' title="bbox 62 1602 1056 1684; baseline 0.001 -21"><span class='ocrx_word' id='word_1_107' title='bbox 62 1602 98 1681; x_wconf 87' lang='lat' dir='ltr'>pis</span> <span class='ocrx_word' id='word_1_108' title='bbox 110 1603 324 1666; x_wconf 86' lang='lat' dir='ltr'>decessoribus</span> <span class='ocrx_word' id='word_1_109' title='bbox 343 1623 469 1684; x_wconf 86' lang='lat' dir='ltr'>semper</span> <span class='ocrx_word' id='word_1_110' title='bbox 490 1605 635 1679; x_wconf 79' lang='lat' dir='ltr'>toleratu,</span> <span class='ocrx_word' id='word_1_111' title='bbox 656 1603 829 1683; x_wconf 87' lang='lat' dir='ltr'>postulavit</span> <span class='ocrx_word' id='word_1_112' title='bbox 840 1621 881 1664; x_wconf 91' lang='lat' dir='ltr'>an</span> <span class='ocrx_word' id='word_1_113' title='bbox 896 1603 965 1665; x_wconf 84' lang='lat' dir='ltr'>baee</span> <span class='ocrx_word' id='word_1_114' title='bbox 983 1621 1056 1664; x_wconf 91' lang='lat' dir='ltr'>con·</span> 
     </span>
     <span class='ocr_line' id='line_1_16' title="bbox 63 1701 1059 1783; baseline 0.002 -23"><span class='ocrx_word' id='word_1_115' title='bbox 63 1701 173 1763; x_wconf 87' lang='lat' dir='ltr'>suetudo</span> <span class='ocrx_word' id='word_1_116' title='bbox 187 1703 339 1764; x_wconf 83' lang='lat' dir='ltr'>sustineri</span> <span class='ocrx_word' id='word_1_117' title='bbox 352 1708 468 1783; x_wconf 90' lang='lat' dir='ltr'>posset.</span> <span class='ocrx_word' id='word_1_118' title='bbox 496 1704 528 1767; x_wconf 90' lang='lat' dir='ltr'>S.</span> <span class='ocrx_word' id='word_1_119' title='bbox 554 1701 764 1780; x_wconf 74' lang='lat' dir='ltr'>Congregatio</span> <span class='ocrx_word' id='word_1_120' title='bbox 783 1701 947 1781; x_wconf 85' lang='lat' dir='ltr'>respondit</span> <span class='ocrx_word' id='word_1_121' title='bbox 961 1701 1059 1762; x_wconf 83' lang='lat' dir='ltr'>Ceno·</span> 
     </span>
     <span class='ocr_line' id='line_1_17' title="bbox 63 1797 1058 1873; baseline 0.001 -16"><span class='ocrx_word' id='word_1_122' title='bbox 63 1798 131 1860; x_wconf 91' lang='lat' dir='ltr'>nicos</span> <span class='ocrx_word' id='word_1_123' title='bbox 147 1801 249 1862; x_wconf 90' lang='lat' dir='ltr'>teneri</span> <span class='ocrx_word' id='word_1_124' title='bbox 264 1801 305 1863; x_wconf 86' lang='lat' dir='ltr'>ud</span> <span class='ocrx_word' id='word_1_125' title='bbox 319 1801 570 1862; x_wconf 86' lang='lat' dir='ltr'>celebrationem</span> <span class='ocrx_word' id='word_1_126' title='bbox 585 1801 765 1873; x_wconf 78' lang='lat' dir='ltr'>Missurum,</span> <span class='ocrx_word' id='word_1_127' title='bbox 781 1799 842 1861; x_wconf 89' lang='lat' dir='ltr'>nisi</span> <span class='ocrx_word' id='word_1_128' title='bbox 855 1799 997 1862; x_wconf 88' lang='lat' dir='ltr'>habeant</span> <span class='ocrx_word' id='word_1_129' title='bbox 1010 1797 1058 1858; x_wconf 90' lang='lat' dir='ltr'>in·</span> 
     </span>
     <span class='ocr_line' id='line_1_18' title="bbox 65 1891 907 1980; baseline 0.007 -24"><span class='ocrx_word' id='word_1_130' title='bbox 65 1895 165 1958; x_wconf 85' lang='lat' dir='ltr'>dullum</span> <span class='ocrx_word' id='word_1_131' title='bbox 177 1898 400 1977; x_wconf 85' lang='lat' dir='ltr'>apostolicum.</span> <span class='ocrx_word' id='word_1_132' title='bbox 414 1898 466 1980; x_wconf 69' lang='lat'>(23</span> <span class='ocrx_word' id='word_1_133' title='bbox 480 1917 554 1976; x_wconf 79' lang='lat' dir='ltr'>aug.</span> <span class='ocrx_word' id='word_1_134' title='bbox 572 1897 674 1979; x_wconf 77' lang='lat'><strong>1873.)</strong></span> <span class='ocrx_word' id='word_1_135' title='bbox 905 1891 907 1898; x_wconf 77' lang='grc'><strong>’</strong></span> 
     </span>
    </p>

    <p class='ocr_par' dir='ltr' id='par_1_5' title="bbox 63 1992 1059 2562">
     <span class='ocr_line' id='line_1_19' title="bbox 107 1992 1058 2060; baseline -0.003 -3"><span class='ocrx_word' id='word_1_136' title='bbox 107 1995 209 2057; x_wconf 86' lang='lat' dir='ltr'>llissas</span> <span class='ocrx_word' id='word_1_137' title='bbox 227 1996 452 2058; x_wconf 85' lang='lat' dir='ltr'>conventuales</span> <span class='ocrx_word' id='word_1_138' title='bbox 471 1995 678 2060; x_wconf 86' lang='lat' dir='ltr'>celebrandae</span> <span class='ocrx_word' id='word_1_139' title='bbox 693 2013 760 2058; x_wconf 90' lang='lat' dir='ltr'>esse</span> <span class='ocrx_word' id='word_1_140' title='bbox 777 2014 849 2057; x_wconf 90' lang='lat' dir='ltr'>cum</span> <span class='ocrx_word' id='word_1_141' title='bbox 867 2000 962 2058; x_wconf 88' lang='lat' dir='ltr'>centu</span> <span class='ocrx_word' id='word_1_142' title='bbox 977 1992 1058 2056; x_wconf 86' lang='lat' dir='ltr'>indi·</span> 
     </span>
     <span class='ocr_line' id='line_1_20' title="bbox 65 2094 1056 2173; baseline 0 -21"><span class='ocrx_word' id='word_1_143' title='bbox 65 2098 121 2153; x_wconf 86' lang='lat' dir='ltr'>cant</span> <span class='ocrx_word' id='word_1_144' title='bbox 134 2094 240 2173; x_wconf 91' lang='lat' dir='ltr'>plures</span> <span class='ocrx_word' id='word_1_145' title='bbox 262 2094 494 2156; x_wconf 86' lang='lat' dir='ltr'>declarationes</span> <span class='ocrx_word' id='word_1_146' title='bbox 511 2095 542 2158; x_wconf 84' lang='lat' dir='ltr'>S.</span> <span class='ocrx_word' id='word_1_147' title='bbox 566 2094 682 2172; x_wconf 76' lang='lat' dir='ltr'>Cougr.</span> <span class='ocrx_word' id='word_1_148' title='bbox 703 2094 845 2157; x_wconf 84' lang='lat' dir='ltr'>Rituum.</span> <span class='ocrx_word' id='word_1_149' title='bbox 866 2095 1056 2155; x_wconf 78' lang='lat' dir='ltr'>Concessum</span> 
     </span>
     <span class='ocr_line' id='line_1_21' title="bbox 63 2188 1055 2272; baseline -0.001 -23"><span class='ocrx_word' id='word_1_150' title='bbox 63 2192 149 2250; x_wconf 75' lang='lat' dir='ltr'>umen</span> <span class='ocrx_word' id='word_1_151' title='bbox 167 2191 226 2253; x_wconf 87' lang='lat' dir='ltr'>luit</span> <span class='ocrx_word' id='word_1_152' title='bbox 246 2191 407 2254; x_wconf 90' lang='lat' dir='ltr'>nonnullis</span> <span class='ocrx_word' id='word_1_153' title='bbox 426 2191 588 2272; x_wconf 87' lang='lat' dir='ltr'>capitulis,</span> <span class='ocrx_word' id='word_1_154' title='bbox 607 2191 732 2255; x_wconf 80' lang='lat' dir='ltr'>satione</span> <span class='ocrx_word' id='word_1_155' title='bbox 752 2190 863 2253; x_wconf 85' lang='lat' dir='ltr'>habita</span> <span class='ocrx_word' id='word_1_156' title='bbox 885 2188 1055 2269; x_wconf 84' lang='lat' dir='ltr'>paucitatis</span> 
     </span>
     <span class='ocr_line' id='line_1_22' title="bbox 65 2286 1059 2369; baseline -0.002 -21"><span class='ocrx_word' id='word_1_157' title='bbox 65 2287 279 2366; x_wconf 84' lang='lat' dir='ltr'>canonicorum,</span> <span class='ocrx_word' id='word_1_158' title='bbox 295 2296 331 2351; x_wconf 93' lang='lat' dir='ltr'>ut</span> <span class='ocrx_word' id='word_1_159' title='bbox 341 2290 481 2369; x_wconf 87' lang='lat' dir='ltr'>exceptis</span> <span class='ocrx_word' id='word_1_160' title='bbox 494 2289 660 2352; x_wconf 79' lang='lat' dir='ltr'>dominicis</span> <span class='ocrx_word' id='word_1_161' title='bbox 674 2294 705 2350; x_wconf 94' lang='lat' dir='ltr'>ct</span> <span class='ocrx_word' id='word_1_162' title='bbox 721 2288 809 2350; x_wconf 89' lang='lat' dir='ltr'>festis</span> <span class='ocrx_word' id='word_1_163' title='bbox 823 2287 947 2362; x_wconf 88' lang='lat' dir='ltr'>diebus,</span> <span class='ocrx_word' id='word_1_164' title='bbox 960 2286 1059 2347; x_wconf 87' lang='lat' dir='ltr'>Missa</span> 
     </span>
     <span class='ocr_line' id='line_1_23' title="bbox 64 2381 1057 2467; baseline 0.002 -25"><span class='ocrx_word' id='word_1_165' title='bbox 64 2381 168 2462; x_wconf 77' lang='lat' dir='ltr'>legatur</span> <span class='ocrx_word' id='word_1_166' title='bbox 178 2388 300 2466; x_wconf 88' lang='lat' dir='ltr'>absque</span> <span class='ocrx_word' id='word_1_167' title='bbox 319 2392 425 2459; x_wconf 85' lang='lat' dir='ltr'>cantu,</span> <span class='ocrx_word' id='word_1_168' title='bbox 443 2389 529 2467; x_wconf 87' lang='lat' dir='ltr'>quod</span> <span class='ocrx_word' id='word_1_169' title='bbox 543 2392 627 2448; x_wconf 89' lang='lat' dir='ltr'>certe</span> <span class='ocrx_word' id='word_1_170' title='bbox 647 2391 718 2448; x_wconf 88' lang='lat' dir='ltr'>tuta</span> <span class='ocrx_word' id='word_1_171' title='bbox 731 2385 925 2448; x_wconf 86' lang='lat' dir='ltr'>conscientia</span> <span class='ocrx_word' id='word_1_172' title='bbox 938 2382 1057 2446; x_wconf 88' lang='lat' dir='ltr'>servari</span> 
     </span>
     <span class='ocr_line' id='line_1_24' title="bbox 64 2483 880 2562; baseline 0.002 -20"><span class='ocrx_word' id='word_1_173' title='bbox 64 2486 159 2560; x_wconf 88' lang='lat' dir='ltr'>potest,</span> <span class='ocrx_word' id='word_1_174' title='bbox 173 2485 230 2545; x_wconf 93' lang='lat' dir='ltr'>ubi</span> <span class='ocrx_word' id='word_1_175' title='bbox 242 2484 390 2562; x_wconf 79' lang='lat' dir='ltr'>legitima</span> <span class='ocrx_word' id='word_1_176' title='bbox 400 2485 590 2546; x_wconf 85' lang='lat' dir='ltr'>auctoritate</span> <span class='ocrx_word' id='word_1_177' title='bbox 603 2483 760 2546; x_wconf 64' lang='lat' dir='ltr'>sanatum</span> <span class='ocrx_word' id='word_1_178' title='bbox 774 2483 880 2546; x_wconf 87' lang='lat' dir='ltr'>fuerit.</span> 
     </span>
    </p>

    <p class='ocr_par' dir='ltr' id='par_1_6' title="bbox 65 2579 1057 3346">
     <span class='ocr_line' id='line_1_25' title="bbox 110 2579 1057 2662; baseline -0.002 -20"><span class='ocrx_word' id='word_1_179' title='bbox 110 2582 236 2642; x_wconf 82' lang='lat' dir='ltr'>Gravius</span> <span class='ocrx_word' id='word_1_180' title='bbox 253 2587 345 2660; x_wconf 81' lang='lat' dir='ltr'>urget</span> <span class='ocrx_word' id='word_1_181' title='bbox 365 2582 519 2662; x_wconf 80' lang='lat' dir='ltr'>obligatio</span> <span class='ocrx_word' id='word_1_182' title='bbox 542 2583 670 2644; x_wconf 83' lang='lat' dir='ltr'>Missam</span> <span class='ocrx_word' id='word_1_183' title='bbox 693 2581 937 2646; x_wconf 85' lang='lat' dir='ltr'>conventualem</span> <span class='ocrx_word' id='word_1_184' title='bbox 957 2579 1057 2660; x_wconf 89' lang='lat' dir='ltr'>appli-</span> 
     </span>
     <span class='ocr_line' id='line_1_26' title="bbox 66 2677 1057 2760; baseline 0 -24"><span class='ocrx_word' id='word_1_185' title='bbox 66 2678 139 2738; x_wconf 87' lang='lat' dir='ltr'>candi</span> <span class='ocrx_word' id='word_1_186' title='bbox 151 2679 420 2753; x_wconf 77' lang='lat' dir='ltr'>benefactoribns3</span> <span class='ocrx_word' id='word_1_187' title='bbox 438 2697 534 2760; x_wconf 87' lang='lat' dir='ltr'>quam</span> <span class='ocrx_word' id='word_1_188' title='bbox 552 2680 632 2742; x_wconf 85' lang='lat' dir='ltr'>tanti</span> <span class='ocrx_word' id='word_1_189' title='bbox 649 2698 717 2742; x_wconf 90' lang='lat' dir='ltr'>esse</span> <span class='ocrx_word' id='word_1_190' title='bbox 732 2679 886 2742; x_wconf 88' lang='lat' dir='ltr'>momenti</span> <span class='ocrx_word' id='word_1_191' title='bbox 900 2677 1057 2759; x_wconf 89' lang='lat' dir='ltr'>judicavit</span> 
     </span>
     <span class='ocr_line' id='line_1_27' title="bbox 65 2771 1041 2856; baseline 0.003 -23"><span class='ocrx_word' id='word_1_192' title='bbox 65 2771 192 2852; x_wconf 72' lang='lat' dir='ltr'>Ecclesia,</span> <span class='ocrx_word' id='word_1_193' title='bbox 205 2781 241 2837; x_wconf 95' lang='lat' dir='ltr'>ut</span> <span class='ocrx_word' id='word_1_194' title='bbox 251 2776 340 2838; x_wconf 90' lang='lat' dir='ltr'>nulla</span> <span class='ocrx_word' id='word_1_195' title='bbox 349 2783 538 2840; x_wconf 85' lang='lat' dir='ltr'>contraeam</span> <span class='ocrx_word' id='word_1_196' title='bbox 551 2777 723 2856; x_wconf 83' lang='lat' dir='ltr'>praevalere</span> <span class='ocrx_word' id='word_1_197' title='bbox 734 2777 833 2856; x_wconf 90' lang='lat' dir='ltr'>possit</span> <span class='ocrx_word' id='word_1_198' title='bbox 846 2774 1041 2838; x_wconf 90' lang='lat' dir='ltr'>consuetudo</span> 
     </span>
     <span class='ocr_line' id='line_1_28' title="bbox 67 2872 1056 2954; baseline 0.002 -22"><span class='ocrx_word' id='word_1_199' title='bbox 67 2872 197 2936; x_wconf 74' lang='lat' dir='ltr'>«Pluries</span> <span class='ocrx_word' id='word_1_200' title='bbox 218 2875 334 2936; x_wconf 88' lang='lat' dir='ltr'>etenim</span> <span class='ocrx_word' id='word_1_201' title='bbox 349 2893 535 2954; x_wconf 87' lang='lat' dir='ltr'>responsum</span> <span class='ocrx_word' id='word_1_202' title='bbox 551 2875 621 2952; x_wconf 85' lang='lat' dir='ltr'>luit,</span> <span class='ocrx_word' id='word_1_203' title='bbox 638 2875 683 2938; x_wconf 88' lang='lat' dir='ltr'>ait</span> <span class='ocrx_word' id='word_1_204' title='bbox 694 2875 883 2938; x_wconf 86' lang='lat' dir='ltr'>Benedictus</span> <span class='ocrx_word' id='word_1_205' title='bbox 900 2875 978 2947; x_wconf 85' lang='lat' dir='ltr'>XIV,</span> <span class='ocrx_word' id='word_1_206' title='bbox 993 2873 1056 2934; x_wconf 93' lang='lat' dir='ltr'>bu-</span> 
     </span>
     <span class='ocr_line' id='line_1_29' title="bbox 69 2965 1056 3051; baseline 0.004 -25"><span class='ocrx_word' id='word_1_207' title='bbox 69 2986 80 3026; x_wconf 84' lang='lat' dir='ltr'>u</span> <span class='ocrx_word' id='word_1_208' title='bbox 87 2965 215 3047; x_wconf 85' lang='lat' dir='ltr'>jusmodi</span> <span class='ocrx_word' id='word_1_209' title='bbox 231 2972 491 3034; x_wconf 88' lang='lat' dir='ltr'>consuetudinem</span> <span class='ocrx_word' id='word_1_210' title='bbox 505 2971 580 3034; x_wconf 88' lang='lat' dir='ltr'>licet</span> <span class='ocrx_word' id='word_1_211' title='bbox 595 2971 892 3048; x_wconf 88' lang='lat' dir='ltr'>immemorabilem,</span> <span class='ocrx_word' id='word_1_212' title='bbox 909 2989 981 3051; x_wconf 88' lang='lat' dir='ltr'>quae</span> <span class='ocrx_word' id='word_1_213' title='bbox 997 2989 1056 3050; x_wconf 90' lang='lat' dir='ltr'>po·</span> 
     </span>
     <span class='ocr_line' id='line_1_30' title="bbox 70 3066 1056 3148; baseline 0.001 -21"><span class='ocrx_word' id='word_1_214' title='bbox 70 3066 143 3130; x_wconf 83' lang='lat' dir='ltr'>ttius</span> <span class='ocrx_word' id='word_1_215' title='bbox 159 3070 275 3131; x_wconf 85' lang='lat' dir='ltr'>abusus</span> <span class='ocrx_word' id='word_1_216' title='bbox 299 3075 330 3130; x_wconf 89' lang='lat' dir='ltr'>et</span> <span class='ocrx_word' id='word_1_217' title='bbox 351 3067 533 3148; x_wconf 85' lang='lat' dir='ltr'>corruptela</span> <span class='ocrx_word' id='word_1_218' title='bbox 558 3069 693 3132; x_wconf 88' lang='lat' dir='ltr'>dicenda</span> <span class='ocrx_word' id='word_1_219' title='bbox 717 3074 775 3143; x_wconf 91' lang='lat' dir='ltr'>est,</span> <span class='ocrx_word' id='word_1_220' title='bbox 804 3069 924 3131; x_wconf 87' lang='lat' dir='ltr'>nemini</span> <span class='ocrx_word' id='word_1_221' title='bbox 944 3067 1056 3128; x_wconf 86' lang='lat' dir='ltr'>suffra·</span> 
     </span>
     <span class='ocr_line' id='line_1_31' title="bbox 69 3161 1056 3250; baseline -0.002 -24"><span class='ocrx_word' id='word_1_222' title='bbox 69 3166 157 3244; x_wconf 71' lang='lat' dir='ltr'>agan.</span> <span class='ocrx_word' id='word_1_223' title='bbox 173 3190 188 3224; x_wconf 79' lang='lat' dir='ltr'>n</span> <span class='ocrx_word' id='word_1_224' title='bbox 207 3161 298 3248; x_wconf 79' lang='lat' dir='ltr'>(Cion</span> <span class='ocrx_word' id='word_1_225' title='bbox 310 3167 467 3248; x_wconf 58' lang='lat' dir='ltr'>rumpens</span> <span class='ocrx_word' id='word_1_226' title='bbox 480 3165 543 3250; x_wconf 80' lang='lat' dir='ltr'>tc.)</span> <span class='ocrx_word' id='word_1_227' title='bbox 556 3168 757 3230; x_wconf 87' lang='lat' dir='ltr'>Declaratum</span> <span class='ocrx_word' id='word_1_228' title='bbox 768 3167 898 3246; x_wconf 89' lang='lat' dir='ltr'>insuper</span> <span class='ocrx_word' id='word_1_229' title='bbox 913 3165 984 3240; x_wconf 85' lang='lat' dir='ltr'>tuit,</span> <span class='ocrx_word' id='word_1_230' title='bbox 999 3164 1056 3224; x_wconf 91' lang='lat' dir='ltr'>de·</span> 
     </span>
     <span class='ocr_line' id='line_1_32' title="bbox 67 3257 1055 3346; baseline 0.002 -26"><span class='ocrx_word' id='word_1_231' title='bbox 67 3257 148 3324; x_wconf 91' lang='lat' dir='ltr'>bitum</span> <span class='ocrx_word' id='word_1_232' title='bbox 159 3265 259 3328; x_wconf 86' lang='lat' dir='ltr'>blissae</span> <span class='ocrx_word' id='word_1_233' title='bbox 273 3264 456 3346; x_wconf 87' lang='lat' dir='ltr'>capitularis</span> <span class='ocrx_word' id='word_1_234' title='bbox 470 3265 638 3346; x_wconf 88' lang='lat' dir='ltr'>respicere,</span> <span class='ocrx_word' id='word_1_235' title='bbox 655 3284 719 3327; x_wconf 91' lang='lat' dir='ltr'>non</span> <span class='ocrx_word' id='word_1_236' title='bbox 734 3265 862 3345; x_wconf 88' lang='lat' dir='ltr'>quidem</span> <span class='ocrx_word' id='word_1_237' title='bbox 878 3261 1055 3341; x_wconf 81' lang='lat' dir='ltr'>singulares</span> 
     </span>
    </p>
   </div>
   <div class='ocr_carea' id='block_1_4' title="bbox 68 3437 1058 3732">
    <p class='ocr_par' dir='ltr' id='par_1_7' title="bbox 68 3437 1058 3732">
     <span class='ocr_line' id='line_1_33' title="bbox 68 3437 1057 3508; baseline 0.001 -22"><span class='ocrx_word' id='word_1_238' title='bbox 68 3439 145 3489; x_wconf 75' lang='lat' dir='ltr'>uenus</span> <span class='ocrx_word' id='word_1_239' title='bbox 158 3441 253 3505; x_wconf 86' lang='lat' dir='ltr'>probat</span> <span class='ocrx_word' id='word_1_240' title='bbox 268 3441 372 3492; x_wconf 82' lang='lat' dir='ltr'>nullam</span> <span class='ocrx_word' id='word_1_241' title='bbox 389 3443 519 3493; x_wconf 83' lang='lat' dir='ltr'>rationem</span> <span class='ocrx_word' id='word_1_242' title='bbox 534 3456 602 3503; x_wconf 86' lang='lat' dir='ltr'>esse,</span> <span class='ocrx_word' id='word_1_243' title='bbox 616 3455 703 3508; x_wconf 87' lang='lat' dir='ltr'>neque</span> <span class='ocrx_word' id='word_1_244' title='bbox 720 3440 905 3491; x_wconf 82' lang='lat' dir='ltr'>auctoritatem</span> <span class='ocrx_word' id='word_1_245' title='bbox 922 3437 1057 3502; x_wconf 85' lang='lat' dir='ltr'>Episcopi,</span> 
     </span>
     <span class='ocr_line' id='line_1_34' title="bbox 69 3513 1058 3582; baseline -0.004 -15"><span class='ocrx_word' id='word_1_246' title='bbox 69 3521 136 3577; x_wconf 66' lang='lat' dir='ltr'>nune</span> <span class='ocrx_word' id='word_1_247' title='bbox 148 3517 300 3568; x_wconf 86' lang='lat' dir='ltr'>diuturnam</span> <span class='ocrx_word' id='word_1_248' title='bbox 316 3518 538 3568; x_wconf 87' lang='lat' dir='ltr'>consuetudinem</span> <span class='ocrx_word' id='word_1_249' title='bbox 555 3531 615 3582; x_wconf 76' lang='lat' dir='ltr'>quse</span> <span class='ocrx_word' id='word_1_250' title='bbox 634 3522 742 3568; x_wconf 84' lang='lat' dir='ltr'>excuset</span> <span class='ocrx_word' id='word_1_251' title='bbox 762 3516 879 3579; x_wconf 84' lang='lat' dir='ltr'>capitula</span> <span class='ocrx_word' id='word_1_252' title='bbox 895 3513 1058 3566; x_wconf 86' lang='lat' dir='ltr'>cathedralia</span> 
     </span>
     <span class='ocr_line' id='line_1_35' title="bbox 70 3587 1057 3657; baseline 0.005 -23"><span class='ocrx_word' id='word_1_253' title='bbox 70 3587 88 3634; x_wconf 88' lang='lat' dir='ltr'>ct</span> <span class='ocrx_word' id='word_1_254' title='bbox 97 3589 236 3654; x_wconf 69' lang='lat' dir='ltr'>collegiatus</span> <span class='ocrx_word' id='word_1_255' title='bbox 247 3593 365 3656; x_wconf 75' lang='lat' dir='ltr'>insignes</span> <span class='ocrx_word' id='word_1_256' title='bbox 380 3593 414 3643; x_wconf 88' lang='lat' dir='ltr'>ab</span> <span class='ocrx_word' id='word_1_257' title='bbox 431 3593 535 3656; x_wconf 71' lang='lat' dir='ltr'>integra</span> <span class='ocrx_word' id='word_1_258' title='bbox 546 3596 572 3642; x_wconf 91' lang='lat' dir='ltr'>et</span> <span class='ocrx_word' id='word_1_259' title='bbox 586 3593 743 3657; x_wconf 83' lang='lat' dir='ltr'>quotidiana</span> <span class='ocrx_word' id='word_1_260' title='bbox 754 3590 911 3642; x_wconf 88' lang='lat' dir='ltr'>recitatione</span> <span class='ocrx_word' id='word_1_261' title='bbox 928 3589 1057 3640; x_wconf 89' lang='lat' dir='ltr'>horarum</span> 
     </span>
     <span class='ocr_line' id='line_1_36' title="bbox 71 3665 755 3732; baseline 0.006 -20"><span class='ocrx_word' id='word_1_262' title='bbox 71 3665 241 3730; x_wconf 78' lang='lat' dir='ltr'>moncatum,</span> <span class='ocrx_word' id='word_1_263' title='bbox 252 3669 550 3732; x_wconf 78' lang='lat' dir='ltr'>preter-heneplacitum</span> <span class='ocrx_word' id='word_1_264' title='bbox 559 3668 755 3732; x_wconf 63' lang='lat' dir='ltr'>Apostolicum,</span> 
     </span>
    </p>
   </div>
   <div class='ocr_carea' id='block_1_5' title="bbox 0 0 1305 4278">
    <p class='ocr_par' dir='ltr' id='par_1_8' title="bbox 0 0 1305 4278">
     <span class='ocr_line' id='line_1_37' title="bbox 0 0 1305 4278; baseline 0 0"><span class='ocrx_word' id='word_1_265' title='bbox 0 0 1305 4278; x_wconf 95' lang='lat' dir='ltr'> </span> 
     </span>
    </p>
   </div>
  </div>
 </body>
</html>
