2568 4272
219 233 273 286 280
514 225 518 230 '
560 238 634 286 unns
652 237 687 286 11.
708 235 897 286 nneuuunss.

225 354 295 416 «ait
322 354 353 417 S.
369 354 509 434 Liguori,
534 354 673 433 rigorem
701 353 827 416 concilii
855 356 1069 432 temperatum
1098 371 1176 428 esse,
1204 363 1230 417 ct

222 475 237 510 u
251 453 345 514 licere
360 451 491 530 siugulis
505 451 661 530 religiosis
669 469 867 514 exconsensu
880 449 1062 530 superioris,
1075 452 1230 530 peculium

223 575 238 606 ι(
252 549 489 624 habere,utsibi
498 550 685 628 provideant
692 550 734 610 ad
743 569 819 610 usus
829 549 1024 610 necessarios
1034 548 1229 624 ethonestos,

124 721 126 725 y
222 671 239 706 «
252 648 347 709 modo
361 648 424 708 sint
439 649 544 728 parati
564 649 649 710 bona
664 667 683 709 a
697 667 731 710 se
753 647 902 709 abdicare
924 647 965 708 ad
982 647 1161 727 superioris
1180 666 1230 706 nu-

221 767 238 802 «
253 751 332 806 tum.
351 769 366 802 »
385 747 470 826 (Luc.
483 746 549 821 cit,
561 756 595 806 n⁰
609 745 672 826 15.)
686 746 776 819 Quod
789 748 820 809 S.
833 745 962 824 Liguori
975 731 1133 822 intelligit
1147 744 1231 806 etiam

220 842 259 903 de
274 861 348 904 casu
363 862 426 921 quo
439 843 605 922 religiosus
618 843 780 923 peculium
795 843 921 922 retinet,
938 842 1051 903 nonin
1078 843 1233 902 communi

219 941 373 1019 deposito,
391 942 496 1003 sedin
521 961 579 1003 sua
600 942 682 1019 cella
699 960 772 1004 oum
793 941 921 1004 licentia
933 939 1077 1020 praelati,
1093 940 1155 1000 sub
1175 939 1233 1018 ejus

220 1038 481 1101 tamenarbitrio.

278 1145 376 1208 Valde
387 1146 563 1225 optandum
573 1152 610 1208 ut
617 1145 735 1225 ubique
745 1145 969 1207 introducatur
977 1145 1050 1206 vitae
1062 1142 1233 1206 communis

222 1243 360 1305 severius
374 1243 565 1318 institutum,
578 1241 664 1324 quod
676 1244 817 1323 exposcit
827 1245 1000 1325 perfectam
1009 1241 1231 1322 aequalitatem,

219 1347 251 1402 et
263 1358 494 1420 quamcumque
509 1341 775 1421 praedilectionem
791 1342 837 1402 ita
851 1341 991 1403 excludit
1009 1347 1045 1401 ut
1066 1359 1109 1401 ex
1124 1338 1232 1400 cunetis

219 1439 311 1501 bonis
334 1445 366 1501 et
389 1439 502 1500 annuis
513 1439 689 1501 redditibus
707 1440 1038 1519 praestationibusque,
1054 1437 1170 1517 quouis
1182 1455 1230 1496 no-

219 1537 304 1598 mine
319 1537 476 1612 dicantur,
487 1537 520 1597 in
529 1538 690 1598 communi
702 1539 742 1599 ab
758 1537 887 1599 ollieiali
900 1541 1076 1598 conventus
1093 1533 1231 1596 adminis-

197 1634 321 1707 tratis,
336 1634 534 1712 singulorum
561 1634 744 1714 indigentiae
768 1635 884 1715 aequali
907 1635 1001 1696 modo
1019 1633 1228 1713 provideatur,

219 1731 309 1792 nulla
327 1731 452 1810 penitus
470 1733 593 1794 ratione
607 1732 719 1794 habita
732 1732 828 1813 hujus
846 1733 970 1794 illiusve
982 1727 1229 1812 religiosi-cujus

220 1829 323 1906 gratia
338 1848 459 1904 censue,
478 1835 532 1891 aut
546 1831 618 1891 aliae
632 1831 863 1909 praestationes,
876 1829 1102 1892 communitati
1118 1826 1228 1904 obtige-

219 1932 303 1988 runt.
319 1928 534 1989 communitas
553 1928 628 1990 vitas
643 1929 816 2007 plurimum
832 1928 981 1990 conducit
995 1928 1036 1988 ad
1056 1923 1227 2004 religiosio-

219 2043 286 2085 rem
298 2025 364 2086 voti
381 2027 577 2104 paupertatis
594 2025 839 2102 observantiam,
857 2031 953 2106 atque
979 2026 1019 2086 ad
1045 2022 1225 2086 servandam

219 2122 418 2202 disciplinam
426 2124 650 2199 monasticam3
661 2126 909 2204 fovetpraelerea
926 2123 1226 2198 humilitatem,con·

219 2221 372 2296 cordiam,
390 2227 422 2282 et
437 2223 516 2284 alias
527 2222 661 2283 virtutes
675 2223 875 2302 evangelicas
885 2223 924 2283 ¹„

279 2331 349 2391 luo.
364 2362 405 2376 -
418 2331 450 2390 3³
482 2329 590 2391 Utrum
611 2338 639 2390 et
659 2337 805 2409 quatenus
822 2329 912 2390 liceat
929 2328 1082 2408 relipzbsis
1107 2341 1219 2387 munna

220 2425 354 2506 offerre?

278 2533 427 2613 Religiosi
440 2553 503 2596 non
516 2539 658 2613 possunt,
672 2534 802 2614 proprio
812 2534 898 2614 jure,
912 2551 1043 2594 munera
1054 2530 1173 2611 largiri,
1190 2545 1221 2588 ne

217 2633 405 2692 munuscula
415 2632 554 2710 quidem,
568 2632 676 2711 qualia
688 2634 792 2694 forent
801 2632 956 2710 imagines
969 2631 1042 2711 piae,
1056 2631 1126 2691 sine
1141 2628 1221 2689 licen-

217 2728 261 2789 tia
269 2729 381 2789 saltem
390 2735 584 2810 praesumpta
592 2730 640 2791 sui
650 2730 951 2810 superioris30bstat
961 2718 1116 2790 nimirum
1126 2730 1218 2788 votum

266 2933 289 2980 l.
309 2929 469 2978 Benedictus
489 2930 554 2992 XlV,
575 2931 607 2979 dc
621 2929 736 2995 Spuodo,
756 2930 803 2980 lib.
822 2931 888 2992 Xlll,
900 2945 960 2994 cap.
976 2945 1023 2991 xu,
1039 2929 1076 2979 ni*
1102 2929 1182 2986 its-223
1194 2947 1217 2959 -

217 3005 243 3056 S.
252 3005 367 3068 Lignori,
377 3004 423 3054 lib.
432 3005 473 3064 Ill,
481 3014 512 3054 n0
522 3007 655 3056 15.-Pius
664 3007 698 3056 IX
709 3007 877 3070 prescripsit,
887 3006 1014 3056 mandato
1023 3019 1038 3054 a
1047 3007 1216 3068 &congrega-

215 3081 289 3130 tlone
301 3079 373 3129 illius
378 3081 457 3143 jussu
468 3081 539 3131 edito
551 3082 594 3132 die
608 3085 638 3132 22
648 3083 738 3146 aprilis
751 3095 795 3132 an.
812 3083 882 3142 1854,
891 3085 922 3130 ut
932 3081 961 3130 in
971 3080 1099 3131 omnibus
1110 3075 1219 3128 domibus

215 3145 371 3216 novitiatus,
388 3155 444 3204 vita
461 3157 577 3218 perlecto
591 3157 743 3207 eommunis
765 3155 991 3217 introduceretur,
1009 3159 1035 3206 et
1056 3160 1216 3218 quecumque

215 3229 329 3291 indulta,
346 3231 494 3295 privilegia,
509 3231 620 3284 familiae
630 3233 703 3282 illius
714 3231 861 3282 individuis
879 3235 940 3281 ante
958 3226 1217 3290 concesseramus
1269 3223 1270 3300 l

216 3310 399 3358 censerentur.
414 3309 512 3358 Statuit
525 3308 607 3358 simul
625 3311 655 3358 ut
666 3309 695 3358 in
709 3308 830 3372 qualibet
848 3307 929 3358 domo
945 3310 1015 3357 esset
1025 3319 1105 3368 eapse
1115 3313 1218 3354 commu·
1269 3321 1270 3358 3

215 3386 258 3435 nls
273 3385 301 3434 in
316 3397 396 3448 quam
409 3383 540 3447 religiosis
555 3384 681 3434 omnibus
697 3383 857 3448 deponenda
874 3383 925 3432 erit
938 3382 1064 3446 pecunia,
1085 3393 1142 3430 cum
1159 3371 1215 3426 nibil
1269 3385 1270 3436 ς

216 3460 280 3524 ipsis
293 3461 408 3510 retinere
431 3458 535 3509 licitum
559 3459 593 3508 sit
606 3463 704 3521 proeter
721 3459 792 3522 quod
813 3458 1019 3509 constitutiones
1037 3457 1158 3508 ordinum
1171 3461 1218 3513 per.
1269 3437 1270 3470 l

216 3538 334 3588 mittunt.
345 3534 494 3598 Nanigitur
504 3548 536 3584 oo
550 3535 646 3585 ultimo
661 3536 773 3584 articulo
787 3535 843 3584 vita
854 3535 971 3598 perlecta
989 3532 1136 3584 communis
1153 3537 1215 3589 urge·

215 3617 269 3673 tur,
281 3625 342 3662 oum
357 3611 425 3661 ratio
442 3609 574 3661 habeatur
584 3611 811 3662 constitutionum
826 3610 945 3672 ordinis;
962 3609 1009 3660 sed
1020 3609 1067 3660 via
1080 3599 1214 3674 puraturnd
1269 3611 1270 3674 ζ

216 3687 300 3738 illam.
1269 3715 1270 3718 =

378 3755 380 3758 .
775 3765 779 3772 ,
1269 3725 1270 3766 l
