2642 4268
162 289 230 338 cnr.
252 289 287 338 11.
309 287 503 352 cultricum,
525 290 733 344 eunomianus
754 292 790 342 ΕΤ
809 292 977 342 centulum.
1025 285 1077 342 509
1154 285 1158 292 “

59 406 115 467 siis
140 425 212 486 quae
236 423 300 467 non
326 405 385 467 sihi
408 405 579 482 sufficiunt,
606 411 637 469 et
660 408 877 470 sacerdotibus
901 408 999 487 senio,
1023 416 1079 471 aut
1124 401 1125 404 '

59 504 246 565 infirmitate
271 504 433 578 conlectis,
463 506 578 586 quibus
606 525 670 568 non
695 511 868 589 suppelunt
889 507 952 569 alia
974 509 1079 571 media

60 602 312 664 sustentationis.

67 741 70 746 -
121 704 156 762 4⁰
169 700 312 781 Denique
327 701 495 764 observare
507 707 555 764 est
570 703 779 782 quantitatem
793 703 991 766 oblationum
1005 724 1076 785 quae

60 799 228 862 occasione
253 800 444 861 funeralium
462 800 566 863 aliove
594 801 685 864 titulo
709 801 869 882 parochiis
893 801 1076 877 obveniunt,

60 918 127 960 non
142 898 347 960 determinari
358 898 431 979 jura
446 899 617 976 communi,
635 917 697 962 nee·
710 900 937 963 consuetudine
953 902 1018 963 vim
1029 902 1079 980 ju-

61 999 105 1059 ris
120 996 298 1059 eommunis
310 997 459 1076 habento,
472 997 526 1060 scd
541 998 667 1061 statutis
682 999 867 1062 dioecesanis
882 1017 890 1060 ι
907 1018 983 1079 ergo
998 1000 1078 1061 nihil

60 1097 168 1157 obstat
183 1094 350 1174 quominus
362 1097 547 1176 Episcopus
565 1097 645 1161 sicut
656 1096 728 1176 jure
743 1098 873 1178 proprio
888 1104 995 1177 posset
1006 1098 1077 1159 illas

61 1194 241 1256 oblationes
261 1194 460 1272 imminuere,
483 1195 529 1256 ita
552 1195 664 1274 possit,
679 1195 720 1256 bb
735 1214 864 1274 gravem
884 1196 1079 1258 necessitatis

61 1311 205 1368 causam,
226 1291 265 1353 de
284 1292 347 1353 illis
368 1297 507 1357 statuere
527 1299 564 1354 ut
584 1292 915 1374 aliqualis'repartitlo
930 1294 986 1355 liat
997 1294 1080 1356 inter

60 1391 230 1471 parochias
246 1390 399 1453 dioecesis.
415 1391 537 1454 Fideles
550 1391 604 1471 qui
620 1392 747 1454 easdem
760 1391 937 1454 oblationes
954 1393 1080 1454 statutis

62 1490 211 1570 praefixas
226 1490 313 1564 dant,
330 1509 403 1551 suas
415 1489 606 1553 intentiones
621 1489 662 1552 ad
677 1497 816 1553 mentem
831 1491 980 1571 Episcopi
994 1495 1025 1552 et
1040 1491 1078 1552 ad

64 1588 208 1650 dioecosis
223 1587 421 1668 disciplinam
434 1594 601 1650 censentur
615 1607 815 1669 componere.

123 1687 302 1748 Auctoritas
323 1705 421 1767 quam
445 1687 606 1766 Episcopis
628 1687 806 1764 tribuimus,
831 1704 903 1749 cnm
923 1688 1044 1750 oriatur
1062 1708 1081 1750 a

65 1785 173 1846 divina
187 1784 411 1848 constitutione
421 1784 568 1846 Ecclesia
579 1789 611 1846 et
623 1803 643 1845 a
656 1785 824 1864 disciplina
838 1785 1000 1864 canonica,
1016 1805 1081 1848 non

67 1883 180 1944 estsub
189 1883 320 1944 arbitrio
327 1883 667 1968 potestatissaecularis.
677 1886 775 1946 Nemo
785 1883 959 1946 catholicus
967 1883 1082 1962 dixerit

67 1981 290 2043 auctoritatem
304 1981 480 2061 primorum
496 1983 668 2043 Pastorum
676 1982 722 2043 ita
742 1982 897 2044 coarctari
910 1982 1082 2063 privilegiis

64 2079 258 2141 fabricarum
268 2079 338 2160 lega
351 2078 435 2141 civili
448 2080 702 2156 constitutarum,
716 2085 750 2141 ut
762 2099 870 2142 earum
886 2080 1017 2143 arbitrio
1032 2082 1083 2144 de·

41 2213 44 2218 ·
65 2180 141 2240 beat
158 2177 315 2240 dimittere
338 2178 551 2240 conditionem
567 2179 824 2259 presbyterorum
841 2179 896 2258 qui
910 2199 1025 2241 munus
1039 2182 1082 2241 vi-

66 2277 226 2339 cariorum
238 2281 337 2354 agunt
355 2275 389 2338 in
408 2277 584 2356 parochiis;
601 2277 646 2339 ita
660 2296 717 2338 nec
732 2277 879 2340 sustineri
894 2282 998 2358 potest
1009 2277 1082 2356 jura

64 2375 294 2452 Perochorum,
311 2393 382 2454 quae
395 2375 466 2454 lege
479 2375 562 2436 civili
576 2376 762 2438 sanciuntur
773 2375 805 2437 in
819 2375 996 2438 oblationes
1009 2377 1083 2437 fide·

66 2474 157 2548 lium,
174 2491 242 2534 esse
260 2474 340 2534 adeo
359 2473 507 2536 absoluta
521 2479 556 2554 ut
576 2473 723 2554 Episcopi
737 2493 801 2536 non
817 2474 945 2536 valeant
958 2479 1082 2554 partem

66 2573 206 2652 aliquam
214 2571 369 2634 deducere
378 2572 854 2652 exparochiarumsingularum
864 2573 1080 2652 proventibus,

65 2671 1082 2735 adsubveniendumneeessitatibuscleridioecesani.,llaectamen

65 2769 217 2849 gravibus
235 2767 473 2831 difficultatibus
492 2769 652 2849 implicata
671 2769 791 2830 suntin
805 2769 898 2848 praxi
912 2770 998 2849 apud
1012 2789 1081 2845 nos,

64 2887 124 2930 nec
138 2867 232 2930 vitari
248 2872 380 2946 possunt
395 2867 558 2929 conflictus
577 2867 648 2932 nisi,
659 2885 710 2928 res
731 2874 942 2946 componatur
951 2887 995 2929 ex
1011 2887 1084 2930 con-

64 2967 150 3028 dicto
172 2965 335 3045 utriusque
354 2966 537 3046 potestatis
560 2967 715 3048 siquidem
730 2966 827 3028 index
842 2966 1040 3028 oblationum
1065 2987 1083 3027 a

68 3064 512 3145 fidelibussolvendarumpro
521 3065 735 3127 functionibus
744 3063 1083 3144 exequiarum,etpars

67 3162 275 3225 adscribenda
298 3162 436 3240 fabricis,
453 3163 625 3225 constituta
647 3163 776 3224 fuerunt
799 3168 910 3224 mutuo
930 3181 1083 3225 consensu

68 3263 297 3342 Episcoporum
317 3266 348 3323 et
367 3261 513 3340 gubernii
527 3261 624 3323 civilis
637 3261 661 3323 ¹.

52 3521 60 3532 ,
116 3465 264 3515 ructon
281 3447 386 3528 eiquo
400 3465 432 3515 ae
444 3465 529 3526 rara,
540 3478 602 3529 pag.
613 3465 728 3514 ιιι-ιιι.
743 3491 773 3500 -
785 3463 949 3515 auferuntur
961 3464 1084 3516 runnu

68 3541 180 3592 Joumal
192 3540 237 3590 dec
247 3541 391 3608 fabrique,
402 3545 466 3592 tom.
481 3541 546 3591 XIV.
562 3554 622 3605 pag.
637 3541 749 3600 3tb352‚
764 3553 825 3604 quae
840 3543 917 3604 gesta
928 3544 992 3590 sunt
1002 3553 1080 3591 occa-

68 3619 144 3668 sione
159 3618 251 3668 statuti
267 3631 321 3683 quo
338 3619 392 3669 DD.
415 3615 494 3679 Adra,
510 3617 633 3680 Arcbicp.
653 3616 822 3677 parisiensis,
838 3628 937 3666 novam
951 3615 1084 3688 rationem

69 3693 221 3762 partitionis
236 3694 406 3746 oblationum
418 3694 489 3744 inter
500 3693 668 3756 Perochosat
682 3692 796 3743 vicarios
812 3691 941 3754 edixerat,
954 3705 998 3744 an.
1015 3694 1084 3744 1848.

69 3797 99 3808 -
115 3767 232 3834 Gaudry,
247 3769 333 3822 Traitt
351 3769 384 3822 de
398 3764 425 3820 ta
442 3767 744 3833 bacnominibus,
756 3774 820 3821 tom.
837 3767 870 3831 Π,
885 3777 919 3820 ιιο
935 3769 989 3820 559.
