2642 4268
249 242 318 290 tur.
338 243 359 290 1.
381 242 525 291 EGGLESIAE
545 244 581 290 ET
601 241 735 290 siceum
757 241 895 290 sewum.
1027 235 1080 290 457

123 357 194 419 563.
209 391 246 404 -
260 359 301 419 ΙΙο
315 359 385 434 Ocae
396 360 457 419 siut
464 358 627 444 privileqc'a
637 357 837 420 Basilicarum
852 357 1019 419 minorum?

124 479 142 511 a
164 456 282 528 Quibus
300 457 482 531 honoribus,
503 457 654 537 quibusve
668 456 886 543 prerogativis
904 456 1077 520 honestatae

59 579 78 608 κ
102 553 166 652 sint
180 555 333 630 Basilicus,
350 555 413 617 sive
428 553 573 634 majores,
591 554 654 615 sive
669 555 817 630 minores,
834 554 991 616 incertum
1004 575 1079 617 sene

57 675 75 707 u
100 657 161 729 est,
172 651 217 714 ait
227 657 395 714 annotator
404 652 598 715 collectionis
605 651 823 726 Gardellienae,
836 653 960 731 etquod
968 653 1076 726 sciem,

56 772 74 805 u
99 754 134 810 et
155 751 241 828 quod
261 750 393 830 legerim
415 751 500 831 apud
520 750 694 829 liturgicus,
717 750 975 824 nullus'lortasse
996 751 1079 813 inter

60 867 76 904 u
97 847 271 926 scriptores
286 848 442 928 reperitur
455 848 511 927 qui
528 849 566 908 de
584 849 645 909 hoc
661 848 728 908 tuse
745 847 855 908 saltem
871 849 1078 928 appositeque

56 967 73 999 u
98 949 286 1022 pertractet.
304 966 318 1003 u
340 945 386 1025 (ln
402 945 603 1019 decisionem,
620 947 760 1019 1191781,
778 945 885 1006 datam
903 947 954 1007 die
969 949 1009 1007 m
1024 965 1078 1007 au·

54 1046 144 1120 gust.
162 1061 214 1103 an.
233 1043 322 1116 1836,
340 1043 498 1105 canonicis
511 1043 658 1104 Ecclesiae
671 1042 856 1123 Lucerinae.)

119 1140 254 1212 Quando
269 1141 324 1203 SS.
340 1141 509 1202 Pontifices
522 1141 632 1202 volunt
645 1141 783 1220 aliquam
795 1139 969 1202 Ecclesiam
982 1140 1075 1203 titulo

51 1237 201 1298 Basilicae
220 1237 401 1314 honestare,
423 1237 586 1300 declarant
607 1257 643 1299 ac
663 1238 835 1299 decernunt
854 1239 1000 1300 eamdem
1016 1241 1075 1301 Ec·

52 1333 189 1396 clesiam
204 1335 391 1398 auctoritate
410 1335 583 1416 apostolica
600 1335 678 1416 erigi
691 1336 724 1396 in
738 1335 905 1398 Basilicam
920 1336 1075 1398 minorem

51 1451 127 1494 mem
146 1433 282 1496 omnibus
301 1443 332 1494 et
348 1432 671 1516 circumuertensque,
692 1434 811 1514 quaties,
829 1435 1073 1515 preemlceutiis,

51 1530 296 1611 exemptiom'bus
309 1540 337 1593 et
349 1529 472 1592 rudultis
486 1531 593 1612 quibus
607 1530 676 1592 olc'ca
687 1530 831 1593 Ecclesiae
846 1533 975 1592 minores
988 1541 1078 1593 utun·

51 1637 120 1704 tur,
140 1627 290 1708 fruuntur
305 1638 333 1690 et
351 1627 495 1709 caudent.
516 1629 593 1690 Gum
611 1629 708 1706 igitur
722 1630 940 1709 praerogativae
961 1648 1074 1692 conce-

52 1726 187 1801 dantur,
207 1731 238 1786 et
255 1745 293 1787 ea
308 1725 473 1806 privilegia
490 1725 619 1788 concedi
638 1726 784 1786 dicantur
801 1727 913 1805 quibus
932 1727 1076 1789 Basilicae

54 1823 128 1885 aliae
137 1823 290 1902 gaudent,
299 1824 471 1886 videndum
486 1843 555 1904 quae
567 1823 780 1886 communiter
788 1824 851 1885 sint
859 1824 1011 1885 attributa
1020 1824 1076 1886 Ba·

53 1921 164 1982 silicis.
179 1922 357 1984 Porroh'aec
370 1928 441 1983 sunt
451 1921 726 2002 privilegiemegis
737 1922 918 1984 communia
933 1941 940 1982 :
957 1923 1076 1983 rusus

54 2019 204 2098 conopaei
213 2017 371 2100 (peve'lloc)
383 2019 625 2082 ettintinnebuli
635 2020 720 2098 quod
731 2038 917 2100 conopaeum
926 2019 1076 2098 praecedit

52 2115 231 2196 inproprie
243 2118 394 2192 Ecclesia,
410 2118 485 2179 etin
498 2117 751 2198 processionibus
763 2117 823 2178 toti
839 2117 923 2178 clero
937 2136 1076 2178 commu-

53 2214 170 2289 nibus3
184 2218 217 2275 2⁰
228 2216 261 2276 in
272 2217 411 2277 vestibus
425 2216 618 2290 choralibus,
633 2234 735 2296 cappa
747 2235 864 2294 magna
876 2215 1011 2294 pellibus
1027 2235 1075 2276 ar-

10 2353 12 2356 -
54 2313 193 2374 mellinis
209 2311 325 2376 ornata
346 2313 379 2374 in
393 2318 484 2394 perte
502 2314 660 2375 anteriore
682 2333 739 2394 per
762 2314 923 2393 hyemem,
941 2317 973 2374 et
988 2317 1073 2374 cotta

54 2411 1070 2492 superroobettum,cumcappadeponiturperaestivumtempus.

115 2510 163 2570 Ex
176 2508 239 2570 illis
253 2510 425 2589 privilegiis
445 2509 508 2570 alia
527 2515 694 2582 memorat,
719 2509 782 2570 alia
801 2528 877 2571 vero
892 2508 1073 2570 subindicat

53 2608 131 2669 Pius
152 2607 206 2670 VII
222 2609 328 2670 Gonst.
349 2607 386 2668 Ic
409 2626 558 2689 supremo,
580 2627 632 2669 an.
656 2608 744 2682 1805,
761 2607 794 2668 in
810 2607 946 2686 gratiam
961 2609 1070 2669 Eccle-

53 2705 110 2766 siae
132 2704 323 2766 cathedralis
347 2705 544 2768 Parisiensis.
573 2729 588 2762 «
610 2705 887 2784 Metropolitenam
910 2704 1070 2767 Parisien-

57 2826 73 2858 u
96 2802 211 2862 semin
232 2801 404 2863 Ecclesiam
420 2803 587 2864 Basilicam
601 2797 765 2864 'minorem
785 2801 940 2863 adinstar
957 2795 1078 2862 Basilii
1153 2881 1154 2886 η

59 2923 75 2958 o
96 2917 205 2961 carum
228 2900 388 2976 minorum
413 2900 500 2961 urbis
524 2901 684 2985 nostrae„
712 2900 880 2978 erigimus,
905 2899 1070 2980 eidemque

59 3018 74 3056 u
94 2996 243 3058 Ecclesiae
263 3015 300 3058 ac
318 2997 477 3059 canonicis
497 3016 685 3077 conopaeum
699 3016 771 3060 cum
786 2997 1012 3072 tintinnabulo,
1029 2997 1069 3058 ad

57 3119 71 3150 a
93 3094 194 3155 instar
217 3095 400 3156 earumdem
419 3095 624 3156 Basilicarum
645 3095 731 3156 urbis
752 3101 867 3156 nostrae
890 3095 924 3154 in
946 3113 1071 3173 proees-

57 3216 73 3246 «
95 3192 236 3253 sionibus
254 3191 413 3272 praeferre,
435 3210 558 3265 necnon
580 3192 726 3254 omnibus
746 3191 816 3252 eliis
836 3190 1068 3271 prerogativis,

57 3314 72 3344 «
94 3289 278 3368 privilegiis,
295 3288 433 3368 juribus,
453 3290 678 3366 honoribus...,
697 3289 812 3370 quibus
828 3288 898 3351 atiae
914 3288 1080 3362 Basilicae,'

59 3408 75 3446 u
95 3403 269 3467 eorumque
291 3387 446 3464 canonici,
463 3388 502 3450 de
519 3387 602 3467 jure,
618 3407 688 3463 usu,
706 3386 972 3449 consuetudine...
989 3386 1067 3448 hac·

58 3497 83 3540 «'
96 3491 189 3546 tenus
217 3485 318 3564 gavisi
351 3491 440 3562 sunt,
468 3486 538 3567 pari
567 3486 663 3547 modo
691 3486 775 3547 uli...
807 3483 1010 3547 concedimus
1035 3489 1067 3544 et

57 3605 73 3639 «
93 3583 305 3664 impertimur.
322 3607 337 3640 »
354 3583 530 3646 Declaratio
547 3583 622 3644 data
637 3583 795 3645 canonicis
809 3580 956 3643 Ecelesiae
970 3583 1068 3642 Luce-

56 3681 142 3758 rinae,
158 3682 197 3744 de
210 3701 274 3764 qua
286 3682 393 3758 modo,
407 3687 549 3746 nostram
561 3682 766 3746 assertionem
779 3680 961 3756 confirmem
974 3679 1069 3759 siqui-

893 3779 1004 3854 te'
