2582 4278
314 303 382 350 aar.
403 302 437 352 11.
459 303 585 354 000000
605 303 825 352 0100010000.
929 286 932 296 “
1014 269 1079 350 100

116 417 209 481 ²387.
227 449 262 462 -·
273 417 329 482 111ο
338 417 521 502 Quibusnam
522 420 598 499 jure
606 427 754 500 'competat
763 417 883 482 collatio
893 418 1077 500 dr‘got'tctom

55 523 84 578 et
98 514 358 578 canonicatuum?
469 551 471 561 ·
783 547 786 555 v

117 614 142 674 Ι.
156 614 232 676 lure
246 615 418 689 communi,
432 633 489 694 per
502 615 630 692 regulas
642 615 845 678 Cancellarioe
858 617 1008 678 1100000
1019 619 1079 677 010-

55 711 159 787 bilito‚
183 718 384 775 reservantur
403 713 435 774 S.
458 713 531 775 Sedi
551 731 561 774 ι
584 714 615 774 1ο
633 713 768 776 Gollatio
787 713 897 794 prima
917 698 1079 786 minitaris

54 816 129 889 post
143 810 357 890 episcopalem
371 811 494 892 (regula
503 820 545 876 1v¹
556 811 569 890 )
581 813 636 886 32⁰
649 811 777 874 collatio
789 812 931 874 omnium
947 809 1081 888 dignita·

56 912 173 971 tumet
190 909 436 972 canonicatuum
454 925 525 988 quoe
543 915 659 972 vacant
673 913 746 971 octo
759 908 977 971 determinatis
993 925 1079 968 men·

57 1004 155 1078 sibus,
171 1011 227 1068 aut
241 1024 296 1066 sex
308 1006 438 1068 alternis
451 1007 623 1080 mensibus,
644 1011 739 1086 prout
751 1025 824 1067 cum
836 1004 993 1085 Episcopo
1008 1023 1081 1066 con·
1120 1011 1122 1016 ’

58 1108 190 1164 ventum
218 1103 313 1166 fuerit
340 1102 397 1184 (ur
436 1104 579 1184 regula);
612 1105 644 1164 3⁰
675 1102 802 1166 collatio
827 1103 1019 1180 dignitatum
1051 1106 1082 1162 ct

58 1199 304 1264 canonicatuum
318 1219 388 1280 quta
400 1208 515 1264 vacant
524 1202 560 1262 in
572 1201 660 1264 curia
676 1203 828 1274 Romana,
842 1201 933 1262 idest
945 1217 1082 1278 quorum

59 1297 204 1360 titulares
218 1298 376 1360 decedunt
390 1301 511 1376 Roma,
526 1304 582 1362 aut
597 1318 654 1361 suo
666 1297 819 1360 beneflcio
834 1297 1001 1376 privantur
1014 1314 1084 1356 sen·

60 1396 161 1458 tentia
173 1397 269 1458 curia
280 1399 431 1460 Romanae
440 1396 465 1478 (1
498 1396 620 1479 regula)
635 1417 642 1471 ;
656 1400 690 1458 10
702 1397 831 1458 tandem
845 1394 973 1458 collatio
984 1393 1086 1471 digni·

61 1499 162 1556 tatum
173 1501 206 1556 et
216 1495 461 1556 canonicatuum
472 1515 541 1575 quoe
554 1501 670 1558 vacant
680 1496 754 1558 sede
765 1492 937 1575 episcopali
948 1496 1085 1553 vacante

63 1597 93 1652 et
105 1593 263 1672 Episcopo
277 1593 533 1654 attribuebantur
546 1594 592 1675 (11²
604 1593 739 1674 regula).

121 1691 183 1762 Qui
196 1709 378 1774 supremam
388 1692 611 1753 auctoritatem
621 1691 718 1752 babet
727 1690 760 1750 in
769 1689 923 1768 regimine
935 1687 1086 1750 Ecclesia

65 1787 262 1863 universalia,
281 1793 386 1867 potest
400 1789 512 1868 procul
530 1788 640 1866 dubio,
658 1789 773 1868 quibus
793 1787 871 1849 utile
882 1784 1083 1865 judicaverit,

66 1885 235 1964 dignitates
249 1891 280 1948 et
299 1887 454 1948 beneficia
469 1887 623 1948 conferre.
641 1887 696 1950 SS.
718 1885 888 1947 Pontifices
905 1902 941 1946 eo
953 1882 1025 1963 jure
1045 1883 1088 1942 ab
1171 1874 1172 1878 ¹

67 1983 205 2063 antiquis
216 1985 413 2065 temporibus
425 2003 498 2046 usos
510 1986 619 2061 luisse,
633 1991 706 2047 aute
719 1983 839 2046 scilicet
854 1987 981 2044 atatem
993 1982 1087 2044 loan-

67 2081 112 2141 nis
125 2082 208 2143 XXII
221 2081 277 2160 qui
292 2082 419 2160 regulas
434 2081 630 2144 cancellaria
644 2081 800 2144 conscribi
814 2079 947 2153 curavit,
963 2083 1087 2140 exstant

67 2179 214 2258 exempla
227 2177 260 2238 in
275 2179 416 2258 epistolis
430 2181 531 2242 saneti
548 2179 692 2258 Gregorii
709 2179 827 2257 Magni.
845 2180 934 2238 lianc
950 2174 1087 2253 discipli·

68 2293 230 2355 numqua
251 2278 336 2356 apud
354 2278 508 2340 Ecclesias
524 2277 699 2339 Galliarum
717 2295 782 2338 non
801 2293 890 2337 secus
910 2292 947 2334 ac
965 2274 999 2333 in
1017 2271 1087 2332 aliis

67 2371 250 2450 regionibus
266 2374 412 2449 invaluit,
432 2376 564 2437 sancivit
586 2375 819 2438 concordatum
837 2370 950 2432 Leonis
969 2372 996 2431 X
1015 2387 1087 2429 oum

68 2471 233 2534 Erauoisoo
249 2473 273 2548 Ι,
293 2473 419 2534 tametsi
433 2474 529 2553 paulo
544 2478 766 2552 temperatam.
783 2473 810 2531 A
824 2475 966 2548 tempore
981 2472 1088 2528 autem

4 2573 5 2576 ’
69 2570 143 2636 novi
154 2571 350 2644 concordati,
367 2591 419 2633 an.
433 2573 522 2645 1801,
540 2573 593 2633 SS.
611 2569 781 2631 Pontifices
795 2568 845 2628 usi
857 2585 921 2628 non
934 2571 1007 2626 sunt
1017 2564 1088 2643 jure

4 2701 5 2706 κ
69 2667 319 2730 reservationum
348 2669 456 2748 quoad
485 2668 736 2731 nominationem
760 2665 1000 2727 canonicorum.
1030 2662 1091 2723 Vix

4 2787 5 2790 ¹
71 2765 160 2826 aliter
184 2765 284 2827 hodic
306 2785 355 2828 res
378 2767 519 2828 ordinari
537 2771 664 2846 posset3
691 2765 766 2844 quia
787 2763 977 2844 gubernium
999 2759 1092 2822 civile

71 2861 140 2924 illos
152 2863 238 2926 solos
253 2865 424 2926 canonicos
434 2855 578 2942 agnoscit
592 2883 672 2943 quos
684 2861 860 2925 nominarit
872 2860 1047 2954 Episcopus
1059 2861 1091 2918 et

4 3021 5 3024 ,
73 2965 177 3038 gratos
187 2960 301 3022 habuit
314 2983 321 3037 ;
334 2963 441 3042 quoad
453 2962 621 3040 dignitates
633 2979 708 3022 vero
720 2959 862 3040 capituli,
874 2957 954 3019 nihil
965 2957 1093 3024 obstare

74 3057 195 3118 videtur
212 3059 383 3138 quominus
400 3065 610 3134 reserventur,
630 3058 803 3119 dummodo
818 3076 883 3118 non
902 3054 972 3117 aliis
992 3053 1097 3113 conse·-

76 3160 184 3216 rautur
200 3175 298 3236 quam
313 3158 473 3248 canonicis
490 3158 680 3219 titularibus.

131 3254 202 3316 388.
227 3289 267 3300 -
286 3256 324 3316 Il.
347 3255 480 3317 Collatia
505 3255 752 3336 canonicatuum
778 3273 843 3315 non
863 3253 1093 3312 reservatorum

78 3351 198 3413 Sanctae
219 3353 302 3429 Sodi,
319 3354 456 3432 pertinet
467 3354 540 3432 jure
564 3354 734 3428 communi,
756 3347 1034 3414 consuetudinibus
1049 3349 1096 3406 at·

78 3533 253 3584 cathedralem
268 3535 319 3585 rite
333 3535 500 3599 designatam
515 3538 541 3585 01
557 3523 705 3598 capitulum
720 3534 905 3591 constitutum,
921 3541 981 3592 qua
1000 3525 1093 3577 omnia

4 3603 5 3666 Ῠ
80 3613 136 3670 post
144 3609 302 3660 hierarchia
312 3611 470 3674 episcopalis
482 3611 643 3661 erectionem
658 3609 763 3660 definiri
776 3612 803 3658 et
816 3605 897 3656 statui
909 3603 1009 3665 solent3
1020 3601 1094 3652 unde

81 3677 197 3748 scduitur
207 3687 316 3736 vicariis
331 3687 484 3750 apostolicis
497 3687 537 3736 las
552 3700 608 3736 000
624 3700 681 3738 csse
694 3685 833 3736 nominare
848 3681 992 3733 canonicos
1007 3679 1092 3729 hono-

4 3791 5 3808 1
20 3805 22 3812 ,
82 3760 170 3824 rarior,
183 3775 246 3812 eum
258 3763 405 3825 capitulum
416 3776 472 3812 non
484 3763 610 3821 babeant.
