2642 4268
119 227 121 230 Ι
217 155 269 212 548
478 163 556 215 Pali!
574 163 621 216 111.
642 165 698 216 NR!
717 165 965 216 accusabamus.

271 263 481 344 11111-1111ο
495 280 603 346 Utrum
610 291 639 346 et
647 293 792 364 quotenus
803 282 1013 368 benficiartiu
1024 280 1237 365 possitdr'mr‘t·

216 385 287 454 tere,
297 389 480 458 permutare,
496 388 549 442 out
562 381 716 462 resr'paore
728 401 815 444 suum
831 378 1035 463 beneficium?

273 475 299 538 1.
314 474 456 540 Dimissio
469 477 606 560 amplas,
623 498 678 542 seu
691 479 854 561 rese‘qaott'o
869 478 1009 560 beneficti
1024 478 1147 559 absque
1163 478 1236 540 nlla

113 662 114 665 Ἴ
214 572 402 652 conditione,
418 575 505 638 licita
520 582 578 653 est,
592 582 624 639 et
636 576 787 640 clericum
801 577 895 640 solvit
909 596 928 640 a
942 576 1071 638 vinculo
1087 595 1152 655 quo
1172 576 1235 637 Nc·

214 671 328 747 clesiae,
341 691 397 734 seu
407 672 560 736 beneflcio
572 674 758 752 devincitur,
775 675 870 737 modo
884 679 994 736 tamen
1007 673 1109 735 bbere
1120 673 1193 748 fiat,
1205 677 1237 734 et

214 770 309 831 luerit
325 776 489 852 acceptata
501 773 698 855 asuperiore.
715 774 749 840 si
755 772 974 836 beneficiarius
990 771 1172 834 adducatur
1187 769 1231 832 ad

214 868 478 933 renuntiationem
497 870 539 947 vi,
554 877 652 949 metu,
673 871 774 934 aliave
792 890 888 934 causa
906 870 1040 952 injusta,
1059 874 1150 932 actus
1167 885 1239 930 ces·

213 964 308 1026 sionis
316 967 587 1030 estrescindibilis.
599 969 783 1050 Sisuperior
791 967 989 1031 nonduxerit
998 965 1236 1048 acceptandam

214 1063 438 1152 dimissionem,
452 1066 641 1129 beneficium
653 1072 833 1144 nonvacat;
847 1067 912 1130 imo
922 1065 1148 1128 beneficiarius
1160 1061 1236 1144 cogi

216 1165 331 1246 potest,
360 1163 605 1227 comminatione
633 1184 848 1241 censurarum,
879 1164 920 1226 ad
946 1163 1113 1244 implenda
1135 1179 1236 1224 onera

216 1259 329 1336 officii3
347 1279 387 1322 ex
410 1281 473 1343 quo
490 1269 600 1338 autem¹
615 1263 821 1338 renuntiatio,
838 1262 937 1325 bbere
956 1263 1051 1339 facta,
1069 1263 1238 1340 acceptata

105 1388 110 1409 ι
214 1357 318 1435 suerit,
336 1358 549 1424 irrevocabilis
566 1367 623 1437 est,
645 1363 724 1425 adeo
744 1369 779 1425 ut
797 1361 903 1424 nullus
922 1359 1062 1440 amplius
1083 1359 1175 1420 loeus
1191 1355 1234 1419 sit
1264 1365 1266 1370 '

217 1455 421 1536 penitentie.
438 1458 490 1539 (N⁰
503 1459 573 1535 304,
589 1465 612 1523 t.
626 1461 651 1538 1,
666 1481 698 1542 p.
717 1459 803 1542 525.)
846 1509 851 1516 .

178 1587 180 1590 ·
274 1556 456 1648 Notandum
472 1573 481 1620 ε
497 1559 529 1619 1ο
552 1558 722 1622 concilium
738 1557 958 1622 Tridentinum
973 1553 1178 1638 prohibuisse
1195 1569 1245 1632 ne,

216 1652 348 1715 clericus
366 1655 421 1738 qui
439 1655 603 1718 ordinatus
620 1657 681 1718 luit
696 1657 755 1720 sub
771 1656 865 1719 titulo
882 1654 1051 1735 enjusdam
1074 1650 1235 1726 beneficii,

214 1749 294 1813 illud
315 1752 463 1829 dimittat,
487 1754 547 1817 nisi
569 1756 655 1818 lacta
673 1754 838 1819 mentione
861 1753 958 1833 hujus
974 1751 1072 1825 tituli,
1088 1755 1122 1813 et
1150 1766 1236 1812 asse·

219 1855 328 1912 curato
361 1850 423 1914 alio
453 1853 558 1918 medio
587 1853 732 1920 honesta,
759 1850 1013 1915 sustentationis.
1049 1847 1236 1913 Notandum

220 1951 253 2010 2⁰
268 1947 299 2012 S.
316 1949 408 2010 Pium
421 1952 448 2014 V
461 1951 670 2032 prohibuisse,
683 1952 725 2013 ob
739 1952 886 2014 eamdem
897 1949 1070 2024 rationem,
1084 1965 1127 2008 ne
1141 1943 1235 2008 cleri·

219 2063 273 2106 cus
285 2069 302 2103 «
313 2064 401 2109 sacro
411 2048 516 2110 ordini
524 2049 734 2130 mancipatus,
749 2049 810 2111 nisi
819 2047 1007 2128 religionem
1020 2046 1237 2124 ingressurus,

224 2163 238 2200 c
252 2142 318 2205 ullo
332 2146 427 2207 modo
438 2146 540 2220 valent
552 2148 752 2225 beneficium,
763 2147 812 2210 vel
825 2146 967 2210 officinm
980 2141 1236 2206 ecclesiasticum

221 2264 237 2319 u
251 2242 423 2322 resignare,
437 2243 498 2306 nisi
511 2244 638 2307 aliunde
650 2244 679 2307 ei
691 2245 741 2319 sit,
754 2263 817 2326 quo
830 2244 863 2305 in
872 2243 939 2306 vita
951 2241 1054 2324 possit
1069 2237 1236 2302 commode

224 2363 239 2396 ι
255 2342 435 2404 sustentari.
452 2367 466 2397 »
485 2341 604 2424 (const.
623 2343 753 2420 Quanta,
770 2361 811 2406 an
826 2341 935 2423 1168.)

283 2439 352 2524 611.
370 2474 410 2484 -
422 2441 461 2502 ll.
480 2437 668 2502 Permutatio
684 2440 789 2504 locum
804 2440 902 2502 habet
920 2437 1048 2519 quando
1063 2436 1129 2497 duo
1143 2435 1241 2496 bene·

224 2536 322 2599 ficiati
336 2538 396 2600 sibi
409 2544 520 2601 mutuo
535 2539 651 2602 cedunt
664 2539 830 2620 proprium
843 2537 1044 2600 beneficium.

284 2636 427 2697 Ganones
441 2641 550 2699 vetant
563 2637 632 2700 lieri
644 2638 894 2718 permutationes
908 2634 975 2698 sine
993 2651 1090 2697 causa
1104 2627 1242 2694 necessi·

224 2729 309 2808 latis,
326 2751 380 2794 seu
395 2735 551 2810 utilitatis,
568 2736 615 2796 sin
625 2735 850 2810 Ecclesiarum,
865 2733 979 2796 saltem
994 2732 1195 2804 clericorum,
1211 2731 1243 2788 11

223 2829 283 2892 nisi
296 2832 462 2894 accesserit
476 2833 648 2895 auctoritas
661 2832 843 2913 superioris,
860 2831 916 2913 qui
931 2836 978 2894 est
996 2832 1028 2892 S.
1045 2827 1196 2890 Pontifex
1208 2824 1243 2885 in

224 2928 386 2990 beneficiis
401 2930 586 3011 majoribus,
605 2935 637 2992 et
652 2931 829 3012 Episcopus
845 2929 964 2992 alterve
984 2926 1140 2989 Praelatus
1157 2921 1244 2985 ordi·

226 3026 334 3090 narius
357 3027 429 3103 loci,
455 3028 482 3090 si
505 3034 619 3108 agatur
642 3029 681 3090 de
705 3027 866 3092 beneficiis
890 3025 1078 3088 minorihus.
1106 3023 1245 3084 Possunt

227 3127 357 3205 quidem
379 3125 573 3189 beneficiarii
594 3131 733 3188 tractare
760 3126 800 3188 de
823 3123 1057 3206 permutatione
1084 3118 1244 3194 facienda,

228 3224 306 3286 alias
319 3243 383 3287 non
398 3225 611 3287 consentirent
621 3224 654 3287 in
668 3224 767 3296 idem,
780 3228 812 3285 et
823 3221 1016 3303 permutatio
1031 3223 1115 3282 esset
1128 3215 1247 3298 impos-

228 3321 344 3398 sibilis;
367 3322 422 3384 scd
436 3323 618 3385 nullatenus
636 3307 768 3402 possunt
787 3324 970 3401 permutare
987 3317 1120 3399 propria
1136 3317 1247 3376 aucto·

230 3419 332 3496 111111,
348 3439 450 3501 neque
464 3421 565 3482 ullum
577 3424 707 3501 pactum
720 3418 804 3481 inter
817 3438 849 3482 se
863 3417 956 3492 inire,
972 3435 1028 3478 seu
1041 3416 1081 3477 de
1095 3412 1247 3496 pensione

230 3519 392 3596 solvenda,
409 3537 465 3580 seu
479 3517 600 3598 dejure
613 3509 831 3579 reassumendi
843 3515 1035 3578 beneficium
1048 3513 1083 3573 in
1097 3529 1175 3574 casu
1187 3525 1248 3590 quc

232 3615 311 3678 alter
324 3615 556 3696 praemoriatur,
571 3635 627 3678 seu
639 3615 727 3678 aliud
737 3614 770 3676 id
780 3633 891 3694 genus.
906 3615 1040 3676 Necesse
1055 3614 1103 3672 est
1117 3605 1250 3670 utnulla
