2642 4268
174 271 244 321 nar.
265 271 300 321 ll.
324 271 517 333 ontlrlortss,
536 273 747 324 runolrtonns
766 239 803 322 ΙΙΙΙ
822 274 994 322 bannilem.
1038 266 1089 322 5³3

75 392 153 474 (lom
166 391 366 472 splendorem
378 393 481 454 cultus
493 393 600 470 divini,
615 395 642 461 si
654 394 782 456 aliunde
795 411 946 454 numerus
959 393 1088 456 clerico-

72 509 147 552 rum
167 490 325 552 sufficiens
345 490 384 550 sit
402 491 570 570 implendis
590 492 853 570 obligationibos;
873 511 930 554 nec
951 492 991 554 ob
1011 511 1091 570 sug·

72 593 218 649 mentum
237 588 396 669 parochiae
418 607 489 672 quae
508 590 709 652 multitudine
728 590 869 658 fidelium
891 590 1042 666 abundat,
1066 590 1092 652 si

72 687 238 748 Parochus
247 687 363 763 voleat,
375 687 578 752 adsciscendo
587 707 755 750 numerum
765 693 997 769 competentem
1007 688 1090 750 vica-

72 785 206 861 riorum,
220 785 362 847 fidelium
371 786 500 850 utilitati
513 787 675 849 consulere
688 806 695 862 ;
708 806 766 850 nec
778 786 907 850 tandem
918 787 958 847 ob
970 785 1087 866 exigui-

71 888 172 946 tatem
189 883 336 948 Ecclesiae
354 884 556 966 parochialis,
576 905 647 967 quae
663 905 773 948 omnes
787 885 997 966 parochianos
1012 905 1087 947 con-

71 983 176 1043 tinere
188 1001 253 1044 non
265 983 366 1058 valet;
382 984 456 1046 huic
467 985 548 1046 enim
560 984 762 1047 incommodo
774 985 950 1046 remedium
960 985 1090 1046 affertur

72 1081 308 1144 constructione
321 1081 451 1145 alterius
461 1083 623 1163 amplioris
636 1083 794 1146 Ecclesia.
806 1085 855 1146 lta
864 1082 978 1161 saepius
988 1082 1091 1142 decla·

71 1185 180 1242 ratum
201 1180 340 1242 referunt
364 1181 504 1256 Garoias,
529 1187 619 1244 tract.
647 1181 684 1242 de
710 1179 886 1263 Beneficiis,
910 1185 992 1260 part.
1017 1181 1089 1254 Xll,
1126 1223 1127 1226 ,

73 1297 145 1357 cap.
169 1294 221 1352 111;
238 1278 369 1340 Pirrbus
395 1280 562 1354 Corradus,
579 1279 694 1342 Procris
719 1279 922 1360 beneficiario,
948 1279 1016 1339 lib„
1034 1279 1087 1353 ΙΙΙ,

74 1395 146 1456 cap.
163 1394 195 1452 11,
214 1381 245 1437 et
259 1378 365 1440 oaeteri
379 1379 495 1458 plures.
510 1380 559 1441 lta
573 1379 773 1441 concluditur
785 1396 824 1438 ex
838 1377 971 1438 concilio
988 1376 1088 1449 Trid,

73 1493 151 1535 sess.
167 1493 233 1548 xxr,
246 1493 316 1554 cap.
331 1493 375 1550 1v,
388 1475 424 1538 de
437 1476 588 1556 Reform„
603 1495 661 1556 pro
672 1495 746 1540 casu
759 1466 822 1556 q'uo
833 1475 995 1538 Paroohus
1005 1473 1089 1536 solus

73 1592 139 1634 non
159 1573 284 1648 sufficit,
309 1574 363 1636 sed
382 1574 547 1653 providere
566 1579 671 1655 potest
690 1575 883 1636 sufficienter
903 1571 1090 1640 utilitatibus

72 1671 227 1746 fidelium,
243 1673 269 1732 si
281 1672 434 1752 mojorem
446 1692 614 1734 numerum
627 1674 818 1735 vicariorum
832 1673 891 1735 sibi
903 1671 1047 1733 associet.

134 1771 227 1832 Retio
237 1776 343 1833 autem
354 1772 514 1833 dividendi
526 1771 712 1833 beneficium
730 1771 841 1834 adest:
857 1773 888 1832 l⁰
906 1769 1033 1850 quando
1049 1770 1089 1831 ob

72 1870 217 1930 locorum
233 1869 426 1944 distantiam,
445 1871 495 1931 vel
509 1871 659 1940 itinerum
676 1870 888 1943 difficultates
905 1868 1090 1948 parochiani

73 1987 139 2039 non
153 1972 283 2046 possunt
297 1969 459 2030 commode
471 1969 643 2032 Ecclesiam
654 1968 751 2042 adire,
764 1973 799 2030 ut
809 1970 1007 2028 sacramenta
1016 1985 1088 2045 per-

73 2065 193 2146 cipiant
209 2065 384 2146 divinisque
398 2067 508 2128 officiis
522 2072 665 2147 tempore
680 2085 819 2145 congruo
834 2065 997 2140 intersint;
1010 2065 1087 2126 alio·

73 2165 151 2244 quin
165 2161 258 2226 multi
277 2169 421 2226 carerent
435 2165 582 2227 subsidiis
601 2164 832 2245 spiritualibus3
850 2166 881 2223 2⁰
901 2163 1029 2242 quando
1049 2163 1089 2223 ob

73 2262 206 2323 nimiam
220 2262 456 2324 multitudinem
471 2263 591 2342 populi,
609 2262 770 2324 Paroshus
783 2280 846 2322 non
861 2265 977 2340 potest,
994 2259 1089 2320 etiam

72 2361 199 2420 vicariis
213 2361 272 2421 sibi
289 2361 322 2422 in
338 2361 476 2423 cilicium
492 2361 689 2435 consociatis,
706 2379 795 2421 suam
810 2359 997 2438 parochiam
1012 2376 1088 2418 con-

73 2459 240 2520 venienter
253 2478 363 2538 regere
370 2479 379 2534 ¹;
398 2461 429 2520 3⁰
447 2461 585 2539 quando,
602 2460 642 2521 ob
661 2460 743 2520 male
759 2458 927 2538 dispositos
939 2457 1018 2517 fines
1033 2475 1091 2536 pa-

73 2556 203 2632 rochias,
215 2557 401 2635 parochiani
413 2575 496 2636 aegre
507 2559 612 2618 ferunt
622 2557 840 2620 necessitatem
854 2555 990 2617 adeundi
1000 2573 1089 2614 suam

74 2655 245 2716 Ecclesiam
257 2655 335 2716 locis
347 2656 558 2729 remotiorem,
573 2661 604 2717 et
617 2675 742 2717 accessu
757 2653 976 2728 difficiliorem,
993 2671 1088 2733 quam

75 2752 171 2814 sliam
186 2753 358 2814 Ecclesiam
375 2754 533 2826 vicinioris
548 2754 719 2834 parocbia.

134 2851 211 2912 Inde
226 2851 478 2912 concludendum
493 2852 803 2914 dismembrationem
820 2869 884 2912 non
895 2849 963 2930 jam
978 2849 1090 2911 haberi

74 2954 227 3028 tanquam
239 2950 414 3010 remedium
429 2955 605 3012 extremum
620 2950 660 3012 ad
674 2951 759 3030 quod
772 2947 952 3022 recurratur
964 2953 1088 3010 tantum

75 3065 171 3110 causa
191 3047 385 3108 necessitatis
404 3049 543 3123 moralis
566 3048 622 3110 sed
644 3052 796 3127 tanquam
819 3047 959 3109 medium
980 3045 1090 3124 provi*

75 3145 171 3206 dendi
186 3145 313 3206 utilitati
330 3146 481 3207 fidelium.
500 3147 533 3207 Si
545 3146 627 3208 adsit
642 3165 719 3207 vera
733 3147 852 3206 utilitas
866 3144 1043 3206 animarum
1058 3148 1089 3204 et

75 3244 180 3304 adsint
198 3241 325 3304 aliunde
343 3244 535 3305 sufficientes
554 3244 694 3305 redditus
713 3245 827 3323 quibus
844 3261 926 3324 novo
945 3240 1089 3302 Parocho

75 3348 106 3402 et
124 3342 288 3422 paroeciali
306 3343 451 3404 Ecclesiae
470 3343 610 3422 prospici
629 3343 738 3422 possit,
760 3341 888 3403 decerni
906 3345 1016 3420 potest·
1027 3339 1090 3400 dis-

75 3440 264 3501 membratio
277 3441 316 3502 ab
329 3441 496 3521 Episcopo,
514 3459 572 3503 nec
585 3442 675 3502 facile
688 3438 919 3520 improbabitur
931 3457 970 3500 ex
983 3437 1092 3516 aliquo,

76 3539 306 3600 formalitatum
321 3539 444 3601 defectu
459 3539 481 3606 1.

125 3681 229 3734 r.·nna
240 3681 266 3730 s.
281 3680 365 3742 seua,
378 3681 432 3734 vu.
445 3682 501 3742 vu,
516 3696 543 3746 p.
561 3683 640 3736 sen.
656 3682 728 3732 osci.
743 3682 768 3735 s
788 3683 816 3736 c.
834 3667 877 3732 ria
895 3682 925 3732 rs
942 3678 1088 3750 septimi

73 3785 103 3798 -
120 3758 176 3810 vol.
188 3757 241 3819 ΧΙΙ,
255 3770 315 3823 pag.
329 3759 385 3829 292,
398 3757 466 3826 decl.
483 3757 526 3808 dis
541 3759 571 3808 23
583 3758 640 3822 jau.
656 3761 725 3810 1879.

842 3823 844 3827 ,
905 3820 1004 3914 30...
