2582 4278
78 292 136 338 llll'.
155 289 193 336 lv.
214 284 430 335 ocmoarloxns
450 281 667 332 ctelrutototl
687 282 723 329 E'l'
742 281 960 330 CANONIGORUM.
988 273 1034 327 lli

78 453 238 511 clarmontis
260 465 300 510 lv.
322 481 363 494 -
382 447 428 506 DE
451 446 707 508 Oanoarlotttcos
727 458 938 504 carlrutoaurr
961 458 999 502 E'l'

421 559 640 606 cabomcoaura.

93 699 156 758 399.
175 695 345 771 -roca
364 694 424 757 sint
446 694 641 776 obligationes
660 691 859 774 capitulorum
878 689 1037 752 cathedra-

49 793 122 858 liora?

93 892 300 970 obligationes
315 892 449 972 capituli
461 891 653 954 cathedralis
665 889 810 951 oriuntur
821 907 860 948 ex
871 885 1040 966 multiplici

48 994 96 1052 fine
108 991 144 1052 ad
158 1009 252 1069 quem
268 990 446 1051 institutum
462 989 531 1052 fuit.

93 1091 120 1146 l⁰
134 1088 265 1149 Ratione
281 1088 378 1148 officii
397 1086 547 1164 choralis,
568 1091 694 1147 tenetur
708 1083 874 1164 providere
895 1082 1039 1144 celebra·

48 1187 109 1246 tioni
125 1185 315 1264 quotidiana
335 1185 514 1246 divinorum
536 1183 714 1245 ciliciorum
731 1187 763 1243 et
778 1182 881 1243 missae
901 1199 1039 1242 conven-

49 1284 132 1344 tualis.
161 1284 235 1343 Haec
266 1283 420 1361 obligatio
452 1281 619 1360 specialius
648 1280 805 1343 incumbit
833 1278 1040 1357 dignitatibus

51 1380 167 1459 capituli,
179 1399 318 1460 quarum
332 1399 447 1441 munus
458 1385 505 1441 est
516 1397 688 1460 procurare
703 1377 937 1438 observantiam
951 1375 1042 1438 disci·

49 1479 124 1556 plina
146 1497 153 1538 :
175 1485 209 1540 at
229 1479 257 1539 si
280 1479 450 1557 dignitates
478 1477 676 1556 negligenter
698 1493 756 1536 sua
780 1475 897 1536 obeant
918 1473 1038 1550 munia,

51 1575 175 1653 obligatio
190 1594 302 1638 omnes
313 1577 345 1637 in
361 1576 498 1637 solidum
513 1580 621 1654 urget;
638 1575 718 1635 adeo
734 1573 914 1652 utquisque
928 1576 1040 1632 tenea·

50 1679 94 1745 tur,
108 1679 257 1752 quantum
273 1675 353 1735 inse
368 1679 425 1750 est,
441 1673 620 1754 prospicere
638 1673 723 1734 bono
738 1670 911 1748 communi,
931 1687 1040 1730 exem·

51 1769 117 1846 plum
129 1771 193 1850 ipse
208 1771 402 1848 exhibendo,
415 1777 447 1834 et
461 1770 678 1850 promovendo
691 1770 724 1829 in
739 1767 874 1830 comitiis
887 1766 1042 1846 capitula-

52 1867 116 1926 ribus
127 1870 386 1932 reformationem
401 1869 569 1931 abusuum.

93 1969 120 2026 2⁰
132 1967 228 2031 Debet
243 1967 402 2029 honorem
417 1967 572 2047 Episcopo
586 1967 725 2040 deferrc3
741 1965 877 2045 primam
889 1964 996 2025 sedem
1007 1962 1040 2024 in

51 2061 135 2140 choro,
155 2065 232 2126 etin
254 2071 412 2128 conuentu
432 2065 600 2144 capitulari
622 2064 725 2125 eidem
749 2081 920 2139 reservare,
945 2066 1040 2142 atque

52 2161 220 2237 pontificalia
244 2164 405 2226 exercenti
429 2163 590 2225 adsistere.
618 2161 791 2223 Concilium
819 2159 1040 2221 Tridentinum

51 2259 136 2319 statuit
151 2277 158 2320 :
177 2283 193 2316 e
207 2261 372 2341 Episcopis
391 2261 509 2341 ubique
524 2261 551 2321 is
565 2260 670 2322 honor
688 2259 845 2319 tribuatur
860 2257 916 2337 qni
930 2273 1039 2317 corum

52 2378 62 2409 r
79 2356 210 2435 dignitati
223 2379 284 2439 par
298 2365 360 2433 est3
376 2360 484 2439 eisque
498 2359 531 2419 in
543 2359 642 2420 choro
658 2362 689 2419 et
702 2357 735 2416 in
748 2355 898 2435 capitulo,
918 2355 950 2415 in
963 2371 1040 2434 pro-

52 2475 63 2507 «
79 2455 270 2533 cessionibus,
285 2463 317 2518 et
332 2458 402 2518 aliis
417 2457 541 2519 actibus
554 2456 701 2537 publicis,
715 2454 755 2516 sit
769 2454 873 2534 prima
892 2453 992 2530 sedes,
1008 2456 1040 2513 et

51 2552 152 2614 «locus
175 2574 272 2634 qucm
293 2556 355 2634 ipsi
379 2555 573 2636 clegerint...
594 2555 744 2616 (laconici
766 2541 1035 2632 compellantur...

52 2672 62 2700 «
78 2650 217 2732 Episcopo
232 2652 408 2715 celebranti
419 2659 474 2714 aut
487 2653 549 2714 alia
558 2651 755 2733 pontificalia
769 2650 929 2714 exercenti
944 2648 1040 2710 adsis-

19 2763 20 2766 *
53 2770 63 2797 a
78 2751 341 2812 tercetinservire.
353 2776 368 2805 n
382 2751 476 2834 (sess.
491 2769 565 2826 xxv,
577 2770 648 2836 cap.
659 2769 706 2827 vr;
717 2768 793 2813 sess.
804 2766 969 2828 fflbffllb
981 2763 1037 2821 xu,

19 3707 21 3760 l

19 3875 21 3938 t

50 2840 75 2901 de
84 2844 220 2929 Reform.)

93 2945 134 3004 Ex
144 2946 277 3008 decretis
291 2948 421 3011 Goncilii
430 2953 462 3010 ct
475 2967 514 3009 ex
524 2947 620 3009 variis
634 2947 845 3008 decisionibus
856 2945 889 3008 S.
904 2946 1040 3023 Congre-

52 3039 160 3114 gaticnis
178 3045 318 3123 ltituum,
335 3046 477 3125 sequitur
492 3047 523 3106 1⁰
534 3064 599 3108 non
614 3045 707 3106 titulo
721 3043 922 3120 urbanitatis,
938 3042 994 3104 sed
1007 3041 1040 3102 vi

51 3133 109 3210 juris
121 3143 293 3204 communis
306 3144 480 3223 capitulum
494 3142 596 3204 teneri
607 3143 648 3204 ad
662 3142 871 3204 assistendum
883 3141 1038 3220 Episcopo

54 3231 180 3317 illumque
199 3247 326 3302 euntem
346 3246 378 3302 ct
394 3241 579 3302 redeuntem
603 3239 824 3302 associandum
845 3256 903 3319 pro
925 3235 1039 3296 divinis

55 3331 154 3411 officiis;
169 3340 201 3397 2⁰
212 3339 437 3419 obligationem
453 3357 578 3416 urgere,
593 3357 657 3399 non
672 3343 796 3399 tantum
811 3335 939 3416 quande
951 3332 1038 3413 Epis-

54 3444 127 3508 copus
141 3437 362 3514 pontificaliter
374 3430 523 3514 celebrat,
536 3437 591 3497 sed
603 3436 698 3497 etiam
713 3435 841 3516 quando
856 3432 936 3494 alias
950 3433 1038 3494 lunc·
1095 3477 1098 3489 .

56 3524 131 3590 tiones
141 3533 334 3611 pontificales
345 3539 480 3612 exercet,
495 3538 584 3612 puta,
597 3533 623 3593 si
634 3532 807 3595 Ecclesiam
820 3536 998 3607 consecret3
1013 3529 1039 3592 si

56 3637 136 3686 sacros
149 3631 271 3692 ordines
286 3632 437 3709 conferat,
459 3631 554 3693 etiam
575 3631 735 3711 privatim,
758 3648 820 3709 quc
841 3648 915 3692 casu
932 3634 1037 3691 tamen

58 3736 102 3780 uon
120 3743 205 3788 omne
226 3729 411 3809 capitulum,
436 3731 490 3790 sed
512 3729 576 3790 duo
600 3735 655 3790 aut
677 3734 741 3789 tres
764 3727 868 3790 solum
894 3726 1039 3790 canonici
