2632 4260
227 247 261 301 34
595 253 671 302 Pius
693 255 727 302 11.
749 253 877 304 otbaldi.

228 371 452 434 animadvertit
464 372 499 432 in
522 371 672 434 clericum
687 371 742 452 qui
760 372 1049 453 furtive-suscipere
1069 388 1246 454 presump-

228 475 312 531 serat
327 470 437 533 eodem
453 470 503 532 die
514 471 777 532 subdiaconatum
793 490 864 533 cum
879 472 1065 548 minoribus,
1080 491 1149 552 cap.
1166 471 1248 534 Cam

226 567 268 631 N.
282 568 371 643 laton,
388 573 418 646 2,
435 586 474 630 or
489 587 526 632 so
548 585 600 639 cur
615 569 793 646 currina...,
809 571 865 632 lib.
880 571 906 632 V
920 573 1060 645 Decrct.;
1077 570 1158 631 nihil
1168 589 1249 632 vero

229 668 417 747 pronuntiat
430 669 469 729 de
481 672 639 748 potestate
651 667 814 749 Episcopi.
829 668 1004 730 Dicendum
1017 675 1124 730 tamen
1139 669 1173 729 id
1187 667 1251 728 iili-

230 763 329 826 citum
349 760 428 840 esse,
445 765 505 826 nisi
528 767 622 827 firma
641 766 674 826 in
699 767 894 828 contrarium
915 768 1110 829 consuetudo
1129 765 1253 828 alicubi

229 863 344 942 vigeat,
362 865 448 943 quod
462 865 640 944 probatur:
662 865 693 924 i⁰
708 883 747 927 ea
758 883 844 927 sensa
859 864 1023 940 doctorum,
1041 865 1095 945 qui
1113 881 1252 942 genera-

227 962 285 1023 tim
299 967 407 1024 tenent
421 961 504 1024 hanc
517 962 749 1026 ordinationem
763 964 960 1045 prohibitam
970 981 1037 1026 esse
1049 964 1142 1045 juxta
1156 963 1254 1024 disci-

228 1059 350 1141 plinam
359 1079 560 1122 communem
568 1062 791 1124 Ecclesiarum.
804 1085 820 1119 n
829 1061 941 1124 Libere
952 1063 1192 1142 respondemus,
1206 1061 1254 1122 ait
1307 1133 1308 1140 ἵ

229 1158 435 1235 lambertini,
453 1159 508 1239 qui
524 1160 584 1220 fuit
593 1160 785 1222 Benedictus
798 1162 875 1237 xlv,
889 1162 959 1240 lege
973 1161 1106 1222 vetitum
1124 1179 1193 1221 csse
1212 1177 1254 1220 nc

232 1257 370 1320 minores
381 1259 509 1319 ordines
518 1277 555 1320 ac
566 1259 813 1321 subdiaconatus
822 1261 935 1322 codem
943 1260 993 1321 die
1003 1261 1222 1322 conferantur.
1235 1281 1251 1314 »

234 1359 267 1418 20
280 1355 336 1416 Ec
350 1354 553 1417 declaratione
567 1355 605 1418 S.
626 1355 887 1438 Conprepationes.
905 1359 937 1420 S.
954 1357 1162 1438 Congregatio
1175 1375 1255 1417 cen-

232 1454 296 1514 suit
309 1453 541 1532 indulgendum
561 1474 627 1516 non
641 1457 708 1518 fore
730 1456 894 1537 Episcopis
915 1461 951 1518 ut
970 1456 1096 1517 ordines
1110 1455 1255 1518 minores

232 1552 344 1613 codem
360 1551 411 1612 dic
430 1569 503 1613 cum
521 1552 752 1616 subdiaconatu
772 1556 970 1629 conterrent3
992 1560 1023 1616 ct
1043 1554 1135 1632 argui
1149 1553 1257 1614 voluit

231 1649 424 1729 Episcopum
437 1650 492 1730 qui
506 1651 547 1712 ab
568 1651 625 1712 illa
638 1654 750 1732 regula
764 1659 946 1730 recesserat,
961 1671 1020 1714 nec
1035 1671 1109 1713 eum
1120 1652 1256 1731 apoenis

231 1747 346 1809 debitis
355 1748 501 1811 liberavit
510 1750 614 1813 nisiea
624 1751 794 1813 conditione
802 1753 876 1814 atta
886 1759 1039 1833 postetam
1049 1750 1150 1812 abhoc
1162 1751 1260 1830 pravi

232 1846 369 1936 facinore
385 1847 558 1910 abstineret.
584 1849 712 1931 (Bened.
733 1851 813 1926 XIV,
829 1850 1022 1912 Institutione
1042 1864 1099 1924 cvr,
1116 1859 1151 1909 n⁰
1170 1851 1222 1910 10.
1233 1847 1257 1928 ¹)

292 1949 341 2019 ita
364 1973 424 2016 usu
445 1955 606 2016 firmatum
629 1961 685 2018 est
699 1957 739 2018 ad
760 1963 900 2019 mentem
921 1957 1045 2019 concilii
1061 1957 1254 2030 Tridentini,

234 2055 321 2136 quod
335 2051 490 2133 majorem
500 2056 643 2135 exposcit
652 2073 782 2118 causam
797 2061 833 2118 ut
845 2055 1005 2135 dispenset
1018 2055 1195 2136 Episcopus
1207 2073 1259 2116 su-

234 2170 292 2232 per
306 2151 483 2214 interstitiis
498 2154 537 2214 ab
548 2152 661 2216 ultimo
674 2154 785 2216 ordine
795 2154 911 2216 minori
921 2153 961 2216 ad
970 2154 1256 2228 subdiaconatum3
1308 2167 1309 2170 ’

234 2249 320 2312 unde
337 2249 449 2313 merito
464 2251 665 2314 concluditur
674 2253 867 2334 Episcopum
879 2271 973 2333 agere
984 2257 1094 2314 contra
1108 2252 1259 2314 volunta-

236 2353 300 2410 tem
319 2349 479 2428 Ecclesia,
498 2351 553 2431 qui
568 2352 681 2412 eodem
700 2351 750 2414 die
774 2357 946 2433 utrumque
970 2351 1114 2413 conferre
1137 2369 1260 2430 praesu-

237 2449 306 2512 mit.

185 2557 187 2561 “
236 2627 239 2632 y
294 2548 365 2608 328.
382 2582 421 2592 -
435 2548 476 2609 11⁰
492 2545 674 2624 Quibusnam
689 2547 791 2610 dicbus
804 2549 894 2610 liceat
906 2547 1026 2611 ordines
1041 2546 1207 2629 conferre?

278 2715 280 2720 ,
294 2645 318 2707 l.
335 2645 479 2708 Tonsura
492 2647 629 2708 conferri
642 2651 747 2727 potest
759 2647 901 2728 quelibet
913 2647 965 2709 die
980 2651 1011 2708 et
1026 2648 1117 2710 hora.

236 2767 238 2772 ·
295 2743 333 2806 li.
347 2744 481 2806 Licitum
494 2750 542 2806 est
555 2747 711 2826 Episcopo
728 2769 743 2802 n
760 2745 928 2807 dominicis
938 2751 969 2806 et
985 2745 1056 2808 aliis
1070 2745 1185 2806 diebus
1197 2747 1260 2808 fes·

238 2869 253 2900 c
268 2843 349 2917 tivis,
367 2861 465 2904 unum
485 2848 541 2904 aut
557 2845 635 2905 duos
655 2845 696 2905 ad
715 2845 854 2904 minores
874 2844 1001 2905 ordines
1014 2862 1205 2925 promovere
1223 2865 1259 2918 »;

237 2961 308 3021 cap.
328 2940 374 3002 De
392 2961 435 3017 co,
453 2943 483 3017 3,
504 2959 543 3002 ua
560 2942 656 3006 Teuc.
670 2955 788 3018 ceola,
809 2942 894 3021 quod
909 2942 1081 3004 canonistae
1100 2960 1138 3003 eo
1161 2961 1260 3002 sensu

237 3041 486 3120 interpretantur
503 3046 538 3101 ut
549 3041 659 3120 paucis
674 3040 874 3101 solummodo
892 3040 1018 3101 ordines
1038 3041 1259 3115 conferantur,

237 3140 277 3200 rie
291 3139 348 3200 fiat
362 3137 520 3200 ordinatio
532 3139 700 3218 generalis,
716 3138 777 3198 nisi
787 3137 899 3198 diebus
913 3156 986 3199 mox
1004 3137 1193 3200 indicandis.

248 3254 251 3260 '
298 3243 379 3328 Haec,
397 3247 538 3330 notanda
556 3263 564 3307 :
584 3245 615 3306 1⁰
634 3249 731 3308 Juxta
752 3243 945 3328 Pontz'ficale,
970 3245 1098 3307 ordines
1116 3233 1262 3310 minores

286 3437 309 3482 t.
320 3433 358 3483 cf.
374 3433 483 3493 Giraldi‚
498 3435 568 3496 part.
583 3433 604 3494 I,
620 3435 683 3484 sect.
701 3447 810 3483 cxxxvn.
824 3432 904 3483 Nulla
923 3434 1068 3496 suspensio
1085 3434 1115 3484 in
1128 3434 1180 3484 boc
1191 3449 1262 3486 casu

237 3507 384 3558 incurritur
397 3509 457 3573 ipso
468 3510 538 3560 tacto
551 3509 585 3560 ab
599 3510 733 3574 Episcopo
746 3523 797 3560 nec
807 3509 841 3560 sb
855 3507 996 3568 ordinatis,
1015 3509 1079 3573 quia
1091 3509 1159 3560 nihii
1172 3521 1206 3560 ea
1224 3512 1262 3562 de

237 3597 268 3634 re
284 3587 414 3634 statutum
427 3585 479 3636 tuit
495 3585 594 3650 ajure.
610 3585 688 3646 Quod
704 3585 781 3636 firma
799 3584 996 3650 consuetudine
1013 3586 1110 3636 induci
1127 3587 1215 3648 possit
1229 3593 1262 3638 ut

241 3659 448 3710 subdiaconatus
460 3659 555 3711 eodem
565 3661 607 3711 die
616 3676 677 3712 cum
690 3657 839 3711 minoribus
851 3661 1014 3723 conteretur,
1026 3663 1101 3712 tenet
1115 3665 1141 3710 et
1156 3661 1261 3724 probat

242 3730 352 3799 inguen
366 3733 394 3785 in
409 3747 468 3798 cap.
484 3733 520 3786 De
531 3749 569 3800 eo,
584 3737 608 3800 3,
623 3746 657 3787 n⁰
671 3736 709 3797 ii,
722 3733 760 3786 De
774 3733 929 3799 temporibus
941 3735 1147 3787 ordinationum
