2642 4268
189 185 256 233 Ant.
277 184 310 233 11.
332 184 525 246 obstrictas,
546 184 755 233 FUNDA'HONES
775 186 811 232 ΕΤ
831 184 1002 232 sanantem.
1051 179 1102 232 525

151 302 183 361 3⁰
200 301 330 363 Ratione
346 301 497 382 modr'quo
507 302 723 376 conteruntur,
734 301 798 363 elia
810 306 883 363 sant
893 301 1027 374 electiva,
1042 301 1104 362 alia

90 399 243 475 cellatica,
259 400 429 462 aliamtclo
446 418 500 461 seu
510 400 543 461 in
551 408 727 480 patronatu.
744 399 884 461 Electiva
899 400 1104 460 conferantur

89 516 147 576 per
158 498 357 571 electionem,
366 497 458 577 juxta
469 500 595 577 regulas
607 498 687 577 juris
704 498 925 560 celebrandam
936 503 967 560 et
977 517 997 560 a
1008 517 1101 578 sapa·

87 595 171 657 riore
188 597 455 672 confirmandam;
478 597 626 660 collativa
647 598 853 659 conferuntur
871 597 972 658 libera
990 598 1103 658 volun·

85 699 152 755 tate
167 713 279 756 eoram
294 696 334 758 ad
351 713 430 774 quos
442 701 564 776 spectat
579 695 717 770 collatio,
735 695 773 756 iis
788 696 902 776 quibus
918 695 979 775 ipsi
997 695 1103 756 volae·

85 793 163 867 rint,
172 793 268 856 modo
278 793 384 855 idonei
392 794 470 869 sint;
485 795 649 856 mixtaseu
657 804 833 875 patronatu,
845 795 1049 856 conferuntur
1062 794 1101 854 ab

85 892 255 972 Episcopo¹
268 911 322 954 seu
331 893 371 954 ab
385 893 447 954 alio
460 893 609 968 Praelata
621 895 662 954 ad
675 893 952 972 praesentationem
963 891 1100 972 patroni.

85 989 245 1052 Beneficia
262 996 373 1052 carata
395 987 715 1070 aliquamrationem
737 991 857 1052 habent
875 989 1101 1052 beneficiorum

83 1088 261 1150 mixtorum
277 1094 430 1168 quatenus
450 1089 580 1164 scilicet,
602 1107 641 1150 ex
653 1088 727 1169 jure
738 1088 910 1165 communi,
928 1107 992 1151 non
1009 1087 1101 1149 aliter

81 1186 280 1248 conferenda
294 1191 367 1247 sunt
381 1205 478 1267 quam
493 1185 586 1248 alteri
600 1205 637 1246 ex
654 1186 842 1250 renuntietis
858 1186 961 1267 dignis
973 1185 1006 1246 in
1022 1205 1101 1248 con·

81 1303 192 1362 eursu,
209 1285 254 1382 ati
266 1283 344 1346 alies
359 1285 572 1366 exposuimus.
586 1285 637 1366 (Νο
650 1287 721 1360 236,
735 1290 759 1348 t.
773 1286 838 1364 I,p.
848 1283 932 1365 417.)
943 1283 1098 1358 Induhi0,

82 1379 275 1440 beneficium
296 1396 362 1441 non
384 1379 586 1458 praesumitur
604 1379 782 1457 electivum,
803 1396 861 1440 nec
882 1383 1097 1458 patronatum,

81 1477 138 1538 sed
152 1477 348 1554 collativam,
360 1477 437 1558 qaia
446 1478 601 1550 electione,
610 1482 641 1539 et
650 1466 821 1557 patronatu
842 1475 995 1538 beneficia
1011 1495 1097 1538 rece·

81 1575 191 1636 dante
202 1580 285 1636 stata
295 1575 459 1656 primaevo,
472 1582 504 1638 et
515 1575 735 1656 prejudicium
750 1577 880 1636 affertur
886 1573 1098 1655 jurisdictioni

80 1673 249 1736 ordinaria
264 1675 402 1748 Praelati,
417 1675 458 1738 ad
475 1693 568 1754 qaam
579 1673 651 1754 jure
665 1674 826 1737 communi
838 1679 959 1754 spectat
970 1671 1097 1735 collatio

77 1773 307 1836 beneficiorum
320 1773 472 1836 dioecesis.

82 2029 310 2106 administrationi
329 2054 507 2118 providerent,
525 2054 611 2105 donec
635 2055 704 2105 lacta
722 2054 816 2105 luisset
831 2055 924 2105 electio
942 2055 1094 2106 futurorum

80 2131 241 2182 titularium.
254 2129 384 2194 Deinceps
398 2144 464 2180 usus
481 2129 610 2194 paulatim
623 2130 737 2180 invaluit
746 2131 952 2180 commendandi
964 2131 1095 2182 beneficia

77 2208 115 2259 'ad
128 2211 235 2270 tempus
247 2199 418 2269 diuturnum,
426 2207 470 2256 vel
484 2207 565 2257 etiam
576 2207 711 2266 advitam,
723 2207 843 2272 nonjam
856 2207 964 2270 quidem
978 2207 1007 2256 in
1022 2208 1095 2259 lavo-

79 2297 140 2335 rem
152 2281 286 2344 beneficii,
304 2282 448 2346 sedpotius
458 2283 546 2334 clerici
561 2283 789 2345 commendatarii,
800 2287 830 2334 ut
845 2297 878 2332 ex
888 2282 1012 2334 beneficii
1021 2284 1093 2334 trac·

79 2359 154 2410 tibus
164 2360 372 2420 sustentaretar;
387 2358 460 2422 quod
474 2359 526 2409 luit
538 2359 617 2410 valde
636 2359 761 2410 notabilis
777 2359 897 2408 mutatio,
915 2359 1033 2410 Ecclesia
1044 2374 1094 2426 po:

80 2433 244 2496 tait,procal
268 2433 359 2496 dubio,
374 2435 410 2484 ita
423 2435 456 2484 dc
472 2434 633 2500 quibusdam
653 2433 789 2486 beneflciis
804 2433 945 2498 disponere
963 2435 996 2484 ad
1007 2437 1094 2499 provi·

80 2508 201 2560 dendum
224 2510 280 2560 sive
306 2509 443 2574 Episcopis
468 2524 483 2560 c
506 2524 555 2561 saa
583 2511 645 2560 sede
671 2509 770 2574 injuste
797 2509 926 2572 expulsis,
951 2510 1007 2560 sive
1033 2510 1093 2561 aliis

75 2585 200 2636 Praelatis
220 2586 366 2652 majoribus
388 2586 487 2650 quibus
510 2601 567 2636 non
588 2589 770 2651 suppetebant
793 2585 956 2636 sufficientes
973 2589 1092 2656 muneris

78 2661 209 2722 redditus,
224 2663 303 2713 modo
322 2663 519 2713 conservationi
540 2667 566 2712 et
580 2664 709 2714 oneribus
726 2663 847 2712 beneficii
860 2667 937 2713 caute
953 2664 1091 2727 provisum

77 2738 158 2788 foret.
174 2737 264 2788 Potuit
273 2739 353 2789 etiam
364 2738 484 2788 conferre
493 2739 624 2799 Prealatis,
636 2737 816 2801 velcollegiis‚
831 2738 903 2788 bona
913 2740 1090 2802 quorumdam

77 2814 373 2879 monasteriorumque
391 2813 539 2864 infortunio
554 2817 706 2878 temporam
724 2817 799 2862 crant
818 2813 956 2864 monachis
975 2814 1089 2877 deserta,

77 2893 144 2957 quin
158 2890 366 2954 effulgeretspes
378 2903 409 2939 ea
417 2891 594 2940 instaurandi.
611 2891 671 2941 Non
683 2888 764 2940 debet
775 2889 858 2954 igitur
870 2891 899 2940 in
913 2890 1014 2942 crimen
1022 2891 1090 2942 verti

76 2967 251 3019 Pontificibus
260 2965 333 3029 quod
345 2966 517 3024 monasterie,
535 2967 618 3018 aliave
633 2965 772 3027 beneficia,
789 2967 818 3016 in
831 2967 1009 3016 commendam
1026 2981 1089 3018 con-

76 3043 226 3104 stituerint3
237 3055 332 3091 verum
341 3042 508 3092 ¹dissimulari
520 3055 575 3092 non
586 3046 674 3107 potest
685 3055 778 3106 graves
790 3041 887 3091 exinde
902 3043 1002 3094 abusus
1016 3047 1089 3093 ortos

75 3121 168 3182 luisse,
181 3125 208 3169 et
222 3117 368 3182 collapsam
383 3117 551 3183 disciplinam
567 3119 687 3183 plurium
707 3117 928 3168 monasteriorum
942 3131 1002 3183 quae
1014 3120 1087 3183 prius

74 3197 176 3260 majore
186 3195 258 3244 lama
269 3194 434 3258 claruerant;
450 3195 496 3244 sed
511 3208 591 3246 causa
604 3197 645 3245 tot
661 3195 792 3244 maloram
809 3194 860 3243 luit
876 3193 989 3245 ambitio
1004 3201 1030 3246 et
1042 3183 1087 3246 cri·

74 3271 173 3336 piditas
185 3269 354 3320 Praelatorum
366 3269 464 3332 quibus
479 3269 559 3318 nimis
569 3268 740 3320 indulserant
754 3267 913 3332 adaugendo
928 3270 955 3318 in
967 3271 1023 3320 dies
1037 3285 1087 3322 na-

72 3360 178 3398 merum
193 3345 412 3396 commendaram
431 3359 437 3392 z
460 3357 540 3408 quarn
557 3346 592 3396 ob
609 3357 716 3398 causam
737 3343 880 3394 concilium
901 3345 1087 3396 tridentinum

71 3423 199 3490 expetivit
212 3427 242 3473 ut
254 3420 402 3470 remedium
410 3420 481 3470 malo
490 3420 638 3470 afferretur.
653 3419 725 3484 (Cap.
734 3419 777 3468 Ec
789 3429 915 3486 supernae,
930 3425 955 3483 2,
970 3437 1005 3490 na
1018 3423 1087 3473 Pam·

71 3513 168 3560 sennis,
182 3497 289 3548 Extant.
310 3509 408 3546 comm.
425 3495 619 3546 -Concilium
641 3495 711 3546 trid.
728 3506 793 3545 sess.
813 3507 871 3557 xxv,
892 3509 950 3560 cap.
977 3513 1030 3560 xxi,
1042 3505 1044 3512 ’
1055 3501 1086 3550 de

72 3573 250 3641 Repalurtdus.
272 3599 304 3610 -
324 3572 361 3623 Cl.
384 3571 500 3635 Gohard,
518 3573 559 3623 Tr.
579 3574 623 3624 des
636 3572 767 3636 beneficas.
782 3575 848 3621 tom.
863 3573 896 3636 ll,
911 3573 955 3624 dcc
968 3574 1086 3639 Adbaycs

70 3667 102 3704 en
118 3651 276 3716 commende.
298 3675 327 3720 .··
342 3649 508 3712 Thomassin,
524 3652 593 3726 part.
608 3650 644 3710 115
660 3649 706 3699 lib.
723 3647 755 3709 ll,
773 3647 999 3712 cotemnenda.)
