<?xml version="1.0" encoding="UTF-8"?>
<!DOCTYPE html PUBLIC "-//W3C//DTD XHTML 1.0 Transitional//EN"
    "http://www.w3.org/TR/xhtml1/DTD/xhtml1-transitional.dtd">
<html xmlns="http://www.w3.org/1999/xhtml" xml:lang="en" lang="en">
 <head>
  <title>
</title>
<meta http-equiv="Content-Type" content="text/html;charset=utf-8" />
  <meta name='ocr-system' content='tesseract 3.04.00' />
  <meta name='ocr-capabilities' content='ocr_page ocr_carea ocr_par ocr_line ocrx_word'/>
</head>
<body>
  <div class='ocr_page' id='page_1' title='image "./praelectionesju00murrgoog_0324.png"; bbox 0 0 2568 4272; ppageno 0'>
   <div class='ocr_carea' id='block_1_1' title="bbox 239 177 1044 276">
    <p class='ocr_par' dir='ltr' id='par_1_1' title="bbox 239 177 1044 276">
     <span class='ocr_line' id='line_1_1' title="bbox 239 177 1044 276; baseline 0 -1"><span class='ocrx_word' id='word_1_1' title='bbox 239 226 307 275; x_wconf 74' lang='lat' dir='ltr'>titi.</span> <span class='ocrx_word' id='word_1_2' title='bbox 328 224 370 273; x_wconf 84' lang='lat' dir='ltr'>Vl.</span> <span class='ocrx_word' id='word_1_3' title='bbox 392 223 531 274; x_wconf 82' lang='lat' dir='ltr'>liliiilllliN</span> <span class='ocrx_word' id='word_1_4' title='bbox 553 177 664 276; x_wconf 69' lang='lat' dir='ltr'>silius</span> <span class='ocrx_word' id='word_1_5' title='bbox 684 226 845 276; x_wconf 74' lang='lat' dir='ltr'>nuileiost</span> <span class='ocrx_word' id='word_1_6' title='bbox 996 221 1044 276; x_wconf 71' lang='lat' dir='ltr'>all</span> 
     </span>
    </p>
   </div>
   <div class='ocr_carea' id='block_1_2' title="bbox 41 341 1104 3282">
    <p class='ocr_par' dir='ltr' id='par_1_2' title="bbox 41 341 1104 1698">
     <span class='ocr_line' id='line_1_2' title="bbox 41 341 1104 432; baseline 0.002 -29"><span class='ocrx_word' id='word_1_7' title='bbox 41 346 67 403; x_wconf 87' lang='lat' dir='ltr'>l⁰</span> <span class='ocrx_word' id='word_1_8' title='bbox 79 341 150 402; x_wconf 89' lang='lat' dir='ltr'>dare</span> <span class='ocrx_word' id='word_1_9' title='bbox 162 341 287 404; x_wconf 81' lang='lat' dir='ltr'><strong>litteras</strong></span> <span class='ocrx_word' id='word_1_10' title='bbox 303 343 527 405; x_wconf 83' lang='lat' dir='ltr'>dimissoriales</span> <span class='ocrx_word' id='word_1_11' title='bbox 542 363 599 424; x_wconf 92' lang='lat' dir='ltr'>pro</span> <span class='ocrx_word' id='word_1_12' title='bbox 616 345 817 426; x_wconf 82' lang='lat' dir='ltr'>susceptione</span> <span class='ocrx_word' id='word_1_13' title='bbox 835 344 994 419; x_wconf 84' lang='lat' dir='ltr'>ordinum,</span> <span class='ocrx_word' id='word_1_14' title='bbox 1010 344 1049 405; x_wconf 92' lang='lat' dir='ltr'>de</span> <span class='ocrx_word' id='word_1_15' title='bbox 1101 423 1104 432; x_wconf 25' lang='grc' dir='ltr'>ι</span> 
     </span>
     <span class='ocr_line' id='line_1_3' title="bbox 41 441 1045 525; baseline 0.003 -24"><span class='ocrx_word' id='word_1_16' title='bbox 41 461 92 520; x_wconf 85' lang='lat' dir='ltr'>quo</span> <span class='ocrx_word' id='word_1_17' title='bbox 108 441 225 502; x_wconf 90' lang='lat' dir='ltr'>iterum</span> <span class='ocrx_word' id='word_1_18' title='bbox 243 461 317 504; x_wconf 85' lang='lat' dir='ltr'>mox</span> <span class='ocrx_word' id='word_1_19' title='bbox 336 443 491 518; x_wconf 87' lang='lat' dir='ltr'>dicemus;</span> <span class='ocrx_word' id='word_1_20' title='bbox 509 445 540 503; x_wconf 80' lang='lat'>5⁰</span> <span class='ocrx_word' id='word_1_21' title='bbox 553 445 634 506; x_wconf 84' lang='lat' dir='ltr'>ferre</span> <span class='ocrx_word' id='word_1_22' title='bbox 657 463 805 506; x_wconf 91' lang='lat' dir='ltr'>censuras</span> <span class='ocrx_word' id='word_1_23' title='bbox 820 443 1045 525; x_wconf 84' lang='lat' dir='ltr'>suspensionis,</span> 
     </span>
     <span class='ocr_line' id='line_1_4' title="bbox 41 540 1049 624; baseline 0.003 -24"><span class='ocrx_word' id='word_1_24' title='bbox 41 540 196 614; x_wconf 72' lang='lat' dir='ltr'>interdicti,</span> <span class='ocrx_word' id='word_1_25' title='bbox 222 541 571 617; x_wconf 86' lang='lat' dir='ltr'>excommunicationis,</span> <span class='ocrx_word' id='word_1_26' title='bbox 595 543 707 604; x_wconf 91' lang='lat' dir='ltr'>codem</span> <span class='ocrx_word' id='word_1_27' title='bbox 728 562 858 624; x_wconf 89' lang='lat' dir='ltr'>prorsus</span> <span class='ocrx_word' id='word_1_28' title='bbox 878 544 973 605; x_wconf 91' lang='lat' dir='ltr'>modo</span> <span class='ocrx_word' id='word_1_29' title='bbox 994 542 1049 623; x_wconf 93' lang='lat' dir='ltr'>qui</span> 
     </span>
     <span class='ocr_line' id='line_1_5' title="bbox 41 639 1047 723; baseline 0.003 -23"><span class='ocrx_word' id='word_1_30' title='bbox 41 639 201 700; x_wconf 73' lang='lat' dir='ltr'>ordinariis</span> <span class='ocrx_word' id='word_1_31' title='bbox 217 639 363 702; x_wconf 88' lang='lat' dir='ltr'>locorum</span> <span class='ocrx_word' id='word_1_32' title='bbox 384 641 534 722; x_wconf 89' lang='lat' dir='ltr'>competit</span> <span class='ocrx_word' id='word_1_33' title='bbox 549 643 578 716; x_wconf 91' lang='lat'>¹;</span> <span class='ocrx_word' id='word_1_34' title='bbox 593 643 627 701; x_wconf 80' lang='grc' dir='ltr'>6ο</span> <span class='ocrx_word' id='word_1_35' title='bbox 642 642 812 705; x_wconf 85' lang='lat' dir='ltr'>abbatibus</span> <span class='ocrx_word' id='word_1_36' title='bbox 826 642 957 723; x_wconf 85' lang='lat' dir='ltr'>insuper</span> <span class='ocrx_word' id='word_1_37' title='bbox 971 661 1047 703; x_wconf 89' lang='lat' dir='ltr'>con·</span> 
     </span>
     <span class='ocr_line' id='line_1_6' title="bbox 42 738 1050 822; baseline 0.002 -23"><span class='ocrx_word' id='word_1_38' title='bbox 42 757 146 799; x_wconf 85' lang='lat' dir='ltr'>cessum</span> <span class='ocrx_word' id='word_1_39' title='bbox 167 738 232 798; x_wconf 85' lang='lat' dir='ltr'>fuit</span> <span class='ocrx_word' id='word_1_40' title='bbox 252 739 453 819; x_wconf 88' lang='lat' dir='ltr'>privilegium</span> <span class='ocrx_word' id='word_1_41' title='bbox 476 741 660 802; x_wconf 84' lang='lat' dir='ltr'>conferendi</span> <span class='ocrx_word' id='word_1_42' title='bbox 678 747 843 803; x_wconf 78' lang='lat' dir='ltr'>tonsuram</span> <span class='ocrx_word' id='word_1_43' title='bbox 863 747 894 803; x_wconf 93' lang='lat' dir='ltr'>ct</span> <span class='ocrx_word' id='word_1_44' title='bbox 913 745 1050 822; x_wconf 88' lang='lat' dir='ltr'>quatuor</span> 
     </span>
     <span class='ocr_line' id='line_1_7' title="bbox 42 837 1049 916; baseline 0.004 -20"><span class='ocrx_word' id='word_1_45' title='bbox 42 837 161 898; x_wconf 89' lang='lat' dir='ltr'>minores</span> <span class='ocrx_word' id='word_1_46' title='bbox 175 837 306 898; x_wconf 88' lang='lat' dir='ltr'>ordines</span> <span class='ocrx_word' id='word_1_47' title='bbox 320 839 343 898; x_wconf 80' lang='lat'>².</span> <span class='ocrx_word' id='word_1_48' title='bbox 357 839 399 900; x_wconf 90' lang='lat' dir='ltr'>Ut</span> <span class='ocrx_word' id='word_1_49' title='bbox 413 844 519 900; x_wconf 89' lang='lat' dir='ltr'>autem</span> <span class='ocrx_word' id='word_1_50' title='bbox 529 839 590 902; x_wconf 88' lang='lat' dir='ltr'>hac</span> <span class='ocrx_word' id='word_1_51' title='bbox 605 839 756 902; x_wconf 81' lang='lat' dir='ltr'>facultate</span> <span class='ocrx_word' id='word_1_52' title='bbox 767 846 907 916; x_wconf 90' lang='lat' dir='ltr'>utantur,</span> <span class='ocrx_word' id='word_1_53' title='bbox 922 858 1049 902; x_wconf 88' lang='lat' dir='ltr'>necesse</span> 
     </span>
     <span class='ocr_line' id='line_1_8' title="bbox 42 936 1051 1018; baseline 0.004 -23"><span class='ocrx_word' id='word_1_54' title='bbox 42 940 121 996; x_wconf 85' lang='lat' dir='ltr'>estut</span> <span class='ocrx_word' id='word_1_55' title='bbox 134 936 374 999; x_wconf 86' lang='lat' dir='ltr'>constituantur</span> <span class='ocrx_word' id='word_1_56' title='bbox 385 937 418 1000; x_wconf 90' lang='lat' dir='ltr'>in</span> <span class='ocrx_word' id='word_1_57' title='bbox 433 957 522 1000; x_wconf 89' lang='lat' dir='ltr'>sacro</span> <span class='ocrx_word' id='word_1_58' title='bbox 537 938 775 1018; x_wconf 86' lang='lat' dir='ltr'>presbyteratus</span> <span class='ocrx_word' id='word_1_59' title='bbox 788 938 909 1012; x_wconf 86' lang='lat' dir='ltr'>ordine,</span> <span class='ocrx_word' id='word_1_60' title='bbox 925 944 957 1000; x_wconf 91' lang='lat' dir='ltr'>et</span> <span class='ocrx_word' id='word_1_61' title='bbox 971 938 1051 1001; x_wconf 91' lang='lat' dir='ltr'>obti-</span> 
     </span>
     <span class='ocr_line' id='line_1_9' title="bbox 43 1027 1050 1122; baseline 0.005 -29"><span class='ocrx_word' id='word_1_62' title='bbox 43 1033 152 1095; x_wconf 92' lang='lat' dir='ltr'>nuerint</span> <span class='ocrx_word' id='word_1_63' title='bbox 167 1035 367 1097; x_wconf 88' lang='lat' dir='ltr'>abbatialem</span> <span class='ocrx_word' id='word_1_64' title='bbox 381 1027 637 1100; x_wconf 84' lang='lat' dir='ltr'>benedictionem</span> <span class='ocrx_word' id='word_1_65' title='bbox 651 1039 691 1099; x_wconf 91' lang='lat' dir='ltr'>ab</span> <span class='ocrx_word' id='word_1_66' title='bbox 700 1038 876 1122; x_wconf 79' lang='lat' dir='ltr'>Episcopo,</span> <span class='ocrx_word' id='word_1_67' title='bbox 888 1036 949 1098; x_wconf 89' lang='lat' dir='ltr'>nisi</span> <span class='ocrx_word' id='word_1_68' title='bbox 962 1036 1050 1118; x_wconf 83' lang='lat' dir='ltr'>Epis·</span> 
     </span>
     <span class='ocr_line' id='line_1_10' title="bbox 44 1133 1048 1215; baseline 0.002 -22"><span class='ocrx_word' id='word_1_69' title='bbox 44 1152 125 1212; x_wconf 88' lang='lat' dir='ltr'>copus</span> <span class='ocrx_word' id='word_1_70' title='bbox 142 1133 250 1194; x_wconf 88' lang='lat' dir='ltr'>tribus</span> <span class='ocrx_word' id='word_1_71' title='bbox 269 1134 390 1196; x_wconf 87' lang='lat' dir='ltr'>vicibus</span> <span class='ocrx_word' id='word_1_72' title='bbox 409 1141 540 1215; x_wconf 85' lang='lat' dir='ltr'>rogatus</span> <span class='ocrx_word' id='word_1_73' title='bbox 560 1155 632 1198; x_wconf 87' lang='lat' dir='ltr'>curn</span> <span class='ocrx_word' id='word_1_74' title='bbox 652 1135 823 1198; x_wconf 80' lang='lat' dir='ltr'>bumilitate</span> <span class='ocrx_word' id='word_1_75' title='bbox 842 1146 871 1197; x_wconf 84' lang='lat' dir='ltr'>et</span> <span class='ocrx_word' id='word_1_76' title='bbox 884 1133 1048 1209; x_wconf 79' lang='lat' dir='ltr'>devotione,</span> 
     </span>
     <span class='ocr_line' id='line_1_11' title="bbox 44 1231 1051 1318; baseline 0.004 -28"><span class='ocrx_word' id='word_1_77' title='bbox 44 1232 269 1308; x_wconf 67' lang='lat' dir='ltr'>decimationi,</span> <span class='ocrx_word' id='word_1_78' title='bbox 286 1253 332 1294; x_wconf 87' lang='lat' dir='ltr'>eos</span> <span class='ocrx_word' id='word_1_79' title='bbox 348 1231 520 1296; x_wconf 77' lang='lat' dir='ltr'>benedicere</span> <span class='ocrx_word' id='word_1_80' title='bbox 533 1235 666 1296; x_wconf 75' lang='lat' dir='ltr'>rescierit</span> <span class='ocrx_word' id='word_1_81' title='bbox 678 1235 760 1318; x_wconf 84' lang='lat' dir='ltr'>(cap.</span> <span class='ocrx_word' id='word_1_82' title='bbox 777 1233 957 1310; x_wconf 81' lang='lat' dir='ltr'>Sintuimus,</span> <span class='ocrx_word' id='word_1_83' title='bbox 971 1237 1000 1306; x_wconf 85' lang='lat' dir='ltr'>l,</span> <span class='ocrx_word' id='word_1_84' title='bbox 1013 1251 1051 1294; x_wconf 81' lang='lat' dir='ltr'>ua</span> 
     </span>
     <span class='ocr_line' id='line_1_12' title="bbox 47 1331 1050 1412; baseline 0.002 -21"><span class='ocrx_word' id='word_1_85' title='bbox 47 1331 210 1393; x_wconf 65' lang='lat' dir='ltr'>turpinum</span> <span class='ocrx_word' id='word_1_86' title='bbox 226 1333 686 1412; x_wconf 77' lang='lat' dir='ltr'>Nncnicsnr1nennmronuu);</span> <span class='ocrx_word' id='word_1_87' title='bbox 706 1339 762 1396; x_wconf 85' lang='lat' dir='ltr'>aut</span> <span class='ocrx_word' id='word_1_88' title='bbox 780 1333 841 1394; x_wconf 90' lang='lat' dir='ltr'>nisi</span> <span class='ocrx_word' id='word_1_89' title='bbox 856 1331 1050 1394; x_wconf 85' lang='lat' dir='ltr'>obtinuerint</span> 
     </span>
     <span class='ocr_line' id='line_1_13' title="bbox 46 1428 1051 1512; baseline 0.003 -24"><span class='ocrx_word' id='word_1_90' title='bbox 46 1429 188 1507; x_wconf 88' lang='lat' dir='ltr'>peculiare</span> <span class='ocrx_word' id='word_1_91' title='bbox 204 1428 408 1512; x_wconf 88' lang='lat' dir='ltr'>privilegium</span> <span class='ocrx_word' id='word_1_92' title='bbox 421 1432 527 1494; x_wconf 85' lang='lat' dir='ltr'>omnia</span> <span class='ocrx_word' id='word_1_93' title='bbox 542 1432 727 1512; x_wconf 89' lang='lat' dir='ltr'>peragendi,</span> <span class='ocrx_word' id='word_1_94' title='bbox 739 1432 833 1494; x_wconf 87' lang='lat' dir='ltr'>eiiam</span> <span class='ocrx_word' id='word_1_95' title='bbox 843 1451 908 1493; x_wconf 87' lang='lat' dir='ltr'>non</span> <span class='ocrx_word' id='word_1_96' title='bbox 924 1436 1051 1512; x_wconf 88' lang='lat' dir='ltr'>recepto</span> 
     </span>
     <span class='ocr_line' id='line_1_14' title="bbox 48 1527 1051 1611; baseline 0.004 -25"><span class='ocrx_word' id='word_1_97' title='bbox 48 1527 261 1591; x_wconf 84' lang='lat' dir='ltr'>benedictionis</span> <span class='ocrx_word' id='word_1_98' title='bbox 282 1549 425 1606; x_wconf 91' lang='lat' dir='ltr'>munere,</span> <span class='ocrx_word' id='word_1_99' title='bbox 453 1549 523 1611; x_wconf 85' lang='lat' dir='ltr'>quae</span> <span class='ocrx_word' id='word_1_100' title='bbox 547 1537 733 1611; x_wconf 89' lang='lat' dir='ltr'>competunt</span> <span class='ocrx_word' id='word_1_101' title='bbox 756 1529 924 1592; x_wconf 87' lang='lat' dir='ltr'>abbatibus</span> <span class='ocrx_word' id='word_1_102' title='bbox 951 1530 1051 1591; x_wconf 91' lang='lat' dir='ltr'>bene·</span> 
     </span>
     <span class='ocr_line' id='line_1_15' title="bbox 49 1625 358 1698; baseline 0.01 -14"><span class='ocrx_word' id='word_1_103' title='bbox 49 1625 132 1690; x_wconf 89' lang='lat' dir='ltr'>dictis.</span> <span class='ocrx_word' id='word_1_104' title='bbox 354 1686 358 1698; x_wconf 84' lang='grc'>,</span> 
     </span>
    </p>

    <p class='ocr_par' dir='ltr' id='par_1_3' title="bbox 49 1725 1054 2692">
     <span class='ocr_line' id='line_1_16' title="bbox 93 1725 1050 1810; baseline 0.005 -25"><span class='ocrx_word' id='word_1_105' title='bbox 93 1725 260 1789; x_wconf 82' lang='lat' dir='ltr'>limitatur</span> <span class='ocrx_word' id='word_1_106' title='bbox 275 1727 343 1792; x_wconf 74' lang='lat' dir='ltr'>haec</span> <span class='ocrx_word' id='word_1_107' title='bbox 358 1734 499 1809; x_wconf 86' lang='lat' dir='ltr'>potestas</span> <span class='ocrx_word' id='word_1_108' title='bbox 515 1726 556 1791; x_wconf 92' lang='lat' dir='ltr'>ad</span> <span class='ocrx_word' id='word_1_109' title='bbox 576 1729 719 1791; x_wconf 91' lang='lat' dir='ltr'>subditos</span> <span class='ocrx_word' id='word_1_110' title='bbox 738 1730 901 1810; x_wconf 79' lang='lat' dir='ltr'>regulares</span> <span class='ocrx_word' id='word_1_111' title='bbox 916 1725 1050 1806; x_wconf 84' lang='lat' dir='ltr'>abbatis,</span> 
     </span>
     <span class='ocr_line' id='line_1_17' title="bbox 50 1825 1054 1908; baseline 0.005 -26"><span class='ocrx_word' id='word_1_112' title='bbox 50 1825 190 1902; x_wconf 83' lang='lat' dir='ltr'>professos</span> <span class='ocrx_word' id='word_1_113' title='bbox 203 1826 315 1908; x_wconf 85' lang='lat' dir='ltr'>utique</span> <span class='ocrx_word' id='word_1_114' title='bbox 329 1827 424 1889; x_wconf 91' lang='lat' dir='ltr'>trium</span> <span class='ocrx_word' id='word_1_115' title='bbox 437 1833 584 1892; x_wconf 91' lang='lat' dir='ltr'>votorum</span> <span class='ocrx_word' id='word_1_116' title='bbox 595 1827 796 1902; x_wconf 88' lang='lat' dir='ltr'>solemnium,</span> <span class='ocrx_word' id='word_1_117' title='bbox 809 1846 873 1888; x_wconf 89' lang='lat' dir='ltr'>non</span> <span class='ocrx_word' id='word_1_118' title='bbox 883 1846 957 1889; x_wconf 88' lang='lat' dir='ltr'>vero</span> <span class='ocrx_word' id='word_1_119' title='bbox 968 1827 1054 1890; x_wconf 91' lang='lat' dir='ltr'>obla-</span> 
     </span>
     <span class='ocr_line' id='line_1_18' title="bbox 51 1925 1052 2006; baseline 0.006 -26"><span class='ocrx_word' id='word_1_120' title='bbox 51 1926 101 1996; x_wconf 90' lang='lat' dir='ltr'>tos,</span> <span class='ocrx_word' id='word_1_121' title='bbox 120 1943 177 1985; x_wconf 91' lang='lat' dir='ltr'>uec</span> <span class='ocrx_word' id='word_1_122' title='bbox 202 1925 351 1988; x_wconf 88' lang='lat' dir='ltr'>novitios.</span> <span class='ocrx_word' id='word_1_123' title='bbox 376 1927 409 1988; x_wconf 89' lang='lat' dir='ltr'>Si</span> <span class='ocrx_word' id='word_1_124' title='bbox 433 1925 504 1988; x_wconf 88' lang='lat' dir='ltr'>aliis</span> <span class='ocrx_word' id='word_1_125' title='bbox 536 1925 704 2006; x_wconf 89' lang='lat' dir='ltr'>privilegio</span> <span class='ocrx_word' id='word_1_126' title='bbox 727 1944 790 1986; x_wconf 93' lang='lat' dir='ltr'>nou</span> <span class='ocrx_word' id='word_1_127' title='bbox 815 1925 1052 2006; x_wconf 91' lang='lat' dir='ltr'>comprehensis</span> 
     </span>
     <span class='ocr_line' id='line_1_19' title="bbox 49 2023 1054 2101; baseline 0.006 -22"><span class='ocrx_word' id='word_1_128' title='bbox 49 2029 204 2098; x_wconf 78' lang='lat' dir='ltr'>prasumat</span> <span class='ocrx_word' id='word_1_129' title='bbox 224 2025 352 2086; x_wconf 89' lang='lat' dir='ltr'>ordines</span> <span class='ocrx_word' id='word_1_130' title='bbox 374 2026 529 2101; x_wconf 85' lang='lat' dir='ltr'>conferre,</span> <span class='ocrx_word' id='word_1_131' title='bbox 552 2024 711 2088; x_wconf 85' lang='lat' dir='ltr'>ordinatio</span> <span class='ocrx_word' id='word_1_132' title='bbox 727 2029 775 2085; x_wconf 90' lang='lat' dir='ltr'>est</span> <span class='ocrx_word' id='word_1_133' title='bbox 790 2023 912 2100; x_wconf 91' lang='lat' dir='ltr'>illicita,</span> <span class='ocrx_word' id='word_1_134' title='bbox 929 2025 1054 2086; x_wconf 84' lang='lat' dir='ltr'>tametsi</span> 
     </span>
     <span class='ocr_line' id='line_1_20' title="bbox 50 2114 1053 2202; baseline 0.006 -30"><span class='ocrx_word' id='word_1_135' title='bbox 50 2114 163 2179; x_wconf 70' lang='lat' dir='ltr'>validat</span> <span class='ocrx_word' id='word_1_136' title='bbox 185 2119 342 2182; x_wconf 88' lang='lat' dir='ltr'>ordinatis</span> <span class='ocrx_word' id='word_1_137' title='bbox 364 2139 444 2202; x_wconf 87' lang='lat' dir='ltr'>opus</span> <span class='ocrx_word' id='word_1_138' title='bbox 466 2119 527 2181; x_wconf 91' lang='lat' dir='ltr'>erit</span> <span class='ocrx_word' id='word_1_139' title='bbox 550 2117 737 2181; x_wconf 80' lang='lat' dir='ltr'>absolutione</span> <span class='ocrx_word' id='word_1_140' title='bbox 760 2127 790 2178; x_wconf 82' lang='lat' dir='ltr'>et</span> <span class='ocrx_word' id='word_1_141' title='bbox 810 2115 1053 2179; x_wconf 76' lang='lat' dir='ltr'>relabilitutz&#39;one</span> 
     </span>
     <span class='ocr_line' id='line_1_21' title="bbox 50 2211 1052 2302; baseline 0.006 -32"><span class='ocrx_word' id='word_1_142' title='bbox 50 2211 193 2302; x_wconf 71' lang='lat' dir='ltr'>obtinendo</span> <span class='ocrx_word' id='word_1_143' title='bbox 207 2237 227 2279; x_wconf 91' lang='grc' dir='ltr'><em>α</em></span> <span class='ocrx_word' id='word_1_144' title='bbox 239 2215 275 2281; x_wconf 85' lang='lat' dir='ltr'>S.</span> <span class='ocrx_word' id='word_1_145' title='bbox 291 2217 452 2300; x_wconf 80' lang='lat' dir='ltr'>Pontifice.</span> <span class='ocrx_word' id='word_1_146' title='bbox 470 2218 518 2278; x_wconf 90' lang='lat' dir='ltr'>lta</span> <span class='ocrx_word' id='word_1_147' title='bbox 529 2217 644 2298; x_wconf 80' lang='lat' dir='ltr'>saepius</span> <span class='ocrx_word' id='word_1_148' title='bbox 659 2215 825 2279; x_wconf 87' lang='lat' dir='ltr'>definitum</span> <span class='ocrx_word' id='word_1_149' title='bbox 839 2236 858 2278; x_wconf 90' lang='lat' dir='ltr'>a</span> <span class='ocrx_word' id='word_1_150' title='bbox 870 2216 902 2279; x_wconf 86' lang='lat' dir='ltr'>S.</span> <span class='ocrx_word' id='word_1_151' title='bbox 920 2217 1052 2294; x_wconf 85' lang='lat' dir='ltr'>Congre-</span> 
     </span>
     <span class='ocr_line' id='line_1_22' title="bbox 52 2311 1052 2397; baseline 0.006 -28"><span class='ocrx_word' id='word_1_152' title='bbox 52 2311 159 2385; x_wconf 85' lang='lat' dir='ltr'>gatione</span> <span class='ocrx_word' id='word_1_153' title='bbox 172 2317 270 2377; x_wconf 86' lang='lat' dir='ltr'>refert</span> <span class='ocrx_word' id='word_1_154' title='bbox 287 2315 476 2378; x_wconf 91' lang='lat' dir='ltr'>Benedictus</span> <span class='ocrx_word' id='word_1_155' title='bbox 492 2317 570 2393; x_wconf 88' lang='lat' dir='ltr'>XIV,</span> <span class='ocrx_word' id='word_1_156' title='bbox 588 2315 624 2378; x_wconf 85' lang='lat' dir='ltr'>de</span> <span class='ocrx_word' id='word_1_157' title='bbox 636 2313 774 2397; x_wconf 75' lang='lat' dir='ltr'>Synodo,</span> <span class='ocrx_word' id='word_1_158' title='bbox 795 2314 849 2375; x_wconf 91' lang='lat' dir='ltr'>lib.</span> <span class='ocrx_word' id='word_1_159' title='bbox 866 2315 903 2389; x_wconf 94' lang='lat' dir='ltr'>ll,</span> <span class='ocrx_word' id='word_1_160' title='bbox 922 2333 991 2396; x_wconf 88' lang='lat' dir='ltr'>cap.</span> <span class='ocrx_word' id='word_1_161' title='bbox 1008 2332 1052 2387; x_wconf 79' lang='lat' dir='ltr'>xl,</span> 
     </span>
     <span class='ocr_line' id='line_1_23' title="bbox 51 2406 1053 2495; baseline 0.004 -25"><span class='ocrx_word' id='word_1_162' title='bbox 51 2406 83 2465; x_wconf 81' lang='lat'>11¹¹</span> <span class='ocrx_word' id='word_1_163' title='bbox 99 2411 180 2474; x_wconf 81' lang='lat' dir='ltr'>s-is.</span> <span class='ocrx_word' id='word_1_164' title='bbox 203 2413 362 2494; x_wconf 86' lang='lat' dir='ltr'>(Bizzarri‚</span> <span class='ocrx_word' id='word_1_165' title='bbox 386 2413 587 2490; x_wconf 85' lang='lat' dir='ltr'>Collectonea,</span> <span class='ocrx_word' id='word_1_166' title='bbox 618 2435 650 2495; x_wconf 88' lang='lat' dir='ltr'>p.</span> <span class='ocrx_word' id='word_1_167' title='bbox 679 2415 755 2488; x_wconf 75' lang='grc' dir='ltr'>139,ι</span> <span class='ocrx_word' id='word_1_168' title='bbox 773 2411 858 2494; x_wconf 80' lang='lat'>718.)</span> <span class='ocrx_word' id='word_1_169' title='bbox 890 2411 1053 2474; x_wconf 89' lang='lat' dir='ltr'>Ordinatio</span> 
     </span>
     <span class='ocr_line' id='line_1_24' title="bbox 52 2509 1054 2594; baseline 0.008 -30"><span class='ocrx_word' id='word_1_170' title='bbox 52 2514 117 2570; x_wconf 88' lang='lat' dir='ltr'>esset</span> <span class='ocrx_word' id='word_1_171' title='bbox 129 2509 280 2590; x_wconf 87' lang='lat' dir='ltr'>invalida,</span> <span class='ocrx_word' id='word_1_172' title='bbox 295 2513 322 2574; x_wconf 89' lang='lat' dir='ltr'>si</span> <span class='ocrx_word' id='word_1_173' title='bbox 333 2513 439 2576; x_wconf 85' lang='lat' dir='ltr'>Abbas</span> <span class='ocrx_word' id='word_1_174' title='bbox 454 2533 518 2576; x_wconf 91' lang='lat' dir='ltr'>non</span> <span class='ocrx_word' id='word_1_175' title='bbox 534 2511 723 2578; x_wconf 89' lang='lat' dir='ltr'>obtinuisset</span> <span class='ocrx_word' id='word_1_176' title='bbox 736 2511 938 2594; x_wconf 85' lang='lat' dir='ltr'>privilegium</span> <span class='ocrx_word' id='word_1_177' title='bbox 953 2513 1054 2573; x_wconf 87' lang='lat' dir='ltr'>conie-</span> 
     </span>
     <span class='ocr_line' id='line_1_25' title="bbox 52 2599 1050 2692; baseline 0.009 -30"><span class='ocrx_word' id='word_1_178' title='bbox 52 2607 126 2668; x_wconf 90' lang='lat' dir='ltr'>rendi</span> <span class='ocrx_word' id='word_1_179' title='bbox 135 2609 279 2686; x_wconf 89' lang='lat' dir='ltr'>ordines;</span> <span class='ocrx_word' id='word_1_180' title='bbox 296 2611 345 2673; x_wconf 91' lang='lat' dir='ltr'>uti</span> <span class='ocrx_word' id='word_1_181' title='bbox 363 2611 535 2675; x_wconf 87' lang='lat' dir='ltr'>declaravit</span> <span class='ocrx_word' id='word_1_182' title='bbox 551 2611 582 2673; x_wconf 88' lang='lat' dir='ltr'>S.</span> <span class='ocrx_word' id='word_1_183' title='bbox 601 2613 634 2675; x_wconf 81' lang='lat' dir='ltr'>G.</span> <span class='ocrx_word' id='word_1_184' title='bbox 652 2599 792 2692; x_wconf 83' lang='lat' dir='ltr'>Episc.et</span> <span class='ocrx_word' id='word_1_185' title='bbox 806 2611 882 2690; x_wconf 87' lang='lat' dir='ltr'>Reg.</span> <span class='ocrx_word' id='word_1_186' title='bbox 894 2629 946 2671; x_wconf 92' lang='lat' dir='ltr'>an.</span> <span class='ocrx_word' id='word_1_187' title='bbox 963 2610 1050 2671; x_wconf 80' lang='grc'><strong>1839.</strong></span> 
     </span>
    </p>

    <p class='ocr_par' dir='ltr' id='par_1_4' title="bbox 53 2693 1054 3086">
     <span class='ocr_line' id='line_1_26' title="bbox 97 2693 1054 2790; baseline 0.004 -24"><span class='ocrx_word' id='word_1_188' title='bbox 97 2707 278 2788; x_wconf 87' lang='lat' dir='ltr'>Superiores</span> <span class='ocrx_word' id='word_1_189' title='bbox 294 2710 577 2790; x_wconf 79' lang='lat' dir='ltr'>congregationum</span> <span class='ocrx_word' id='word_1_190' title='bbox 594 2693 795 2772; x_wconf 84' lang='lat' dir='ltr'>saecularium</span> <span class='ocrx_word' id='word_1_191' title='bbox 810 2708 1015 2771; x_wconf 90' lang='lat' dir='ltr'>obtinuerunt</span> <span class='ocrx_word' id='word_1_192' title='bbox 1034 2727 1054 2770; x_wconf 90' lang='lat' dir='ltr'>a</span> 
     </span>
     <span class='ocr_line' id='line_1_27' title="bbox 53 2799 1054 2890; baseline 0.009 -32"><span class='ocrx_word' id='word_1_193' title='bbox 53 2799 151 2866; x_wconf 85' lang='lat' dir='ltr'>Sancta</span> <span class='ocrx_word' id='word_1_194' title='bbox 178 2809 259 2871; x_wconf 90' lang='lat' dir='ltr'>Sede</span> <span class='ocrx_word' id='word_1_195' title='bbox 288 2808 429 2888; x_wconf 89' lang='lat' dir='ltr'>aliquam</span> <span class='ocrx_word' id='word_1_196' title='bbox 453 2814 576 2890; x_wconf 91' lang='lat' dir='ltr'>partem</span> <span class='ocrx_word' id='word_1_197' title='bbox 602 2806 846 2888; x_wconf 83' lang='lat' dir='ltr'>jurisdictionis,</span> <span class='ocrx_word' id='word_1_198' title='bbox 872 2807 927 2868; x_wconf 90' lang='lat' dir='ltr'>sed</span> <span class='ocrx_word' id='word_1_199' title='bbox 950 2803 1054 2867; x_wconf 91' lang='lat' dir='ltr'>minus</span> 
     </span>
     <span class='ocr_line' id='line_1_28' title="bbox 53 2890 1052 2987; baseline 0.009 -31"><span class='ocrx_word' id='word_1_200' title='bbox 53 2905 196 2966; x_wconf 80' lang='lat' dir='ltr'>extensam</span> <span class='ocrx_word' id='word_1_201' title='bbox 212 2917 308 2987; x_wconf 89' lang='lat' dir='ltr'>quam</span> <span class='ocrx_word' id='word_1_202' title='bbox 324 2907 533 2968; x_wconf 89' lang='lat' dir='ltr'>communiter</span> <span class='ocrx_word' id='word_1_203' title='bbox 547 2908 641 2969; x_wconf 85' lang='lat' dir='ltr'>datur</span> <span class='ocrx_word' id='word_1_204' title='bbox 656 2890 799 2970; x_wconf 64' lang='grc' dir='ltr'>Ρπεεῖαῑίε</span> <span class='ocrx_word' id='word_1_205' title='bbox 812 2904 988 2986; x_wconf 86' lang='lat' dir='ltr'>majoribus</span> <span class='ocrx_word' id='word_1_206' title='bbox 1000 2924 1052 2968; x_wconf 92' lang='lat' dir='ltr'>or·</span> 
     </span>
     <span class='ocr_line' id='line_1_29' title="bbox 53 2995 709 3086; baseline 0.02 -33"><span class='ocrx_word' id='word_1_207' title='bbox 53 2995 145 3062; x_wconf 87' lang='lat' dir='ltr'>diuum</span> <span class='ocrx_word' id='word_1_208' title='bbox 159 3005 382 3084; x_wconf 88' lang='lat' dir='ltr'>religiosorum</span> <span class='ocrx_word' id='word_1_209' title='bbox 397 3006 525 3086; x_wconf 90' lang='lat' dir='ltr'>proprie</span> <span class='ocrx_word' id='word_1_210' title='bbox 541 3005 709 3069; x_wconf 87' lang='lat' dir='ltr'>dictorum.</span> 
     </span>
    </p>

    <p class='ocr_par' dir='ltr' id='par_1_5' title="bbox 55 3099 1055 3282">
     <span class='ocr_line' id='line_1_30' title="bbox 100 3099 1052 3180; baseline 0.004 -21"><span class='ocrx_word' id='word_1_211' title='bbox 100 3099 149 3162; x_wconf 78' lang='lat' dir='ltr'>ist</span> <span class='ocrx_word' id='word_1_212' title='bbox 167 3101 339 3165; x_wconf 85' lang='lat' dir='ltr'>difficultas</span> <span class='ocrx_word' id='word_1_213' title='bbox 358 3103 451 3165; x_wconf 90' lang='lat' dir='ltr'>valde</span> <span class='ocrx_word' id='word_1_214' title='bbox 471 3105 630 3180; x_wconf 90' lang='lat' dir='ltr'>intricata,</span> <span class='ocrx_word' id='word_1_215' title='bbox 649 3110 756 3167; x_wconf 91' lang='lat' dir='ltr'>utrum</span> <span class='ocrx_word' id='word_1_216' title='bbox 770 3103 944 3166; x_wconf 88' lang='lat' dir='ltr'>Abbatissis</span> <span class='ocrx_word' id='word_1_217' title='bbox 966 3122 1052 3165; x_wconf 92' lang='lat' dir='ltr'>com·</span> 
     </span>
     <span class='ocr_line' id='line_1_31' title="bbox 55 3185 1055 3282; baseline 0.009 -29"><span class='ocrx_word' id='word_1_218' title='bbox 55 3200 126 3268; x_wconf 88' lang='lat' dir='ltr'>petat</span> <span class='ocrx_word' id='word_1_219' title='bbox 135 3185 312 3276; x_wconf 76' lang='lat' dir='ltr'>jurisdictio</span> <span class='ocrx_word' id='word_1_220' title='bbox 323 3200 507 3282; x_wconf 87' lang='lat' dir='ltr'>spiritualis,</span> <span class='ocrx_word' id='word_1_221' title='bbox 520 3204 631 3266; x_wconf 89' lang='lat' dir='ltr'>eodem</span> <span class='ocrx_word' id='word_1_222' title='bbox 644 3203 741 3264; x_wconf 89' lang='lat' dir='ltr'>modo</span> <span class='ocrx_word' id='word_1_223' title='bbox 754 3221 791 3265; x_wconf 93' lang='lat' dir='ltr'>ac</span> <span class='ocrx_word' id='word_1_224' title='bbox 801 3201 944 3263; x_wconf 84' lang='lat' dir='ltr'>Praelatis</span> <span class='ocrx_word' id='word_1_225' title='bbox 954 3203 1055 3280; x_wconf 88' lang='lat' dir='ltr'>Regu-</span> 
     </span>
    </p>
   </div>
   <div class='ocr_carea' id='block_1_3' title="bbox 56 3340 1055 3791">
    <p class='ocr_par' dir='ltr' id='par_1_6' title="bbox 56 3340 1055 3791">
     <span class='ocr_line' id='line_1_32' title="bbox 57 3340 1055 3418; baseline -0.009 -15"><span class='ocrx_word' id='word_1_226' title='bbox 57 3410 61 3418; x_wconf 42' lang='lat'>,</span> <span class='ocrx_word' id='word_1_227' title='bbox 91 3340 189 3402; x_wconf 46' lang='lat' dir='ltr'>leonis</span> <span class='ocrx_word' id='word_1_228' title='bbox 199 3345 268 3403; x_wconf 78' lang='lat' dir='ltr'>ordo</span> <span class='ocrx_word' id='word_1_229' title='bbox 282 3345 430 3398; x_wconf 77' lang='lat' dir='ltr'>servandus</span> <span class='ocrx_word' id='word_1_230' title='bbox 442 3347 478 3398; x_wconf 88' lang='lat' dir='ltr'>sit</span> <span class='ocrx_word' id='word_1_231' title='bbox 491 3345 520 3396; x_wconf 88' lang='lat' dir='ltr'>iu</span> <span class='ocrx_word' id='word_1_232' title='bbox 534 3359 672 3410; x_wconf 85' lang='lat' dir='ltr'>processu,</span> <span class='ocrx_word' id='word_1_233' title='bbox 686 3345 794 3409; x_wconf 80' lang='lat' dir='ltr'>quando</span> <span class='ocrx_word' id='word_1_234' title='bbox 806 3344 927 3407; x_wconf 83' lang='lat' dir='ltr'>superior</span> <span class='ocrx_word' id='word_1_235' title='bbox 939 3343 1055 3394; x_wconf 88' lang='lat' dir='ltr'>intendit</span> 
     </span>
     <span class='ocr_line' id='line_1_33' title="bbox 56 3414 1053 3549; baseline -0.004 -76"><span class='ocrx_word' id='word_1_236' title='bbox 56 3414 187 3549; x_wconf 45' lang='grc' dir='ltr'>ῗὲῑῗῑὲἓίέει</span> <span class='ocrx_word' id='word_1_237' title='bbox 198 3437 294 3488; x_wconf 78' lang='lat' dir='ltr'>peenas</span> <span class='ocrx_word' id='word_1_238' title='bbox 308 3423 337 3476; x_wconf 88' lang='lat' dir='ltr'>in</span> <span class='ocrx_word' id='word_1_239' title='bbox 353 3437 432 3475; x_wconf 88' lang='lat' dir='ltr'>suum</span> <span class='ocrx_word' id='word_1_240' title='bbox 445 3423 584 3480; x_wconf 85' lang='lat' dir='ltr'>subditum</span> <span class='ocrx_word' id='word_1_241' title='bbox 598 3422 677 3484; x_wconf 80' lang='lat' dir='ltr'>terre,</span> <span class='ocrx_word' id='word_1_242' title='bbox 692 3421 795 3472; x_wconf 87' lang='lat' dir='ltr'>dicetur</span> <span class='ocrx_word' id='word_1_243' title='bbox 812 3421 840 3470; x_wconf 89' lang='lat' dir='ltr'>in</span> <span class='ocrx_word' id='word_1_244' title='bbox 852 3420 897 3472; x_wconf 69' lang='lat' dir='ltr'>IVa</span> <span class='ocrx_word' id='word_1_245' title='bbox 907 3423 992 3483; x_wconf 85' lang='lat' dir='ltr'>parte,</span> <span class='ocrx_word' id='word_1_246' title='bbox 1008 3420 1053 3470; x_wconf 92' lang='lat' dir='ltr'>ubi</span> 
     </span>
     <span class='ocr_line' id='line_1_34' title="bbox 95 3535 1055 3627; baseline 0.001 -4"><span class='ocrx_word' id='word_1_247' title='bbox 95 3569 114 3618; x_wconf 80' lang='lat'>2.</span> <span class='ocrx_word' id='word_1_248' title='bbox 134 3535 225 3625; x_wconf 78' lang='lat' dir='ltr'>Fertur</span> <span class='ocrx_word' id='word_1_249' title='bbox 246 3575 434 3627; x_wconf 86' lang='lat' dir='ltr'>inuocantium</span> <span class='ocrx_word' id='word_1_250' title='bbox 456 3575 514 3627; x_wconf 82' lang='lat' dir='ltr'>vill</span> <span class='ocrx_word' id='word_1_251' title='bbox 537 3575 700 3626; x_wconf 87' lang='lat' dir='ltr'>concessisse</span> <span class='ocrx_word' id='word_1_252' title='bbox 721 3573 818 3625; x_wconf 82' lang='lat' dir='ltr'>Abbati</span> <span class='ocrx_word' id='word_1_253' title='bbox 839 3573 1009 3625; x_wconf 84' lang='lat' dir='ltr'>cisterciensi</span> <span class='ocrx_word' id='word_1_254' title='bbox 1029 3578 1055 3624; x_wconf 87' lang='lat' dir='ltr'>et</span> 
     </span>
     <span class='ocr_line' id='line_1_35' title="bbox 57 3648 1055 3720; baseline 0 -18"><span class='ocrx_word' id='word_1_255' title='bbox 57 3648 155 3701; x_wconf 79' lang='lat' dir='ltr'>iustuor</span> <span class='ocrx_word' id='word_1_256' title='bbox 164 3652 314 3704; x_wconf 72' lang='lat' dir='ltr'>senatibus</span> <span class='ocrx_word' id='word_1_257' title='bbox 323 3654 384 3720; x_wconf 77' lang='lat' dir='ltr'>ejus</span> <span class='ocrx_word' id='word_1_258' title='bbox 395 3653 497 3704; x_wconf 86' lang='lat' dir='ltr'>ordinis</span> <span class='ocrx_word' id='word_1_259' title='bbox 511 3652 666 3703; x_wconf 76' lang='lat' dir='ltr'>fucultatem</span> <span class='ocrx_word' id='word_1_260' title='bbox 676 3649 835 3702; x_wconf 69' lang='lat' dir='ltr'>&#39;conterendi</span> <span class='ocrx_word' id='word_1_261' title='bbox 848 3651 904 3701; x_wconf 88' lang='lat' dir='ltr'>suis</span> <span class='ocrx_word' id='word_1_262' title='bbox 916 3651 1055 3703; x_wconf 85' lang='lat' dir='ltr'>monachis</span> 
     </span>
     <span class='ocr_line' id='line_1_36' title="bbox 60 3717 922 3791; baseline 0.012 -25"><span class='ocrx_word' id='word_1_263' title='bbox 60 3717 261 3779; x_wconf 76' lang='lat' dir='ltr'>subdiaconatum</span> <span class='ocrx_word' id='word_1_264' title='bbox 274 3733 301 3778; x_wconf 85' lang='lat' dir='ltr'>et</span> <span class='ocrx_word' id='word_1_265' title='bbox 314 3728 495 3780; x_wconf 82' lang='lat' dir='ltr'>diaconatum.</span> <span class='ocrx_word' id='word_1_266' title='bbox 510 3755 542 3766; x_wconf 97' lang='lat'>-</span> <span class='ocrx_word' id='word_1_267' title='bbox 556 3726 664 3787; x_wconf 85' lang='lat' dir='ltr'>Giraldi,</span> <span class='ocrx_word' id='word_1_268' title='bbox 680 3731 749 3791; x_wconf 84' lang='lat' dir='ltr'>part.</span> <span class='ocrx_word' id='word_1_269' title='bbox 765 3729 785 3788; x_wconf 89' lang='lat' dir='ltr'>l,</span> <span class='ocrx_word' id='word_1_270' title='bbox 801 3731 866 3778; x_wconf 85' lang='lat' dir='ltr'>sect.</span> <span class='ocrx_word' id='word_1_271' title='bbox 883 3740 922 3778; x_wconf 85' lang='lat' dir='ltr'>cv.</span> 
     </span>
    </p>
   </div>
   <div class='ocr_carea' id='block_1_4' title="bbox 471 3941 479 3979">
    <p class='ocr_par' dir='ltr' id='par_1_7' title="bbox 471 3941 479 3979">
     <span class='ocr_line' id='line_1_37' title="bbox 471 3941 479 3979; baseline 0 0"><span class='ocrx_word' id='word_1_272' title='bbox 471 3941 479 3979; x_wconf 85' lang='lat' dir='ltr'>l</span> 
     </span>
    </p>
   </div>
   <div class='ocr_carea' id='block_1_5' title="bbox 0 0 1306 4272">
    <p class='ocr_par' dir='ltr' id='par_1_8' title="bbox 0 0 1306 4272">
     <span class='ocr_line' id='line_1_38' title="bbox 0 0 1306 4272; baseline 0 0"><span class='ocrx_word' id='word_1_273' title='bbox 0 0 1306 4272; x_wconf 95' lang='lat' dir='ltr'> </span> 
     </span>
    </p>
   </div>
  </div>
 </body>
</html>
