2588 4276
156 301 158 306 “
203 283 256 338 190
406 325 408 334 .
426 253 430 260 1
537 289 614 337 PARS
632 289 668 336 11.
689 289 879 338 enuntians

199 407 251 468 uel
270 407 303 468 in
324 424 492 469 commune
516 410 693 487 gereretur3
724 406 786 468 hoc
811 405 895 466 enim
917 423 982 466 non
1008 403 1046 464 de
1067 385 1214 463 omnihus

112 551 113 554 ,
151 536 156 555 ι
198 503 379 566 christianis
396 503 543 565 Ecclesia
558 503 732 564 Jerusalem
746 504 866 565 dictum
884 501 1090 576 arbitrantur,
1108 499 1164 560 sed
1179 497 1215 560 de

199 602 238 664 iis
261 603 363 664 solum
385 601 440 682 qui
461 606 700 682 paupertatem,
728 602 905 662 castitatem
930 605 962 661 ct
979 595 1213 675 obedientiam,

101 715 103 719 ’
199 699 406 762 intermunus
422 698 655 779 Apostolorum,
673 700 842 762 vovebant.

214 833 216 840 ‹
260 797 421 858 Credimus
449 796 602 858 exstitisse
627 797 779 876 oprimis
805 795 1000 875 temporibus
1027 813 1122 856 veros
1146 791 1213 854 reli·

198 894 303 976 giosos
317 894 400 956 inter
416 900 536 956 ascetas
551 899 582 955 et
597 895 816 968 anachoretas,
832 895 896 954 imo
911 893 1006 954 fuisse
1025 893 1125 954 etiam
1146 889 1214 973 qui-

196 993 332 1054 busdam
342 994 375 1054 in
385 993 462 1054 locis
475 993 666 1068 coenobitas;
682 993 767 1074 quod
778 998 812 1080 ut
822 987 934 1056 melius
945 996 1137 1072 exponatur,
1150 989 1215 1051 haec

197 1091 360 1152 notanda:
922 1087 925 1096 '

218 1233 221 1242 .
259 1191 289 1249 1⁰
303 1189 427 1264 Acrota,
440 1188 479 1249 de
494 1188 610 1268 quibus
622 1188 770 1250 dixerunt
782 1189 949 1270 scriptores
962 1188 1125 1269 primaevae
1139 1189 1213 1248 aete·

145 1289 146 1292 ’
196 1284 247 1360 tis,
259 1287 527 1366 nuncupabantur
538 1286 603 1366 qui,
614 1285 678 1347 sive
688 1287 721 1346 in
733 1287 859 1349 civitate
869 1286 1069 1368 propriisque
1078 1283 1211 1360 aedibus

195 1381 306 1444 sivein
321 1383 416 1462 agris,
434 1384 588 1444 austerius
605 1384 678 1446 vitae
697 1403 795 1462 genus
810 1385 1051 1464 profitebantur.
1072 1383 1137 1444 Alii
1155 1383 1212 1443 fer·

195 1481 331 1544 aennon
349 1481 498 1542 exercitio
521 1482 682 1558 orationis,
701 1501 922 1561 permagnam
942 1483 1005 1543 diei
1026 1486 1166 1562 partem,
1182 1495 1212 1540 sc

170 1649 172 1652 ¹
192 1577 331 1652 dabant;
348 1578 402 1639 alii
415 1579 562 1657 operibus
576 1576 740 1642 charitatis
750 1581 783 1640 in
797 1575 938 1642 fauorem
950 1597 1130 1660 pauperum
1143 1593 1211 1638 suas

193 1693 288 1737 curas
310 1675 536 1754 impendebant
551 1683 573 1738 ¹.
594 1679 692 1739 Porro
715 1677 883 1739 verisimile
904 1683 951 1740 est
967 1678 1075 1758 plures
1091 1681 1210 1737 ascetae

193 1772 257 1834 boc
270 1773 343 1833 vitae
364 1790 461 1852 genus
482 1775 546 1835 Deo
566 1773 699 1850 vovisse,
720 1775 778 1836 sub
798 1775 951 1852 regimine
967 1775 1015 1835 sui
1033 1770 1206 1848 Antistitis3

192 1871 280 1950 quod
291 1863 519 1946 concludimus,
530 1869 597 1933 tum
605 1891 644 1933 ex
654 1873 721 1934 zelo
733 1891 796 1954 quo
806 1871 1021 1937 incitabantur
1033 1873 1075 1934 ad
1086 1870 1208 1952 praxim

194 1967 407 2030 consiliorumv
417 1970 682 2049 evangelicorum,
698 1977 767 2032 tum
789 1989 828 2032 ex
842 1971 1003 2032 nonnullis
1022 1967 1206 2032 testimoniis

193 2083 264 2146 quae
278 2065 414 2145 virgines
426 2067 490 2127 Deo
503 2067 628 2128 dicatas
640 2075 818 2131 memorant
831 2065 864 2130 in
876 2070 970 2130 domo
986 2057 1122 2150 paterna
1134 2083 1204 2130 con·

192 2167 365 2224 versantes.

252 2264 286 2322 2⁰
300 2259 495 2322 Arrechoretae
508 2261 584 2322 dicti
594 2269 667 2324 sunt
680 2264 733 2343 qui
744 2265 918 2344 singulares
928 2265 1027 2327 vitam
1039 2259 1205 2327 asceticam

188 2359 329 2438 agebant
345 2359 378 2419 in
391 2359 569 2422 solitudine.
592 2362 751 2423 Notissimi
765 2364 852 2428 fuere
867 2363 984 2426 Paulus
996 2355 1028 2425 et
1039 2362 1202 2436 Antonius,

187 2473 326 2537 quorum
336 2457 472 2518 alterum
483 2457 692 2538 Hieronymus
702 2460 772 2520 cita
781 2460 1032 2522 anachoretarum
1043 2469 1203 2536 auctorem,

188 2553 326 2616 alterum
341 2553 557 2617 illustratorem
567 2557 712 2619 nominat
728 2555 803 2640 (Ep.
817 2559 857 2619 ad
870 2558 1105 2638 Eustochium);
1124 2553 1204 2638 quod

188 2655 297 2713 tamen
311 2671 376 2713 non
390 2654 505 2731 probat
515 2653 635 2733 primos
649 2653 743 2714 fuisse
755 2655 809 2735 qui
822 2641 963 2716 eremum
979 2654 1201 2718 habitauerint.

189 2751 310 2812 Desunt
331 2745 519 2828 argumenta
533 2756 619 2810 certa
638 2752 753 2830 quibus
772 2753 932 2814 enucleari
951 2759 1048 2833 queat
1070 2751 1200 2836 quaestio

188 2865 232 2910 an
247 2846 446 2908 anachoretae
461 2848 577 2908 fuerint
594 2843 735 2928 religiosi
748 2851 875 2931 proprie
890 2853 985 2927 dicti;
1006 2861 1200 2932 praesumen'·

189 2943 267 3004 dum
279 2948 386 3005 tamen
402 2944 526 3006 videtur
536 2945 643 3024 plures
657 2947 878 3024 anachoretas,
891 2968 955 3010 non
971 2969 1060 3012 secus
1073 2969 1110 3011 ac
1124 2963 1201 3012 asee-

190 3046 250 3120 tas,
266 3041 365 3104 uitam
378 3041 557 3122 religiosam
570 3044 703 3107 vovisse.
919 3043 921 3048 ’
1092 3046 1094 3054 ’

249 3139 282 3201 3⁰
308 3138 483 3216 Cenares,
510 3159 588 3220 quos
612 3161 670 3202 usu
699 3143 851 3222 loquendi
864 3145 1026 3208 monaedes
1040 3161 1196 3217 vocamus,
1281 3219 1282 3222 Ἴ

188 3235 287 3298 vitam
302 3255 503 3300 communem
517 3238 550 3297 in
571 3239 728 3315 coenobio,
749 3259 804 3302 seu
826 3244 1029 3316 monasterie,
1051 3245 1194 3322 agebant.
1281 3259 1282 3322 j

248 3334 357 3396 Plures
377 3334 493 3394 eruditi
506 3334 614 3395 dicunt
623 3337 748 3398 nullum
767 3345 907 3401 erectum
922 3339 1017 3403 fuisse
1041 3345 1193 3404 monaste·
1276 3367 1282 3414 t

188 3427 283 3504 rium,
298 3432 402 3492 nullas
415 3433 568 3492 formatas
588 3435 753 3498 societates
775 3437 918 3500 fidelium
934 3438 975 3501 ad
990 3445 1091 3502 certas
1111 3453 1194 3518 regu·
1281 3421 1282 3448 l

187 3526 236 3592 las
257 3529 290 3588 in
314 3529 474 3590 communi
494 3531 697 3610 degentium,
721 3535 821 3599 donec
846 3525 973 3600 sanctus
996 3537 1193 3606 Pachomius,

234 3655 258 3705 l.
274 3652 312 3703 Cf.
329 3652 460 3718 Salvagio,
473 3653 562 3718 antiq.
578 3653 677 3718 christ,
691 3657 737 3708 lib.
752 3659 773 3721 1,
786 3664 854 3724 part.
873 3663 906 3725 ΙΙ,
918 3677 976 3728 cap.
989 3677 1047 3726 xrn;
1060 3690 1089 3700 -
1105 3662 1189 3719 blano,

188 3727 270 3782 Gaura
285 3727 418 3780 dltslotre
432 3729 633 3796 ecclesiasticae,
644 3732 721 3798 leoon
735 3749 810 3788 xxxv.
