2632 4260
293 243 416 307 milli,
436 244 669 310 cantuariense,
688 245 766 302 lim
785 244 950 300 ieiunans.
1097 241 1128 302 ll

110 361 253 442 plurium
262 361 513 439 doctorum,non
521 363 663 446 sequitur
670 359 1128 446 quastionemfuieseunquam

111 460 251 524 solutam
261 462 609 546 supremaauctoritate'
617 462 764 528 Ecclesiae
774 481 783 538 ;
794 461 950 542 siquidem
961 463 1129 528 concilium

111 559 303 622 Toletauum
314 558 400 639 quod
407 560 615 639 allegavimus
625 565 672 624 est
680 559 820 640 synodus
828 559 1031 640 provincialis
1039 559 1129 641 cujus

110 657 275 720 decretum
287 657 475 722 translatum
487 677 552 720 non
565 658 627 722 fuit
637 658 671 722 iu
683 658 825 722 codicem
834 653 1046 724 Decretalium
1058 677 1129 738 qua

111 755 308 818 constituunt
314 756 368 837 jus
379 773 549 821 commune
561 775 569 818 :
582 759 683 820 Breve
693 761 799 820 autem
809 756 1019 837 apostolicum
1028 757 1127 822 direc-

109 859 178 916 tum
198 855 240 916 ad
258 855 524 935 vices-gerentem
545 856 577 920 S.
598 855 763 918 Pontificio
782 855 816 916 in
835 855 913 918 urbo
932 856 1045 930 Roma,
1065 873 1129 918 nou

110 958 157 1012 est
176 953 361 1014 constitutio
380 953 572 1034 dogmatica,
588 972 656 1016 rem
672 952 825 1016 deliniens
839 957 927 1016 certa
940 953 1003 1017 tide
1016 958 1128 1019 teneu-

110 1049 185 1112 dam
200 1051 242 1112 ab
252 1052 399 1113 omnibus
411 1050 585 1114 catholicis.
601 1052 752 1133 Sequitur
763 1056 871 1114 maren
884 1051 1062 1116 doctrinam
1077 1071 1129 1119 aa·

109 1153 229 1210 sertam
257 1149 444 1229 marusim
469 1150 658 1214 auctoritate
684 1150 827 1214 innixam
854 1148 960 1215 inisse.
990 1149 1129 1215 Maxima

109 1247 241 1327 quidem
248 1248 485 1328 cautioneopue
495 1247 686 1328 ostiupraui
695 1252 729 1314 ut
738 1251 978 1328 praecaveantur
985 1247 1129 1326 pericula

108 1345 252 1425 objecta3
270 1346 325 1408 sed
338 1347 486 1412 Ecclesia
498 1346 676 1427 prudentias
686 1345 856 1411 dimittitur
867 1364 925 1426 pro
939 1345 1083 1411 locorum
1096 1352 1129 1409 et

108 1451 290 1524 temporum
311 1445 503 1521 conditione,
524 1445 655 1508 atmntie
673 1445 815 1510 moribus
835 1444 971 1524 puhlicis
990 1450 1023 1508 et
1042 1449 1127 1508 statu

108 1543 280 1619 societatis,
297 1544 375 1624 quid
388 1545 490 1624 magis
505 1544 653 1624 expediat
667 1543 849 1625 prospicere
860 1543 885 1613 ¹.

168 1642 240 1704 all.
254 1675 296 1692 -
305 1643 355 1705 IV.
367 1643 524 1718 Haeretici,
537 1641 740 1719 schismatici,
753 1646 920 1722 apostata,
932 1642 989 1723 qui
997 1642 1127 1720 scilicet,

106 1739 271 1820 Baptismo
293 1746 451 1821 suscepto,
469 1760 489 1804 a
508 1741 570 1803 fide
585 1741 754 1815 catholica,
770 1741 821 1804 vel
839 1741 961 1804 unitate
979 1742 1126 1805 Ecclesiae

107 1827 304 1916 deiecerunt,
326 1840 462 1919 subJ‘ecti
479 1846 646 1902 remanent
664 1839 846 1904 auctoritati
862 1839 945 1919 juris
964 1840 1125 1916 canonici3

107 1936 266 2016 siquidem
278 1937 459 2000 indelebilis
474 1943 522 1999 cst
536 1938 702 2000 character
714 1938 903 2001 sacramenti
916 1937 1081 2017 Baptismi,
1096 1944 1129 2002 et

106 2035 328 2097 indissolubile
337 2035 499 2098 vinculum
509 2037 810 2117 quoinsocietatem
818 2036 1024 2098 christianam
1035 2055 1129 2116 coop-

106 2133 164 2194 tati
177 2138 264 2197 sunt.
275 2137 345 2195 Non
357 2135 390 2195 in
404 2135 535 2197 arbitrio
545 2135 684 2197 hominis
694 2140 740 2198 est
752 2135 915 2197 vmculum
929 2152 994 2198 suae
1004 2135 1126 2214 subjec-

105 2232 200 2298 tionis
215 2235 418 2313 ahrumpere.
433 2235 513 2296 Hinc
528 2234 567 2296 de
581 2233 749 2308 haereticis,
767 2234 806 2296 de
822 2233 1030 2296 schismaticis
1041 2238 1074 2296 et
1086 2232 1126 2294 de

105 2332 259 2410 apostatis
273 2333 374 2394 multa
388 2333 590 2413 reperiuntur
601 2333 634 2394 in
643 2332 729 2413 jure,
743 2350 814 2411 qua
827 2332 860 2393 in
874 2332 927 2394 lv·
939 2337 1029 2412 parte
1043 2329 1127 2394 Pru·

106 2429 276 2505 corsanum,
299 2431 564 2508 referentursubi
586 2432 626 2494 de
649 2429 775 2494 Delictis
796 2435 828 2492 et
847 2428 960 2492 Poeais.
985 2429 1125 2494 Ecclesia

106 2533 212 2590 umen
230 2547 437 2607 magnacum
453 2529 670 2592 moderamine
685 2529 787 2591 utitur
802 2547 860 2590 sua
876 2528 1075 2602 auctoritate,
1094 2533 1126 2591 at

105 2627 319 2688 communiter
332 2646 396 2689 non
411 2627 549 2696 intendit
564 2645 662 2688 novas
676 2629 761 2705 leges
779 2626 942 2706 generales
957 2643 1035 2704 quas
1050 2626 1122 2700 fert,

104 2724 137 2783 iu
152 2724 227 2786 illos
243 2725 392 2804 protendi
405 2725 462 2805 qui
476 2744 497 2788 a
513 2731 599 2789 certo
616 2721 772 2805 tempore,
788 2728 1008 2786 consummato
1023 2722 1121 2786 echis·

103 2827 202 2899 mate,
218 2824 358 2902 separati
372 2823 500 2885 suntab
517 2823 638 2885 unitate
652 2823 812 2886 catholica
822 2823 846 2887 ².

164 2921 235 2981 als.
252 2922 348 2982 -110
364 2920 435 2996 Qus
449 2923 509 2983 seht
523 2921 720 3002 oblipauoces
734 2921 878 2984 laetorum
889 2920 1122 2985 chrotchaorum

104 3037 177 3098 erpa
191 3017 382 3082 Ecclesiam?
461 3073 464 3079 .

163 3117 262 3192 boici,
276 3117 332 3198 qui
345 3119 493 3181 Ecclesia
507 3120 652 3182 membra
666 3124 750 3195 sunt,
767 3123 916 3181 tenentur
930 3138 938 3182 ε
956 3121 987 3180 1ο
999 3119 1122 3180 obtem-

103 3231 216 3292 perare
236 3233 396 3277 canonum
414 3219 556 3292 statutis;
576 3221 610 3278 2⁰
631 3218 807 3298 providero,
831 3237 890 3297 pro
910 3235 967 3277 sne
988 3216 1122 3295 quisque

103 3312 266 3388 facultate,
294 3315 533 3378 necessitatibus
557 3317 784 3396 temporalibus
812 3315 980 3388 Ecclesiae3
1006 3315 1039 3374 3⁰
1061 3314 1121 3392 ipsi

92 3557 95 3566 ,
153 3499 229 3553 1.(11.
243 3501 420 3564 ΒῐιιυΑιιτ,άι
433 3503 575 3570 septumo,
590 3503 695 3558 dissert.
712 3507 767 3565 151,
786 3506 835 3565 art.
852 3515 887 3560 tv.
906 3529 936 3540 -
951 3501 1068 3554 Annales
1081 3516 1120 3554 ec·

109 3575 293 3638 electaettques,
307 3591 356 3640 par
371 3579 510 3640 Casuram,
524 3595 567 3630 aa.
589 3582 658 3640 1858,
671 3583 707 3629 ler
719 3581 838 3639 octobre,
852 3579 953 3644 affaire
964 3579 1090 3627 uersare.

150 3655 174 3700 2.
190 3651 260 3702 Char
274 3655 339 3714 rias,
357 3658 432 3705 tract.
449 3655 481 3704 de
494 3651 673 3718 Matrimonio,
684 3659 749 3705 tom.
763 3655 797 3716 ll,
812 3665 844 3704 n⁰
862 3657 906 3702 ccl
921 3658 947 3703 et
962 3667 1015 3716 seq.
1031 3681 1060 3690 -—
1078 3654 1123 3704 Phi

103 3729 164 3794 lips,
177 3726 232 3776 loeo
246 3728 428 3790 citatasldi.
774 3739 776 3744 '
842 3755 844 3758 ·
