2642 4270
211 237 279 286 aar.
301 239 346 286 111.
365 237 604 287 sommsrnsuo
625 237 768 287 senonen
787 237 944 286 scurram.
1031 231 1080 288 571
1169 219 1175 224 ’

66 353 211 436 pluribus
221 355 298 417 locis
310 374 419 417 omnes
431 359 566 430 norunt3
581 355 620 416 de
634 373 698 434 quo
709 354 779 417 haec
790 355 865 416 dicit
879 354 1084 418 Reilienstuel

66 453 100 514 in
121 453 169 514 tit.
185 471 223 514 oa
246 455 348 516 Rarus
366 455 518 515 Ecrcssus
533 469 593 515 uon
608 469 803 526 strennuum,
821 466 856 513 n⁰
870 455 933 514 32:
962 455 1084 516 «Notat

72 551 211 628 «unget,
226 552 400 630 praesertim
413 551 447 611 in
463 551 630 613 Germania
644 555 677 611 et
693 550 770 612 loeis
785 551 825 612 ab
842 550 926 612 Urbe
940 551 1081 629 remotis,

67 673 84 705 «
99 649 154 710 ubi
165 648 301 710 difficilis
314 654 362 710 est
376 649 480 710 aditus
494 649 534 710 ad
547 650 679 728 Papam,
693 648 811 710 dictam
832 649 960 712 Extrar.
978 667 1085 730 recep·

65 767 84 803 n
98 750 165 807 tam
179 766 243 808 non
258 765 336 821 esse,
353 747 465 808 saltem
480 765 544 808 non
559 746 664 827 quoad
680 745 741 808 boc
754 750 791 806 ut
808 745 904 807 etiam
918 747 1083 809 interiores

64 865 83 900 a
98 843 225 905 Praelati
239 845 403 925 Episcopis
416 831 549 924 subjecti
567 849 736 906 teneantur
749 844 783 904 iu
801 843 985 924 hujusmodi
1004 843 1096 907 alio»

64 941 281 1003 <insitionibus
305 960 492 1003 consensum
512 945 608 1021 Papae
622 942 797 1022 requirere,
816 947 848 1030 et
861 959 932 1002 non·
948 941 1085 1004 sufficiat

68 1057 269 1101 «consensus
291 1040 448 1119 Episcopi.
478 1040 624 1114 Quinimo
646 1039 791 1102 eamdem
815 1041 1082 1118 Extravagantem

66 1161 83 1192 n
98 1136 132 1197 in
160 1138 268 1198 multis
288 1137 365 1199 locis
386 1156 450 1198 non
472 1155 538 1198 esse
560 1155 619 1198 usu
639 1141 813 1218 receptam,
829 1137 941 1198 saltem
962 1137 995 1196 in
1016 1141 1087 1199 toto

65 1258 83 1290 ι(
98 1233 214 1314 rigore,
232 1253 268 1296 ac
290 1235 465 1315 prasertim
483 1235 590 1318 quoad
611 1253 722 1315 poenss
741 1239 772 1296 et
792 1234 982 1296 locationem
999 1234 1084 1296 ultra

63 1353 80 1388 (ι
96 1331 282 1409 triennium,
298 1339 442 1394 asserunt
466 1333 563 1394 etiam
585 1332 802 1407 Govarruvias,
818 1332 999 1410 Navarrius,
1016 1332 1085 1412 Syl·

65 1453 81 1485 α
95 1433 210 1504 vester,
227 1430 337 1510 linget,
357 1430 500 1509 Pirhing,
526 1419 598 1492 cum
618 1430 763 1509 pluribus
782 1428 852 1490 aliis
874 1447 954 1510 quos
972 1430 1080 1492 citant.

63 1549 79 1583 «
97 1528 188 1589 Unde
206 1527 238 1588 in
254 1528 346 1607 praxi
360 1529 565 1589 attendantur
576 1528 783 1608 particulares
793 1527 934 1590 locorum
949 1545 1083 1590 consue·

65 1647 81 1680 a
96 1624 233 1703 tudines,
246 1625 386 1705 legitime
401 1627 605 1706 praescriptae.
620 1645 636 1685 o
702 1705 704 1712 Ι

122 1722 270 1802 Episcopi
290 1723 397 1784 Gabios
417 1729 491 1784 ante
513 1725 742 1786 concordatum
758 1723 967 1803 exquirebant
980 1741 1084 1784 assen-

61 1837 135 1880 sum
154 1821 186 1882 S.
206 1821 368 1882 Pontissois
383 1839 441 1900 pro
457 1820 649 1882 alienatione
665 1821 823 1882 bonorum
840 1821 891 1881 sui
911 1819 1005 1895 tituli,
1023 1820 1085 1881 nisi

59 1922 168 1978 essent
183 1917 299 1978 modici
318 1919 451 1993 valoris3
473 1924 517 1992 at,
531 1918 627 1995 juxta
641 1921 857 1998 pervetustum
871 1922 903 1979 et
916 1917 1097 1979 immemo?

60 2014 196 2076 rabilem
209 2016 483 2088 consuetudinem,
501 2016 729 2094 concedebant,
746 2035 811 2078 non
825 2016 936 2077 habito
951 2033 1081 2077 recursu
1105 2063 1107 2067 .
1140 2031 1144 2048 ¹

58 2113 105 2174 ad
117 2111 266 2174 Sanctam
280 2113 405 2189 Sedem,
422 2113 648 2175 alienationem
663 2113 733 2175 lieri
746 2115 904 2176 bonorum
925 2131 996 2193 quae
1014 2131 1083 2193 per-

61 2210 208 2272 tinebant
227 2211 267 2272 ad
281 2211 439 2273 Ecclesiae
460 2211 636 2290 inferiores,
655 2212 708 2272 vel
732 2212 773 2273 ad
797 2212 1081 2287 confraternitates,

58 2307 165 2369 aliave
179 2308 324 2370 instituta
338 2309 553 2370 ecclesiastica
567 2327 632 2371 suae
641 2309 880 2389 jurisdictionis.
896 2309 930 2370 Si
940 2307 1083 2388 quando-

59 2423 137 2485 que,
151 2406 185 2467 in
198 2407 291 2466 rebus
308 2407 438 2486 majoris
452 2408 616 2479 momenti,
629 2407 834 2486 postulabant
843 2405 1082 2486 beneplacitum

57 2503 284 2582 apostolicum,
311 2503 345 2563 id
370 2505 510 2582 agebant
537 2505 579 2566 ad
604 2504 780 2584 pleniorem
808 2503 1082 2566 confirmationem

56 2600 274 2673 alienationis,
298 2619 362 2662 non
389 2602 430 2662 ad
461 2606 641 2662 contractus
663 2601 896 2664 validitatem¹.
927 2600 1083 2661 Eumdem

60 2716 185 2759 morem
199 2699 357 2759 retinuere
372 2699 519 2778 llpiscopi
534 2703 708 2778 stempore
723 2697 912 2761 Concordati
925 2698 965 2758 ad
976 2715 1083 2759 recen·

58 2795 146 2857 tiora
159 2802 316 2877 tempora,
331 2795 381 2856 his
396 2797 572 2858 rationibus
587 2797 689 2857 innixi
705 2798 760 2858 :1⁰
775 2795 1081 2859 consuetudinemin

56 2893 128 2954 suis
146 2894 328 2973 regionibus
350 2913 369 2956 a
389 2901 532 2974 tempore
548 2894 799 2956 immemorabili
820 2899 976 2956 servatam
992 2911 1079 2970 esse3

57 2993 95 3051 2⁰
109 2992 231 3052 versari
242 2992 325 3052 circa
334 3011 401 3053 rem
412 2998 525 3053 natura
535 3011 592 3053 sua
602 2992 887 3072 praescriptibilem,
903 3011 975 3054 cum
985 2991 1076 3068 nihil,

55 3089 173 3150 subeo
188 3095 343 3168 respectu,
360 3089 464 3151 obstet
477 3089 646 3171 quominus
662 3094 864 3170 apponantur
878 3090 919 3152 ad
936 3089 1079 3167 regimen

59 3186 220 3248 bonorum
228 3186 746 3266 temporaliumecclesiasticorum
753 3187 909 3267 principia
919 3175 1081 3268 generalia

56 3282 151 3363 juris,
168 3292 200 3345 et
214 3284 341 3345 abunde
352 3285 442 3345 nulla
457 3284 508 3346 lex
522 3283 675 3346 canonica
688 3302 709 3346 a
724 3284 841 3346 Sancta
856 3285 936 3348 Sede
950 3283 1079 3365 prodie-

113 3468 136 3516 l.
150 3465 177 3516 Id
193 3469 329 3518 testantur
341 3468 487 3519 canonista
502 3467 601 3518 versati
619 3467 649 3518 in
662 3455 804 3534 disciplina
818 3467 972 3520 Galliarum.
984 3465 1083 3532 Requi·
1188 3525 1189 3530 ἵ

71 3541 181 3592 rebatur
194 3543 391 3608 beneplacitum
413 3545 439 3594 S.
458 3543 594 3594 Pontificis
612 3556 661 3608 pro
673 3542 834 3594 alienatione
845 3545 980 3595 bonorum
995 3543 1082 3594 Eccls·

58 3615 180 3743 ssiaguqr,
190 3624 217 3669 et
228 3619 472 3684 Congregationum
488 3633 548 3684 qua
565 3623 644 3671 erant
660 3619 711 3670 sub
723 3619 911 3685 jurisdictione
925 3617 1081 3670 immediata

86 3727 93 3741 .
128 3706 143 3743 s
163 3707 194 3744 rs.
