2642 4270
178 180 247 233 aiir.
268 179 317 231 111.
338 181 533 246 enutrierint,
553 183 763 234 adnotatores
782 185 820 234 ET
838 184 1007 234 inaurium.
1046 176 1101 234 557

147 299 286 364 Vetitum
300 299 376 362 olim
389 301 449 361 tuit
462 300 586 364 clericis
601 305 827 364 testamentum
837 302 973 365 condere
988 320 1028 364 ex
1042 303 1103 365 be·

86 399 135 463 nis
147 404 321 481 postauam
335 399 568 479 promotionem
583 401 756 484 acquisitis,
771 401 861 462 nulla
875 399 1022 463 adhibita
1035 399 1103 462 dis·

86 496 239 560 tinctione
255 496 339 558 inter
352 495 493 558 redditus
509 497 708 560 oblationum
723 502 755 560 et
769 498 910 560 redditus
927 497 1099 560 beneficio·

86 613 175 670 rum;
189 593 297 657 omnia
311 594 395 655 enim
410 613 481 674 quea
496 614 535 656 ex
546 595 639 658 bonis
648 594 806 671 Ecclesiae,
820 595 875 656 rel
886 595 1101 658 oblationibus

86 692 229 755 fidelium
248 691 307 754 sibi
324 699 598 773 comparaverant,
619 694 812 756 tenebantur
827 694 975 756 Ecclesiae
992 693 1100 755 dimit-

85 794 165 866 tere,
179 790 362 870 utprobant
375 795 478 852 textus
485 791 565 870 juris
578 791 668 853 allati
680 791 713 851 in
723 791 771 852 tit.
783 809 845 855 xxv
855 797 886 852 et
895 809 979 865 xxvi,
991 791 1047 854 lib.
1058 791 1101 854 lll

84 889 208 950 Decret.
221 889 396 963 Contraria,
415 890 522 951 multis
539 889 655 952 abhinc
670 890 804 966 saeculis,
818 890 953 952 invaluit
968 907 1098 951 consue·

86 987 173 1048 tudo.
193 988 396 1049 Testamenta
408 987 595 1051 elericorum
607 987 714 1051 velent
725 988 758 1050 in
771 988 840 1050 foro
853 993 983 1050 externo
996 986 1104 1049 Eccle-

84 1084 155 1159 siae;
177 1084 253 1164 quia
272 1085 406 1147 nimium
428 1086 557 1148 difficile
581 1085 663 1148 foret
686 1086 864 1148 discernere
885 1104 923 1147 ea
942 1105 1012 1166 quae
1030 1085 1104 1164 jnre

82 1182 302 1264 patrimoniali
315 1189 371 1246 aut
383 1184 702 1266 quasi-patrimoniali
713 1185 819 1266 legare
834 1184 937 1264 potuit
949 1183 1094 1257 clericus,

83 1281 124 1343 ab
146 1280 219 1342 aliis
233 1301 303 1362 quae
325 1281 508 1363 impendere
530 1281 640 1345 debuit
661 1281 695 1342 in
716 1282 786 1362 pios
807 1301 892 1344 usus.
919 1281 1100 1344 Cavendum

84 1395 171 1454 vero,
184 1379 269 1460 qued
284 1379 324 1442 ad
336 1381 442 1442 iorum
453 1380 653 1444 conscientia
668 1386 801 1461 spectat,
812 1399 852 1442 ne
866 1380 1027 1460 superflua
1041 1379 1102 1441 bo·

33 1481 37 1488 '
84 1493 198 1539 nerum
216 1477 501 1542 ecclesiasticorum
522 1479 564 1540 ad
577 1479 814 1558 usus'proianes
829 1481 1052 1541 convertantur
1065 1476 1095 1552 ¹3

130 1679 153 1727 l.
165 1675 211 1728 SS.
224 1677 365 1730 Pontifices
375 1679 549 1732 instituerunt
559 1679 623 1731 olim
634 1679 682 1731 lue
692 1679 779 1746 spelit,
793 1680 827 1731 ed
839 1677 973 1731 tuendum
983 1687 1102 1730 cenonas
1179 1657 1182 1664 Δ

83 1751 182 1815 quibus
199 1754 332 1805 sancitum
346 1757 386 1807 est
398 1757 429 1806 ut
442 1755 566 1807 Ecclesia
575 1755 647 1806 bona
661 1755 764 1820 inpios
779 1769 844 1806 usus
857 1759 1055 1816 convertantur,
1069 1756 1098 1806 et

82 1837 118 1876 ne
127 1827 217 1878 clerici
232 1827 346 1880 ditarent
359 1843 424 1882 suos
435 1831 648 1896 consanguineos
662 1830 783 1882 exbonis
796 1830 988 1882 ecclesiasticis.
1001 1829 1093 1894 Spolia

83 1900 242 1956 dicebantur
250 1904 323 1956 bona
336 1918 397 1970 quae
409 1906 522 1960 clericus
533 1907 665 1958 habuerat
676 1921 711 1959 ex
722 1907 802 1958 bonis
815 1905 1011 1968 ecclesiasticis,
1025 1908 1053 1957 et
1064 1904 1098 1958 de

83 1978 182 2042 quibus
193 1991 250 2030 nen
264 1980 432 2046 disposuerat
442 1982 530 2034 adhuc
542 1983 636 2034 vivens
648 1983 677 2033 in
690 1983 749 2047 pies
760 1996 833 2032 usus.
850 1984 912 2034 Hae
928 1982 1000 2032 bena
1016 1981 1097 2037 Rom·

81 2051 224 2105 Pontifices
235 2054 411 2108 adscribenda
422 2060 571 2108 statuerent
583 2071 695 2109 camera
705 2057 869 2122 apostoliea,
881 2061 907 2106 et
915 2069 964 2120 per
975 2055 1100 2108 collecto·
1193 2097 1194 2100 ,

80 2141 126 2180 res
140 2143 172 2180 ac
186 2131 392 2184 subcollaetores
406 2134 435 2184 in
451 2132 595 2198 provinciis
610 2134 770 2186 constitutos
785 2133 875 2196 colligi
887 2133 1026 2194 curabant,
1038 2134 1092 2182 ste·

79 2205 130 2258 tim
144 2209 206 2270 post
219 2207 438 2260 beneficiatorum
449 2213 572 2271 mertem,
585 2214 612 2261 et
633 2214 729 2262 cuncta
746 2210 775 2260 in
790 2221 939 2274 pauperum
956 2207 1099 2270 alimenta,

79 2281 108 2332 in
126 2281 307 2334 Ecclesiamm
330 2284 513 2348 sublevamen,
534 2285 564 2335 in
580 2285 700 2350 aliosque
714 2285 776 2349 pios
797 2298 863 2335 usus
882 2281 1105 2347 impend1,juxta

78 2357 189 2422 regulas
201 2372 217 2410 a
230 2357 258 2409 S.
270 2359 337 2410 Sede
352 2361 522 2425 prestitutus.
538 2360 617 2420 Quod
635 2361 658 2410 si
677 2362 791 2425 ipsamet
806 2359 925 2410 Ecclesia
934 2357 1098 2410 beneficiarii

80 2432 202 2484 defuncti
215 2433 258 2484 his
273 2435 366 2498 spoliis
380 2435 526 2500 indigebat,
542 2450 574 2486 ea
588 2436 671 2487 Sedes
682 2434 921 2501 Apostoliceiueile
931 2433 1094 2498 remittebat,

79 2511 113 2560 ut
125 2508 236 2560 inillius
252 2511 395 2562 utilitatem
412 2515 642 2574 converterentur,
658 2511 736 2576 eujus
754 2511 843 2575 praxis
857 2512 1010 2575 exemplum
1027 2509 1105 2560 vide·

80 2595 143 2634 mus
160 2584 189 2635 in
208 2584 298 2636 donst.
317 2586 452 2638 Benedicti
470 2587 534 2649 XIV,
552 2586 703 2650 Pmioralu,
721 2601 756 2638 an
774 2589 845 2648 itae,
864 2587 927 2636 data
947 2598 996 2650 pro
1012 2597 1098 2650 regno

77 2659 265 2724 Neapolitano.
285 2663 323 2712 De
341 2662 402 2726 jure
424 2665 512 2728 spolii,
530 2662 605 2730 quod
625 2676 678 2712 usu
699 2675 755 2713 non
776 2663 828 2712 tuit
848 2662 1034 2712 introductum
1053 2663 1102 2712 aut

78 2735 176 2787 saltem
188 2750 244 2788 non
259 2737 373 2789 invaluit
386 2740 415 2789 in
429 2739 521 2802 Gellia,
541 2753 591 2790 nec
609 2739 638 2790 in
653 2739 778 2803 pluribus
796 2737 856 2788 aliis
871 2738 1025 2801 provinciis,
1038 2736 1098 2788 hmo

79 2811 152 2862 dicta
162 2812 307 2866 sufficient.
322 2814 545 2880 (Gt'lhemassin,
561 2817 631 2879 pert.
646 2815 692 2877 ΙΙΙ,
704 2814 752 2865 lib.
766 2814 799 2875 11,
814 2827 872 2877 cap,
890 2827 954 2875 uv113
968 2839 998 2850 -
1011 2813 1102 2864 lierra·

77 2888 127 2950 ria,
137 2898 168 2938 v⁰
183 2889 316 2954 spolium
331 2919 362 2928 -
378 2892 482 2953 Devoti,
496 2891 542 2941 lib.
559 2892 592 2953 ΙΙ,
609 2891 651 2942 tit.
664 2891 746 2952 xvni.)
760 2917 790 2928 ·-
803 2890 868 2941 Pius
883 2889 917 2940 IX
931 2888 1102 2952 praescripsit,

77 2963 116 3016 ad
130 2968 248 3017 mentem
260 2979 405 3028 canonum,
420 2967 509 3018 const.
524 2967 589 3017 Cum
603 2967 673 3016 illud
684 2966 806 3030 plurimi,
828 2979 872 3017 an.
889 2967 960 3028 itii,
977 2969 1006 3015 ut
1022 2976 1099 3014 secra

76 3040 207 3091 utensilia
222 3041 348 3104 Episcopi
365 3041 494 3100 defuncti,
512 3043 608 3102 mitras,
624 3041 753 3104 planette,
767 3041 895 3102 missalia,
911 3041 1015 3100 calices,
1027 3029 1088 3100 etc,

76 3113 207 3167 Ecclesia
218 3116 363 3167 cathedrali
377 3117 483 3178 dentur,
502 3117 646 3180 «exceptis
662 3116 779 3178 annulis,
795 3117 920 3168 crucibus
939 3118 966 3166 et
982 3114 1025 3164 his
1039 3127 1097 3165 em·

79 3208 97 3237 ι
108 3189 189 3240 nibus
203 3183 364 3242 utensilibus
377 3206 438 3257 quea
452 3192 570 3257 legitime
585 3192 734 3255 probentur
755 3192 788 3242 ab
803 3191 941 3254 Episcopis
955 3189 1087 3240 defunctis

11 3259 12 3264 ’
82 3283 99 3312 a
110 3269 267 3329 comparata
286 3267 370 3318 tuisse
390 3267 471 3319 benis
498 3266 533 3318 ad
559 3266 706 3317 Ecclesiam
728 3277 784 3316 nen
811 3265 1017 3329 pertinentibus,
1045 3277 1097 3315 nee

83 3358 99 3388 a
111 3344 219 3393 constet
230 3342 352 3395 Ecclesia
366 3343 450 3395 luisse
466 3343 567 3394 donata
578 3361 602 3393 s.
616 3361 630 3388 e
644 3341 775 3394 Volumus
785 3345 922 3405 praterea,
939 3340 1014 3391 aits.
1029 3342 1096 3391 Pon·

82 3433 97 3463 α
110 3417 188 3480 tifex,
200 3418 286 3468 teneri
302 3418 448 3483 Episcopos
462 3416 593 3468 conficere
608 3416 790 3469 inventarium
803 3416 831 3466 in
848 3415 1100 3467 tormaeuthentice

82 3508 97 3538 a
111 3504 250 3544 sacrorum
267 3493 433 3555 utensilium,
446 3494 476 3544 iu
492 3507 547 3558 quo
559 3506 608 3558 pro
627 3494 666 3543 rei
686 3492 798 3545 veritate
822 3491 975 3556 expriment
992 3489 1100 3555 quando

83 3584 99 3614 ι
113 3568 246 3632 acquisita
259 3567 368 3629 fuerint,
386 3570 414 3619 et
428 3569 537 3633 speciali
554 3571 621 3620 note
631 3567 773 3634 designent
788 3580 848 3632 quae
866 3581 898 3617 ex
912 3565 1061 3619 redditibus
1073 3569 1099 3619 et

82 3643 288 3708 «proventibus
302 3644 355 3694 sibi
369 3647 567 3710 compararunt,
580 3658 615 3695 ne
627 3644 694 3695 alios
706 3643 834 3707 praesumi
851 3641 947 3694 debeat
961 3657 992 3692 ea
1006 3642 1097 3694 omnia
1182 3705 1185 3711 ,
