2568 4272
151 281 219 330 ΛΒΤ.
241 282 297 330 vll.
317 283 501 332 lucraturus
521 283 725 333 srlsuoronuu
745 283 776 330 IN
797 281 980 331 REGULARES.
1021 274 1072 329 329

55 396 324 475 praedecessorum
345 399 483 475 licentia,
507 400 621 462 emissa
644 401 717 476 sint,
741 399 978 477 stragularum
1001 415 1072 478 quae

55 495 169 556 eadem
180 498 367 560 auctoritate
376 489 497 560 luerint
507 499 665 562 stabilitae.
679 498 764 559 Nihil
775 497 938 559 immutari
948 501 1075 577 oportet

54 592 116 652 nisi
127 595 262 655 suadeat
273 597 454 671 necessitas,
469 602 524 659 aut
534 597 663 658 accedat
673 614 842 658 consensus
852 596 979 656 illorum
992 613 1072 674 quo-

54 708 127 751 rum
148 691 292 768 interest,
312 694 345 754 in
365 695 545 757 conditione
565 700 725 766 votorum,
746 713 805 756 nec
825 695 858 754 in
880 693 1074 771 obligatione

54 806 155 866 qnam
183 791 300 868 regulae
330 791 503 868 inducunt;
536 792 677 872 alioquin
704 793 786 853 forte
817 790 1076 870 pessumdaretur

53 884 145 963 pium
159 904 197 947 ac
211 888 288 948 utile
303 888 492 951 institutum.

118 984 227 1046 Status
241 985 295 1046 ille
311 986 365 1047 diu
380 989 552 1066 perdurare
566 986 696 1048 difficile
709 986 840 1066 poterit,
855 985 1032 1065 praesertim
1047 983 1075 1044 si

55 1083 265 1160 congregatio
289 1084 399 1146 domos
424 1085 573 1146 fundaret
592 1089 683 1146 extra
704 1084 880 1158 diaecesim
907 1101 971 1163 qua
988 1082 1074 1143 enim

54 1179 181 1240 ratione
212 1181 431 1259 provideretur
460 1181 576 1244 unitati
608 1182 771 1260 regiminis
805 1180 1071 1260 congregationis,

55 1275 149 1355 cujus
160 1284 344 1350 conventus,
357 1299 414 1358 per
422 1281 527 1341 varias
535 1280 714 1360 provincias
720 1280 898 1357 constituti,
906 1279 1077 1339 subderen-

54 1378 110 1433 tur
124 1377 307 1438 auctoritati
326 1378 576 1453 ordinariorum,
597 1378 652 1456 qui
668 1377 794 1454 singuli,
816 1377 849 1436 in
869 1395 926 1436 sua
947 1393 1074 1454 respec-

55 1471 121 1532 tive
140 1473 281 1550 dioecesi,
304 1480 436 1554 possent
451 1475 578 1555 regulas
598 1476 780 1548 immutare,
798 1480 1029 1552 antegressum
1058 1491 1075 1533 a

55 1575 217 1631 conventu
236 1573 418 1651 probibere,
438 1574 489 1634 vel
510 1573 607 1635 etiam
627 1573 752 1634 obstare
773 1572 943 1651 quominus
961 1571 1075 1631 domus

54 1665 204 1729 visitetur
219 1671 453 1749 asuperiorissa
466 1670 627 1750 generali?
639 1671 722 1747 Ergo
737 1669 963 1730 recurrendum
975 1673 1023 1730 est
1035 1667 1077 1728 ad

57 1764 228 1826 Summum
246 1768 443 1843 Pontificem,
467 1774 501 1828 ut
519 1767 725 1848 congregatio
747 1767 919 1828 stabilitate
939 1768 1075 1838 fruatur,

56 1863 254 1942 approbatis,
267 1867 456 1928 auctoritate
470 1865 655 1946 apostolica,
672 1865 770 1945 ipsius
785 1863 1074 1926 constitutionibus.

120 1963 160 2024 ll.
176 1964 307 2034 Quando
325 1965 528 2044 congregatio
542 1965 603 2026 luit
617 1965 793 2044 approbata
811 1983 830 2024 a
848 1965 880 2026 S.
898 1964 989 2034 Sede,
1005 1979 1077 2022 eum

58 2058 124 2120 suis
140 2062 418 2124 constitutionibus
433 2068 464 2124 et
477 2063 606 2142 regalia,
623 2063 797 2142 Episcopus
812 2061 892 2122 nibil
906 2062 1077 2122 immutare

57 2157 156 2232 valet,
168 2160 223 2220 sed
234 2160 393 2224 dimittere
403 2161 498 2222 debet
509 2161 665 2241 religiosis
676 2179 785 2222 curam
796 2179 887 2221 suum
897 2159 1077 2220 institutum

60 2257 194 2333 regendi
204 2258 298 2338 juxta
316 2260 460 2321 ordinem
478 2260 692 2339 praestitutum
713 2259 961 2339 probatumque.
977 2259 1079 2326 Porro

59 2353 203 2432 regimen
224 2356 395 2434 internum,
417 2376 472 2419 seu
493 2357 725 2419 administratio
749 2356 899 2430 instituti,
924 2354 993 2416 haec
1017 2352 1079 2414 tria

59 2453 238 2529 praesertim
251 2454 474 2533 complectitur
490 2473 498 2516 t
514 2458 545 2517 1⁰
557 2456 739 2517 libertatem
758 2453 919 2516 electionis
933 2450 1077 2530 superio·

59 2547 102 2608 ris
117 2551 276 2629 generalis
287 2558 318 2612 et
327 2554 528 2632 superiorum
540 2553 691 2614 localium
701 2572 741 2614 ex
751 2552 935 2633 praesoripto
949 2549 1076 2629 regula·

60 2664 148 2721 rum;
171 2651 204 2708 2⁰
220 2648 273 2726 jus
291 2651 461 2730 superioris
482 2651 638 2730 generalis
657 2651 847 2731 providendi
868 2647 1077 2710 observantiae

60 2745 256 2824 regularum,
278 2753 309 2808 et
327 2749 477 2809 visitandi
495 2749 716 2828 personaliter,
737 2755 793 2810 aut
811 2765 868 2828 per
886 2746 964 2808 alios
984 2747 1078 2807 abeo

60 2842 273 2922 deputandos,
285 2844 397 2906 domos
406 2865 471 2908 suae
487 2847 757 2924 congregationis3
772 2847 804 2905 3·
819 2846 1002 2907 facultatem
1013 2843 1077 2903 dis·

60 2941 201 3016 ponendi
215 2943 254 3003 de
268 2943 361 3004 bonis
381 2945 602 3007 communibus
623 2946 665 3007 ad
682 2944 913 3025 providendum
931 2931 1092 3003 utilitati-'

61 3035 118 3098 bus
140 3040 291 3117 Instituti,
315 3043 445 3104 servatis
465 3041 537 3121 jure
560 3043 733 3106 servandis.
754 3043 834 3103 Sunt
855 3041 924 3104 haec
946 3038 1079 3100 totidem

62 3139 258 3199 consectaria
271 3141 509 3219 approbationis
524 3143 674 3203 obtentae.

118 3234 172 3294 ill.
191 3237 266 3296 Haec
287 3238 468 3298 communia
484 3245 558 3302 sunt
578 3236 876 3316 congregationibus
893 3233 1033 3295 virorum
1049 3235 1082 3292 et

62 3329 243 3410 mulierum.
912 3390 916 3399 .

120 3429 308 3508 Superiores
318 3434 602 3512 congregationum
617 3433 759 3494 virorum
772 3431 827 3509 qui
837 3431 877 3491 ad
891 3429 1010 3490 elerum
1025 3443 1080 3488 sae-

63 3525 203 3589 cularem
219 3530 388 3607 pertinent,
406 3551 470 3592 non
485 3532 605 3593 habent
618 3532 690 3611 jure
710 3530 870 3592 communi
882 3526 1079 3608 jurisdictio·

63 3641 134 3684 nem
152 3625 352 3704 spiritualem
367 3630 532 3709 utriusque
547 3631 618 3692 tori.
636 3631 776 3710 (mliii.)
792 3631 1001 3707 Quapropter,
1020 3623 1081 3712 nisi

64 3719 199 3797 speciale
212 3725 374 3782 indultu'm
389 3727 583 3789 obtirruerint
596 3747 615 3790 a
627 3731 659 3810 S,
677 3729 770 3800 Sede,
787 3744 915 3788 necesse
930 3729 977 3786 est
991 3728 1027 3786 ut
1039 3722 1081 3784 ad
