2642 4268
290 263 402 320 ARN.
423 271 502 320 nont
521 265 711 322 'simmitrii
730 269 888 325 EGG'LBSIAE.
1044 273 1096 329 489

64 388 179 450 factas
193 385 321 450 fabricis
336 387 546 450 Ecclesiarum
559 389 804 470 parochialium,
820 394 946 456 decreto
960 395 998 456 {3
1012 397 1094 459 febr.

67 487 158 548 1862
177 505 241 568 quo
261 487 441 549 statuitur:
468 513 483 543 u
505 490 573 550 Art.
590 488 619 549 i.
637 482 872 570 L'aoceptation
890 493 946 554 des
965 494 1045 556 dona
1065 500 1097 557 et

67 608 90 641 «
106 585 178 664 legs
190 585 264 647 faits
279 605 343 647 aux
356 585 516 666 fabriques
531 586 586 648 des
599 587 713 666 eglises
725 607 797 650 sera
810 590 984 653 desormais
1000 600 1094 656 auto·

66 707 88 740 «
103 684 188 745 rista
208 703 268 764 par
287 685 333 746 les
354 685 470 764 prefate
491 703 545 746 sur
565 683 654 746 l’avis
676 687 836 766 prealable
860 690 915 750 des
937 692 1086 771 avequcs,

74 807 91 837 α
107 782 219 862 quand
230 801 281 844 ces
292 782 467 844 liberalitas
476 783 700 845 n'excederont
710 801 769 864 pas
782 785 815 848 la
827 779 937 848 vaienr
949 788 990 849 de
1003 787 1092 851 ¹mille

74 904 90 936 «
105 881 225 955 francs,
245 899 285 942 ne
305 880 484 942 donneront
500 881 564 942 lieu
586 883 748 945 battonne
767 883 986 962 reclamation,
1001 892 1033 949 et
1052 905 1092 949 uo

74 1001 91 1036 «
106 985 217 1041 scront
229 983 356 1060 grentes
370 979 509 1054 d’autres
523 980 728 1062 chargesquc
741 983 781 1043 de
792 981 923 1063 l’acquit
935 985 975 1046 de
984 985 1099 1047 fondem

74 1103 90 1134 «ι
105 1077 191 1140 tione
205 1077 330 1158 picuses
345 1077 423 1140 dans
437 1080 483 1140 les
497 1078 609 1159 eglises
624 1079 835 1160 paroiseiales‚
853 1081 939 1144 etde
955 1083 1090 1163 disposi-

74 1200 90 1234 «
104 1176 193 1239 tions
205 1195 246 1238 au
259 1175 356 1258 proiit
374 1177 430 1238 des
450 1191 648 1254 communes,
662 1179 717 1239 des
729 1178 886 1259 hospices,
904 1199 945 1242 on
960 1181 1016 1243 des
1030 1183 1090 1243 bu·

73 1300 89 1333 «
105 1294 209 1337 reanx
228 1275 269 1337 dc
286 1275 509 1338 bienfaisancc.
532 1277 601 1340 Art.
625 1275 673 1336 tt.
697 1276 941 1340 b’antorisation
963 1289 1004 1341 ne
1024 1299 1095 1342 sera

73 1397 90 1432 «
106 1375 261 1437 accordcc
274 1374 422 1455 qu’apres
438 1373 673 1456 l'approbation
695 1376 735 1436 de
754 1359 1093 1456 1'i2vequedtocesain,

72 1497 88 1530 n
106 1473 157 1534 s’il
169 1493 191 1554 y
205 1471 354 1553 acharge
366 1473 406 1535 de
421 1473 735 1552 servicesuetigtcux.
752 1497 770 1531 n

131 1573 233 1652 Leges
241 1571 351 1634 civitas
365 1572 532 1653 requirnnt
545 1569 823 1653 approbationem,
833 1574 909 1655 qnia
921 1577 1093 1639 auctoritas

70 1671 174 1735 civilis
189 1687 370 1752 praecavere
381 1671 482 1733 voluit
496 1690 536 1734 ne
551 1671 684 1737 nimium
699 1679 885 1735 accrescant
901 1665 1091 1754 temporatia

70 1770 339 1834 communitatum
359 1788 430 1851 qnoe
446 1769 558 1849 gallice
574 1767 796 1850 nuncupantur
811 1770 1041 1834 etoblc'ccementc
1056 1773 1092 1836 de

69 1869 274 1942 moin-morte,
290 1868 393 1943 idest,
411 1887 483 1948 quae
497 1867 629 1930 alienari
643 1885 708 1929 non
721 1874 867 1949 possunt.

130 1971 164 2030 3·
178 1967 369 2029 Donationes
384 1967 548 2030 manuales
562 1969 626 2028 noir
641 1967 808 2047 subjacent
819 1967 932 2032 iisdem
943 1967 1086 2049 legibus:

68 2071 206 2148 possunt
218 2057 328 2146 ntique
343 2065 501 2145 acceptari
516 2065 594 2145 quin
605 2059 733 2127 necesse
745 2065 785 2127 sit
799 2083 962 2128 recurrere
978 2069 1018 2127 ad
1032 2086 1091 2147 gu·
1107 2111 1114 2151 ,

68 2166 218 2227 bernium
233 2165 332 2227 civite.
351 2165 474 2243 Regula
487 2157 643 2242 generatis
658 2169 715 2239 est,
732 2157 986 2245 principiis'jnris
1002 2185 1090 2228 corn-

67 2265 176 2326 munis
190 2269 222 2324 et
233 2263 377 2325 doctrina
389 2255 779 2343 jurisperitorum-innixa,
796 2253 1089 2338 traditionem'rea-

67 2363 131 2424 lem
162 2361 239 2424 boni
269 2360 406 2435 mobilis,
438 2360 611 2440 prasertim
639 2353 798 2440 pecuniae,
831 2353 1007 2422 dominium
1045 2364 1090 2426 rei

66 2461 287 2522 transferrem
302 2459 518 2539 recipientem,
531 2465 562 2520 et
574 2458 804 2538 possessionem
819 2459 889 2520 loco
906 2459 991 2520 tituli
1005 2479 1083 2539 esse,

67 2565 102 2620 nt
117 2559 229 2620 statuit
247 2563 308 2619 art.
318 2559 398 2618 '2279
413 2557 535 2618 Codicis
548 2557 701 2618 civitis.-
713 2553 880 2619 Decretum
893 2576 944 2618 an.
960 2559 1089 2621 cabade

66 2658 260 2718 fabricarum
271 2655 494 2718 constitutione
505 2649 803 2734 eamdemregntam
818 2655 972 2735 implicite
983 2657 1089 2718 sanxit

66 2755 98 2816 in
109 2754 247 2835 gratiam
260 2753 484 2826 Baetasiorum,
493 2753 610 2816 nedum
622 2753 684 2832 legi
697 2753 859 2815 communi
873 2754 1086 2834 derogaveritr

67 2854 225 2935 siquidem
242 2853 325 2916 inter
343 2853 484 2914 redditus
511 2847 704 2914 fabricabnm
720 2857 886 2915 enumerat
899 2850 1086 2914 oblationes:

66 2972 163 3034 porro
176 2951 353 3016 oblationes
368 2957 441 3012 sunt
451 2951 642 3013 donationes
651 2952 894 3026 manuales,nac
909 2951 1010 3012 ultum
1026 2953 1088 3013 dis·

66 3051 186 3114 crimen
213 3051 393 3130 assignatur
426 3050 508 3111 inter
535 3045 725 3126 oblationes,
747 3053 871 3112 ratione
890 3046 1087 3130 'quantitatis

67 3167 201 3211 summac
211 3149 347 3210 donata.
360 3148 442 3226 ltrgo
454 3146 584 3210 donatio
595 3143 762 3221 martinatis,
776 3147 1017 3228 qualiscumque
1033 3148 1084 3222 eit,

67 3246 227 3326 acceptari
237 3252 342 3327 potest
356 3247 476 3326 absque
491 3245 860 3326 proevia'approbationo
880 3243 1037 3323 gnbernii,
1053 3246 1086 3308 Si

65 3350 174 3407 tamen
188 3345 317 3408 donatio
329 3344 474 3407 sitvalde
492 3343 652 3421 notabilis,
670 3343 792 3416 ratione
812 3344 927 3406 habita
945 3345 1084 3407 fortunae

67 3441 241 3518 donatoris,
256 3449 288 3505 et
300 3442 445 3505 rideatur
457 3443 542 3504 tacta
560 3447 596 3503 ut
620 3448 726 3522 partes
746 3441 979 3521 subterfugiant
994 3442 1087 3503 inter·
1113 3523 1115 3530 Ι

64 3547 195 3605 ventum
203 3543 398 3605 auctoritatis
406 3541 553 3622 publica,
564 3541 751 3622 guberninm
766 3541 825 3602 sibi
838 3545 978 3603 reservat
987 3541 1085 3603 iacul-

65 3639 697 3717 tatemeamrescindendaautcacanum
708 3638 1077 3704 modumimminuendi1.

113 3805 136 3855 r.
145 3799 185 3855 nr.
194 3786 309 3867 cauto,
321 3791 451 3853 retroue
465 3793 492 3852 ra·
501 3779 650 3864 anatarbe
665 3783 811 3866 catara,
820 3779 898 3861 cin,
908 3761 1081 3860 trasmae?
