2642 4270
222 183 276 240 604
498 192 573 241 PARS
592 192 638 242 111.
659 192 716 241 RES
735 189 960 240 EGGLSIASTIOAE.

223 330 240 365 «
261 309 300 370 de
322 307 434 388 justice
458 327 497 370 en
517 309 679 388 assignant
694 326 757 370 aux
777 308 937 370 ministres
961 307 1166 394 autboliques
1180 309 1232 372 dos

224 429 241 463 «
262 406 491 469 secours...¹.»

281 503 394 566 Merito
405 504 503 582 igitur
523 505 714 566 asseruimus
724 503 896 567 Ecclesiam
905 503 959 583 jus
974 509 1097 566 certum
1117 503 1235 566 habere

221 601 255 662 in
269 620 327 663 sua
347 603 433 664 bona
454 603 654 682 temporalia,
683 620 723 664 ne
738 603 776 664 iis
791 603 918 685 quidem
934 602 1073 682 exceptis
1089 619 1162 682 quae
1176 601 1235 681 ipsi

222 717 242 762 a
256 701 413 762 Gubernio
428 700 631 780 assignantur
644 700 677 762 vi
688 700 879 762 concordati
887 720 897 778 ;
909 700 993 762 unde
1015 699 1235 762 concludimus

221 815 349 878 equum
376 798 506 860 omnino
529 799 637 875 tuisse,
657 799 820 879 principiis
843 799 952 878 utique
972 799 1054 878 juris
1080 798 1236 859 naturalis

220 903 478 973 consentancum,
493 903 528 959 ut
538 898 694 960 ordinatio
710 897 901 958 fabricarum
913 916 977 958 non
991 897 1235 958 constitueretur

221 995 342 1075 absque
352 995 530 1057 interventu
544 1001 576 1057 et
589 1014 717 1058 assensu
732 996 890 1057 Ecclesia.

281 1095 458 1156 Fatendum
479 1099 586 1156 tamen
605 1098 796 1174 potestatem
813 1093 1009 1170 saecularem,
1027 1092 1233 1154 etiamsinon

221 1192 343 1253 dederit
363 1192 511 1254 Ecclesiae
525 1198 633 1272 partes
647 1210 727 1271 quas
749 1190 869 1253 habere
891 1191 1050 1252 debuisset
1069 1191 1102 1250 in
1120 1189 1235 1251 eonsti-

221 1291 339 1352 tuendo
361 1290 514 1369 regimine
534 1290 737 1364 fabricarum,
759 1289 838 1350 illud
862 1290 1024 1350 ordinasse
1045 1289 1234 1368 plerumque

221 1385 312 1466 juxta
334 1394 456 1451 veteres
484 1388 621 1466 regulas,
648 1406 728 1466 quas
759 1387 821 1468 ipsi
849 1387 996 1468 Episcopi
1018 1391 1232 1459 servaverant,

148 1504 150 1507 ·
222 1486 478 1548 accommodatas
501 1504 591 1548 novae
611 1485 785 1548 conditioni
806 1491 1000 1565 temporum,
1022 1485 1235 1563 quandopost

221 1584 453 1646 Goncordatum
467 1584 604 1645 fabricas
619 1584 653 1645 in
661 1584 725 1645 suis
739 1584 927 1646 dioecesibus
935 1583 1112 1643 instaurare
1129 1599 1235 1661 coepe-

222 1667 313 1758 runt3
330 1682 414 1743 unde
439 1682 534 1761 primi
546 1683 692 1744 Pastores
707 1681 768 1743 hoe
786 1681 871 1742 idem
895 1681 1035 1759 regimen
1058 1679 1237 1758 generatim

222 1784 387 1858 acceptum
401 1779 553 1843 habuere.

284 1970 307 2016 t.
325 1968 465 2017 Decretum
477 1963 553 2016 Card.
569 1965 659 2030 Legati
675 1965 740 2015 Cum
752 1964 947 2026 Sanctissimae,
960 1963 1003 2013 dic
1020 1966 1034 2014 9
1046 1964 1143 2028 aprilis
1157 1966 1238 2026 {8023

222 2073 253 2084 -
267 2047 385 2110 Pertalis,
398 2047 512 2112 Repperi
525 2059 571 2096 sur
585 2045 622 2096 ies
638 2044 742 2096 articles
752 2045 922 2111 orpuniques3
937 2073 966 2084 -
982 2044 1111 2106 Carricre,
1126 2044 1165 2094 De
1182 2043 1240 2094 Jus-

223 2136 283 2188 titiu
303 2139 328 2187 et
340 2137 409 2198 iure,
433 2139 452 2186 tt
464 2137 484 2198 1,
496 2138 559 2185 sect.
575 2149 594 2196 r,
616 2147 640 2185 o.
656 2149 682 2187 ιν
698 2134 730 2185 de
750 2135 872 2184 Dominio
883 2133 1014 2196 Ecclesia,
1030 2133 1240 2185 ni1121-ttt.-
1283 2155 1287 2161 ·

222 2216 296 2268 Giroa
310 2216 456 2266 universim
474 2216 594 2280 regimen
613 2214 784 2275 fabricarum,
802 2213 893 2264 confer
910 2212 1032 2272 Pertalis,
1052 2215 1172 2277 Rappori
1195 2228 1242 2263 sar

221 2297 257 2347 ies
272 2293 408 2362 fabriques
419 2296 464 2346 des
479 2296 590 2360 opticen
606 2322 628 2332 -
640 2295 725 2345 Lettre
736 2294 773 2345 du
782 2294 904 2344 Ministro
917 2293 962 2344 des
974 2293 1053 2345 cuites
1068 2308 1105 2344 ou
1118 2293 1241 2344 Ministre

223 2378 255 2427 de
266 2377 409 2426 tintdrieur
424 2390 469 2426 sur
479 2374 677 2440 l'orponisution
691 2377 718 2425 et
734 2373 761 2424 lu
783 2377 877 2424 nutura
898 2374 944 2424 des
963 2374 1075 2424 diverses
1088 2373 1197 2438 sspices
1211 2374 1241 2425 dc

221 2455 362 2522 lubricosa,
376 2456 495 2520 inopere
508 2456 638 2518 Discours,
655 2458 776 2520 rapports
793 2457 817 2505 et
829 2457 944 2504 travouc
959 2454 1058 2504 incdits
1074 2468 1122 2503 sur
1137 2455 1161 2504 le
1175 2454 1239 2505 Coa·

222 2546 313 2596 cordat
324 2543 356 2594 de
365 2546 435 2606 1801,
449 2559 498 2609 par
512 2545 633 2606 Pertalis,
647 2545 715 2606 in-8,
730 2558 756 2608 p.
773 2544 884 2595 suatur.
900 2571 930 2581 -
945 2543 1037 2594 Multa
1048 2542 1087 2594 ibi
1099 2543 1239 2595 habentur

222 2625 476 2687 animadversiones,
495 2638 562 2689 quas
584 2624 708 2676 meditari
726 2627 958 2688 poropportunum
979 2623 1050 2675 {oret
1066 2624 1111 2674 bis
1135 2625 1195 2690 qui,
1214 2626 1242 2675 in

203 2705 344 2770 'pressanti
355 2708 484 2769 tompore,
499 2707 584 2757 Coetui
602 2705 760 2770 Legistntivo
784 2707 870 2754 cartas
893 2718 1043 2769 proponere
1062 2705 1181 2756 student
1201 2706 1242 2755 in-

222 2786 379 2837 novationes
400 2787 428 2834 in
444 2786 573 2850 regimine
596 2785 767 2836 fabricarum.
785 2785 824 2834 De
843 2785 902 2835 istis
929 2786 1158 2837 innovationibus
1176 2786 1243 2836 nibil

222 2866 363 2917 dicendum
372 2867 536 2930 putavimus,
548 2865 610 2930 quia
620 2868 683 2915 sunt
697 2878 771 2930 mera
782 2865 961 2930 quorumdam
974 2867 1127 2931 proposita;
1144 2871 1242 2931 optan-

223 2946 288 2998 dum
299 2951 330 2998 ut
344 2946 403 2998 haec
414 2945 526 3010 repellat
535 2945 665 3010 sapientia
680 2945 885 3010 Legisiatorum.
