2588 4276
147 257 216 306 ΛΒΤ.
236 255 277 304 lv.
297 254 438 304 tuulssw
458 255 605 304 rlnrtluu
625 255 657 304 ln
678 255 772 304 S'l'b'lU
792 255 959 305 uunleloso.
1009 250 1061 305 269

106 373 144 434 3⁰
160 374 192 436 S.
207 371 415 451 Congregatio
430 372 636 450 Regularium
651 371 762 432 statuit
774 370 863 432 dotes
876 372 1063 434 monialium

44 471 188 534 inbonis
207 471 374 532 stabilibus
389 469 590 532 collocandas
602 471 685 545 fore;
702 469 817 549 quibus
835 469 1064 546 deficientibus,

43 569 143 651 jussit
156 574 192 629 ut
205 567 238 628 iu
254 567 399 630 censibus
411 567 530 628 securis
548 567 772 643 investiantur3
789 566 831 629 ad
843 567 979 630 aliumve
995 587 1065 630 mo·

46 668 124 728 dum
135 670 303 728 recurrant
316 665 505 745 superiores,
520 670 556 726 ut
568 671 637 728 tuto
657 670 891 728 conserventur.
907 667 976 728 Nou
991 667 1067 728 sinit

47 783 100 826 eas
114 763 255 843 expendi
268 781 328 844 pro
345 763 558 842 extinguendo
575 780 637 824 aere
651 762 765 836 alieno,
780 782 839 824 nec
853 764 949 824 etiam
960 763 994 824 in
1009 782 1065 825 ne·

49 863 211 924 cessitates
220 860 417 934 monasterii,
432 860 494 922 uisi
515 861 646 922 obtenta
660 860 788 922 licentia
802 879 822 922 a
835 862 867 923 S.
884 861 978 936 Sede,
995 879 1066 941 quoe

49 958 180 1021 difficile
194 964 226 1020 et
237 977 310 1020 raro
324 959 517 1032 conceditur,
527 958 553 1018 si
565 957 622 1020 dos
632 957 757 1037 integre
772 958 941 1020 alienanda
954 958 1006 1021 sit.

107 1058 185 1118 Haeo
200 1074 259 1137 pro
283 1055 490 1119 conventibus
508 1060 655 1118 votorum
669 1055 858 1117 solemnium
881 1055 1067 1129 constituta,

51 1153 170 1215 servari
198 1153 295 1216 etiam
323 1171 450 1223 necesse
474 1153 577 1214 estin
602 1152 903 1231 congregationibus
919 1157 1069 1214 votorum

52 1250 255 1331 simplicium,
292 1255 328 1311 ut
365 1255 605 1330 praecaveantur
639 1250 833 1328 gravissime
867 1250 1070 1313 difficultates

53 1367 121 1428 quae
151 1348 270 1430 saepius
288 1353 469 1422 occurrunt,
484 1348 510 1408 si
530 1347 587 1410 dos
610 1346 743 1410 moniali
756 1348 951 1410 restituenda
963 1348 1020 1421 sit3
1034 1351 1070 1408 ut

55 1444 174 1508 dicetur
188 1445 272 1506 iufra
289 1446 327 1507 de
353 1464 428 1506 casu
442 1444 596 1506 transitus
611 1445 651 1505 ab
668 1462 732 1505 uuo
748 1445 893 1507 instituto
916 1445 950 1506 iu
969 1445 1068 1518 aliud,

54 1549 83 1604 et
100 1544 286 1623 contingere
314 1547 418 1623 potest
440 1542 519 1604 alias
543 1543 584 1604 ob
599 1561 711 1604 causas
726 1542 772 1624 (n0
793 1544 877 1623 485).
892 1545 1004 1605 Dotem
1018 1542 1069 1604 iu·

55 1661 147 1722 super
161 1642 393 1704 refundendam
407 1642 475 1702 fore
488 1641 630 1716 novitiae,
642 1642 668 1703 si
682 1642 894 1704 recedatante
904 1641 1072 1724 professio-

56 1758 137 1814 nem,
153 1740 189 1801 in
204 1746 315 1819 aperto
328 1745 375 1800 est
390 1757 429 1800 ex
442 1738 535 1800 dictis
546 1757 655 1819 supra.

111 1835 204 1898 Noto.
221 1836 348 1916 Regulae
360 1855 439 1916 quas
446 1836 541 1897 modo
554 1836 758 1917 exposuimus
766 1835 806 1898 de
820 1841 974 1917 tempore,
986 1837 1070 1912 loco,
1098 1829 1100 1833 ’

58 1938 85 1996 et
98 1934 334 1996 conditionibus
354 1933 538 2010 novitiatus,
554 1951 618 1994 nou
645 1933 817 2012 attingunt,
833 1934 865 1996 vi
879 1934 960 2014 juris
984 1951 1070 1995 eom-

58 2032 171 2111 munis,
188 2031 248 2092 nisi
262 2031 388 2092 ordines
406 2030 570 2111 inquibus
591 2030 672 2092 fiunt
686 2036 761 2093 vota
774 2030 938 2092 solemnia.
955 2033 1072 2093 Verum

57 2129 160 2209 plures
176 2128 438 2210 congregationes
452 2133 600 2190 votorum
614 2127 806 2207 simplicium
819 2130 964 2190 camdem
978 2127 1071 2189 disci-

59 2227 177 2306 pliuam
190 2232 328 2300 servant,
348 2225 554 2287 conformiter
568 2225 610 2286 ad
631 2245 689 2288 sua
703 2230 838 2302 statuta;
853 2226 1018 2288 autetiam
1032 2225 1074 2286 ad

59 2325 89 2386 id
104 2325 237 2386 luerunt
251 2324 396 2385 adductae
417 2322 746 2386 animadversionibus
765 2325 796 2385 S.
814 2321 1074 2402 Gongregationis

60 2422 275 2500 Regularium,
297 2427 332 2482 ut
353 2420 471 2500 maj0ri
489 2439 567 2483 cura
592 2421 704 2483 novitii
727 2407 980 2500 disponerentur.
1006 2421 1073 2491 Quo

61 2520 157 2598 magis
170 2519 326 2582 accedunt
338 2518 379 2580 ad
391 2518 614 2598 dispositiones
625 2517 707 2596 juris
716 2518 906 2595 communis,
922 2536 960 2580 eo
973 2515 1075 2579 effica-

62 2617 122 2678 cius
136 2617 323 2698 providetur
336 2615 540 2696 prosperitati
555 2622 587 2678 et
601 2616 769 2678 stabilitati
782 2616 1012 2680 institutorum.

401 2823 417 2898 ξ
432 2821 462 2881 3.
480 2819 526 2882 Dc
536 2819 732 2901 professione.

116 3008 187 3068 466.
208 3040 249 3052 -
260 3007 287 3067 1⁰
303 3003 383 3080 Quid
395 3005 435 3066 eit
442 3003 594 3085 professio
612 3005 765 3086 religiosa,
787 3014 816 3067 et
828 3004 994 3087 quotuplex
1014 3004 1077 3067 dir·

66 3102 241 3184 tinguatur?
722 3138 725 3144 =

118 3201 275 3264 Professio
287 3205 335 3262 est
349 3199 475 3262 emissio
487 3203 636 3260 votorum
651 3198 750 3261 libere
765 3201 851 3262 sacta
865 3205 896 3261 et
909 3200 951 3262 ab
966 3201 1078 3262 ordine

67 3317 117 3376 per
129 3299 326 3380 superiorem
340 3301 517 3376 acceptata,
533 3296 566 3358 vi
583 3295 673 3377 cujus
692 3296 842 3376 novitius,
860 3299 987 3378 expleta
1001 3316 1076 3376 pro-

67 3395 199 3474 batione,
215 3398 248 3459 in
261 3403 344 3459 statu
365 3396 510 3474 religioso
526 3395 715 3459 admittitur.

122 3497 146 3558 1.
160 3498 284 3576 Duplex
304 3494 508 3574 distinguitur
522 3494 686 3573 professio,
704 3494 731 3555 si
748 3494 789 3555 ad
809 3497 955 3555 votorum
971 3493 1079 3556 condi·

70 3592 179 3654 tionem
199 3593 401 3654 attendamus
423 3609 430 3653 :
452 3589 516 3650 alia
542 3591 671 3670 proprie
694 3595 726 3650 et
748 3590 855 3652 stricte
884 3595 1022 3670 sumpta,
1052 3589 1079 3650 si

72 3691 247 3753 emittantur
267 3696 343 3752 vota
356 3687 529 3763 solemnia;
552 3685 654 3748 altera
671 3687 735 3749 late
750 3692 890 3768 sumpta,
911 3707 947 3750 ac
975 3688 1079 3748 minus
