2588 4276
199 239 270 287 Ant.
292 239 312 288 1.
333 239 422 292 oeteo
441 241 578 290 otoldus
597 241 830 292 nst1o10sonurr.
974 233 1027 289 199

34 370 108 435 poene
127 354 461 418 excommunicationis
484 357 647 448 imponere
671 375 766 436 super
792 356 967 436 quastione
986 356 1027 420 de

34 452 158 532 primave
177 451 382 518 institutione¹
395 473 432 516 ac
459 455 654 518 successione
681 455 801 516 ordinis
821 473 841 515 a
862 455 1028 534 prophetis

34 549 87 612 lilia
99 553 126 608 et
136 548 257 624 Elise03
271 556 301 610 et
314 550 422 612 omnia
444 551 562 630 scripta
578 559 689 614 contra
704 571 769 614 suae
794 551 1027 616 constitutionis

34 647 188 726 apostolica
207 647 346 710 sormam
367 650 577 729 inposterum
599 651 726 712 edenda
734 650 943 730 prohibuerit,
966 650 1026 712 sub

35 743 115 826 penis
141 743 173 804 in
201 743 307 808 Iedc'ce
334 746 489 810 librorum
513 748 683 811 vetitorum
710 748 874 813 contentis.
906 746 1024 828 (const.

34 841 224 924 Redenptorc's,
240 862 282 904 an
294 844 397 925 1698.)

77 941 182 1002 Sancta
197 941 326 1005 Teresia
338 949 449 1008 auctor
462 943 522 1007 fuit
536 943 770 1006 reformationis
785 943 1026 1006 Garmelitarum

34 1037 159 1116 (channe
174 1039 279 1118 1562),
306 1040 360 1119 qui
381 1059 401 1102 a
426 1047 569 1122 tempore
592 1042 687 1120 hujus
708 1041 943 1104 reformationis
963 1043 1026 1104 dis·

35 1134 103 1198 tincti
114 1141 183 1196 sunt
196 1136 231 1197 in
256 1137 416 1216 duplicem
440 1140 572 1202 classem
596 1159 605 1202 ε
632 1139 761 1213 scilicet,
787 1139 821 1200 in
842 1139 1027 1202 Carmelitas

36 1233 158 1310 mitigata
169 1235 393 1313 observantiae,
405 1242 437 1298 et
445 1237 632 1302 Carmelitas
642 1237 806 1300 strictioris
816 1237 1025 1312 observantiae

40 1348 77 1390 seu
94 1329 304 1396 discalceatos.
331 1336 411 1398 Sunt
430 1340 583 1414 praeterea
605 1335 781 1398 Carmelitae
805 1335 965 1417 eremita,
994 1339 1027 1396 et

40 1429 247 1505 conventuales,
269 1433 540 1510 quemadmodum
556 1418 672 1494 in'aliis
688 1433 880 1512 quibusdam
897 1450 1027 1510 congre-

42 1525 201 1602 gationibus

78 1625 187 1686 iratres
199 1625 422 1690 Pradieutores
434 1633 559 1708 patrem
573 1629 694 1692 habent
711 1632 856 1690 senatum
877 1627 1023 1690 Domini·

41 1737 100 1795 cun,
110 1723 172 1800 qui,
187 1731 285 1786 natus
298 1725 331 1786 in
350 1726 503 1805 Hispania
516 1732 548 1788 et
559 1728 719 1807 professus
732 1727 830 1788 vitem
845 1727 1026 1803 regularem

40 1817 97 1879 inter
108 1822 275 1884 canonicos
294 1824 395 1886 sancti
413 1825 591 1904 Augustini,
613 1844 730 1887 novum
745 1825 890 1887 ordinem
915 1825 956 1886 ad
975 1825 1027 1886 de-

40 1915 180 1984 tentionem
196 1926 229 1981 et
244 1922 508 2001 propagationem
522 1923 597 1984 tidei
609 1923 746 1985 instituit
765 1922 888 1984 Tolosa
906 1922 939 1982 in
954 1921 1027 1983 Gal·

40 2011 136 2089 liis,an.
161 2019 254 2083 1215.
283 2020 466 2084 institutum
487 2021 671 2084 solemniter
694 2019 884 2099 approbavit
908 2021 1026 2082 Sancta

41 2109 112 2172 Sedes
122 2115 175 2175 sub
190 2117 304 2195 regula
318 2119 419 2182 sancti
432 2120 601 2197 Augustini
614 2125 645 2180 et
659 2118 938 2182 constitutionibus
952 2135 1025 2197 pro·

41 2224 103 2284 prus.

81 2308 191 2372 iratres
204 2311 338 2376 Minores
352 2314 501 2386 dicuntur
511 2315 712 2378 Franciscani
726 2333 745 2375 a
759 2332 815 2376 suo
830 2317 943 2374 sancto·
957 2313 1027 2372 iun·

41 2401 304 2486 taorerrancisao,
315 2412 470 2492 quinatus
480 2420 528 2476 est
537 2413 660 2476 Assisiis
671 2413 704 2474 in
715 2413 856 2474 Umbria.
868 2431 918 2472 an.
934 2411 1025 2474 ttae.

44 2497 298 2580 tredendinus
322 2517 427 2583 motus
448 2511 668 2591 inspiratione,
695 2509 840 2582 instituit,
865 2509 955 2587 cujus
973 2525 1026 2570 re·

45 2597 99 2673 illae
111 2606 242 2668 maxime
257 2610 482 2670 commendent
502 2609 573 2671 vitra
592 2609 788 2688 perfectioris
806 2607 1026 2686 praximpau·

46 2701 137 2770 perata
149 2705 341 2782 evangelica,
358 2706 546 2781 bumilitate,
563 2707 775 2784 abnegatione
788 2723 895 2766 rerum
909 2704 1026 2765 buma-

46 2807 136 2870 norum,
150 2807 178 2860 et
190 2803 385 2880 poenitentia
401 2805 561 2883 operibus.
587 2806 652 2866 Sub
673 2804 786 2884 regula
809 2803 910 2864 sancti
929 2805 1027 2864 Fran·

45 2886 95 2952 visci
120 2896 253 2960 militent
280 2907 344 2962 tres
379 2903 641 2980 congregationes
669 2901 843 2980 generales,
878 2916 1024 2980 nempe:
1167 2928 1169 2935 ·

46 2981 246 3074 Observandum,
263 2997 501 3078 Capucciaorum
515 3007 547 3064 et
563 2999 822 3062 Conventoeleivm.

87 3086 276 3171 observantes,
287 3117 342 3158 seu
358 3098 495 3160 Minores
508 3098 661 3176 regularis
677 3098 897 3172 observantiae,
908 3114 1026 3158 conen·

49 3183 82 3241 tur
92 3191 203 3266 regulas
218 3195 320 3257 sancti
332 3196 492 3258 Francisci
506 3214 631 3260 servare
646 3198 713 3259 sine
726 3197 793 3257 ulla
813 3193 1023 3273 mitigatione,

48 3283 206 3355 quodetiam
221 3292 447 3356 dedecollcctis
462 3312 518 3356 seu
536 3294 712 3358 Minoribus
729 3292 892 3356 strictioris
912 3292 1025 3352 obser·
1082 3329 1084 3333 -

49 3380 323 3466 valaciensem,
346 3391 401 3471 qui
424 3397 531 3454 tamen
548 3393 588 3454 ab
606 3392 853 3455 Observantibus
874 3388 1026 3449 differunt

50 3476 245 3550 accidentaliter
262 3489 295 3547 in
317 3488 517 3568 quibusdam,
538 3495 570 3550 et
584 3491 784 3569 disciplinam
806 3487 902 3568 paulo
918 3489 1025 3546 auste-

51 3568 132 3638 riorem
149 3581 329 3662 sequuntur.
354 3587 485 3667 Utrique
506 3587 634 3650 unicam
656 3586 934 3667 congregationem
954 3581 1025 3644 effi-

50 3665 171 3740 ciuntsub
191 3683 372 3746 obedientia
387 3685 480 3746 unius
504 3685 645 3764 ejusdem
670 3685 832 3765 praepositi
856 3679 1023 3762 generalis,
