2588 4276
267 219 849 276 mmmmmfflmmmm
1012 226 1065 306 ²&

50 342 168 405 sarium
179 343 355 416 aestimatur
366 343 407 404 ad
416 345 536 404 statum
552 343 734 421 religiosum
745 349 781 404 ut
790 352 949 408 removeat
963 347 1064 429 impe·

48 441 275 522 dimeutaquaa
290 461 330 504 ex
345 459 453 503 amore
463 441 656 515 divitiarum,
673 446 768 521 atque
785 461 891 506 rerum
905 450 1064 528 tempora·

49 537 129 600 lium
142 539 363 613 sollicitudine,
376 539 534 614 oriuntur;
547 539 635 619 atqui
647 538 674 599 si
685 539 717 598 in
728 539 830 618 primo
842 543 914 603 etin
927 546 1064 610 seeundo

49 639 150 717 gradu
168 643 322 700 voveatur
341 644 523 717 paupertas,
542 637 611 700 haec
627 637 853 717 impedimenta
867 641 1063 706 sufficienter

48 741 267 812 removentur;
282 736 336 815 qui
351 735 447 810 enim,
461 753 500 798 ex
511 740 587 797 voto
600 734 773 814 religionis,
788 737 954 816 superfluis
969 742 1062 803 abre-

48 833 214 908 nuntiavit,
232 838 264 895 et
277 852 315 896 ea
333 833 402 913 ipsa
421 834 535 913 quibus
547 833 580 894 in
597 851 655 893 usu
671 833 833 894 communi
841 835 973 915 indiget,
991 857 1063 902 cum

49 930 258 1012 dependentia
272 937 379 994 anutn
391 931 561 1010 superioris
576 931 708 992 assumit
723 931 800 992 etin
818 951 890 993 suas
909 934 1064 1015 impendit

48 1029 208 1103 utilitates,
219 1029 677 1110 coipsomoderaturaileetum
686 1030 1061 1110 naturalemdivitiarum„

49 1127 699 1206 etsollicitudinemrerumtemporalium.
958 1125 960 1132 ⁴

106 1227 274 1303 Praeterea‚
292 1227 378 1306 quod
392 1231 502 1290 notatu
518 1212 751 1304 dignissimum,
767 1244 824 1305 per
839 1225 933 1305 plura
947 1231 1063 1305 saecula

51 1322 154 1384 iloruit
178 1329 279 1385 status
305 1324 481 1403 religiosus,
508 1328 573 1387 tam
590 1323 634 1396 in
647 1322 773 1386 Oriente
800 1342 896 1403 quam
919 1325 952 1388 in
972 1328 1062 1406 Occi,-

50 1421 151 1496 dente‚
178 1423 262 1509 quin·
280 1422 420 1501 religiosi
445 1441 538 1484 omne
560 1421 736 1484 dominium
758 1423 973 1501 repudiarent.
997 1428 1062 1502 Ha,-

51 1517 182 1580 bucrunt
209 1520 324 1600 ‚utique
355 1523 462 1600 plures
488 1535 527 1580 ex
555 1519 617 1580 illis
649 1519 802 1598 quasdam
837 1523 1062 1601 possessiones,

51 1623 217 1696 potuerunt
235 1625 426 1681 testamenta
449 1619 596 1691 condere,
620 1622 789 1696 parentum
812 1618 937 1698 juribus
963 1622 1062 1686 haere·

51 1715 142 1777 ditate
156 1719 334 1779 succedere.
352 1719 446 1797 Ergo,
463 1716 679 1777 abstrahendo
694 1735 713 1778 a
723 1715 796 1795 jure
816 1720 980 1801 canonico²
997 1741 1062 1786 non

51 1813 217 1893 requiritur
239 1815 280 1875 ad
303 1813 513 1876 substantiam
536 1818 636 1874 status
658 1813 799 1893 religiosi
818 1805 980 1880 ¹abdicatio
1006 1808 1062 1882 do·

51 1911 144 1987 minii,
168 1913 223 1976 sed
238 1913 354 1977 suflicit
367 1917 403 1973 ut
417 1913 487 1993 quis
502 1911 669 1992 superfluis
690 1913 861 1990 renuntiat,
885 1921 917 1977 et
936 1917 1062 1982 abdicet

52 2029 136 2072 usum
146 2011 423 2091 independentem.
440 2011 495 2074 ius
512 2015 618 2072 autem
633 2010 833 2087 canonicum,
849 2013 1061 2080 Ecclesiarum

52 2109 270 2170 consuetudine
287 2109 430 2189 pluribus
444 2108 561 2174 abhinc
575 2108 697 2170 saeculis
711 2108 883 2188 firmatum,
900 2115 1011 2177 statuit
1023 2121 1060 2180 ut

51 2203 79 2268 in
91 2206 296 2286 religionibus
314 2206 507 2270 solemnibus
530 2211 702 2286 paupertas
721 2212 875 2270 voveatur
893 2211 926 2272 in
944 2219 1058 2292 quarto

50 2305 154 2384 gradu.
173 2329 189 2360 «
204 2307 271 2366 Hoc
284 2303 666 2366 confirmantuniversalis
674 2303 823 2366 Ecclesiae
834 2324 942 2370 sensus
954 2316 985 2371 et
997 2316 1059 2374 tra·

52 2402 164 2477 «ditio,
179 2401 225 2463 ait
235 2403 388 2469 Suarez...
400 2405 635 2482 Consequentur
646 2399 708 2464 hoc
717 2407 828 2464 votum
842 2404 1060 2488 solemneper·

50 2523 62 2558 u
76 2519 198 2574 sonam,
216 2489 318 2569 reddit
332 2499 508 2578 inhabilem
523 2499 564 2562 ad
585 2517 819 2580 quamcumque
840 2502 1058 2570 haereditatem

50 2621 63 2655 «
76 2598 274 2673 adeundum;
303 2603 334 2658 et
355 2597 488 2660 subinde
502 2596 596 2685 simul
611 2615 647 2658 ac
666 2598 730 2659 talc
749 2604 859 2660 votum
879 2601 927 2677 lit,
949 2622 1006 2666 sua
1027 2607 1060 2670 vi
1099 2583 1102 2601 ¹

50 2719 63 2752 u
76 2701 107 2758 et
122 2696 193 2776 ipso
214 2697 298 2758 lacto
314 2695 454 2757 excludit
474 2694 650 2756 dominium
669 2713 780 2756 eorum
807 2696 963 2762 bonorum
986 2721 1056 2784 qua

50 2818 62 2852 u
75 2801 168 2858 antea
181 2793 434 2874 possidebantur.
452 2816 468 2849 »
485 2791 564 2874 (lib.
581 2793 619 2865 ll,
638 2811 708 2873 cap.
721 2794 829 2872 x11‚n¹·
842 2796 935 2880 331.)1

87 2995 107 3046 l.
117 2993 205 3043 Prima
216 2993 392 3042 monumenta
400 2989 483 3054 hujus
490 2989 641 3054 disciplina
652 2990 794 3044 Gratianus
805 2994 912 3060 collegit
922 3011 956 3048 cx
965 2998 1055 3052 aonios

48 3068 200 3131 tauriniano,
218 3067 247 3117 in
262 3079 340 3118 einer
354 3081 406 3126 xus,
424 3067 519 3130 quast.
537 3077 577 3128 ru,
594 3078 652 3130 cap.
668 3067 683 3116 9
699 3071 726 3117 et
744 3071 782 3120 lt.
799 3069 839 3120 nd
852 3070 912 3122 illas
926 3074 1055 3126 constitu-

48 3145 126 3196 tiones
138 3142 292 3208 imperiales
310 3141 407 3212 alludit
423 3139 567 3206 Gregorius
581 3141 706 3210 Magnus,
720 3145 892 3196 rescribendo
906 3147 940 3198 ad
956 3150 1055 3202 lanua-

48 3219 107 3269 rinm
116 3220 282 3284 Episcopum
295 3218 476 3268 Galaritanum
489 3232 496 3268 ε
513 3235 526 3262 u
539 3215 607 3275 Quia
619 3217 833 3281 ingredientibus
847 3223 1051 3287 monasterium,

50 3313 62 3339 u
74 3293 244 3346 convertendi
259 3293 353 3358 gratia,
365 3293 567 3344 ulteriusnulla
584 3293 619 3344 sit
631 3293 748 3344 testandi
763 3295 879 3358 licentia,
893 3298 939 3348 sad
950 3312 993 3348 res
1007 3313 1053 3351 eo-

51 3384 127 3422 wmm
139 3370 263 3436 ejusdem
278 3370 433 3420 monasterii
441 3369 511 3434 juris
524 3368 599 3431 flant,
613 3370 707 3432 aperta
721 3369 787 3434 legis
798 3371 952 3423 delinitione
962 3373 1053 3427 decre·

51 3449 124 3498 «tum
138 3450 188 3498 est.
200 3466 213 3493 n
231 3445 320 3511 (ibid,
338 3461 395 3510 cap.
415 3445 472 3508 vu.)
490 3446 648 3504 sanationes
661 3445 753 3510 legum
763 3447 835 3498 eade
850 3461 878 3497 re
892 3461 948 3498 non
964 3452 1053 3502 statim

50 3521 138 3587 ubique
150 3524 338 3584 obtinuerunt,
354 3520 427 3586 quod
448 3535 482 3573 ex
501 3522 582 3572 certis
601 3521 776 3572 historiarum
791 3525 975 3577 monumentis
990 3541 1054 3580 eon-

51 3591 102 3660 stai,
117 3600 164 3650 scd
178 3601 320 3666 paulatim,
338 3598 492 3651 labentibus
506 3596 620 3658 seculis,
638 3611 688 3664 per
702 3611 796 3651 omncs
809 3598 942 3654 Ecclesiae
951 3617 1042 3669 prava

51 3675 153 3728 luerunt.
359 3692 361 3701 ·
1039 3706 1042 3714 ·
