<?xml version="1.0" encoding="UTF-8"?>
<!DOCTYPE html PUBLIC "-//W3C//DTD XHTML 1.0 Transitional//EN"
    "http://www.w3.org/TR/xhtml1/DTD/xhtml1-transitional.dtd">
<html xmlns="http://www.w3.org/1999/xhtml" xml:lang="en" lang="en">
 <head>
  <title>
</title>
<meta http-equiv="Content-Type" content="text/html;charset=utf-8" />
  <meta name='ocr-system' content='tesseract 3.04.00' />
  <meta name='ocr-capabilities' content='ocr_page ocr_carea ocr_par ocr_line ocrx_word'/>
</head>
<body>
  <div class='ocr_page' id='page_1' title='image "./praelectionesju00murrgoog_0223.png"; bbox 0 0 2588 4276; ppageno 0'>
   <div class='ocr_carea' id='block_1_1' title="bbox 230 245 907 305">
    <p class='ocr_par' dir='ltr' id='par_1_1' title="bbox 230 245 907 305">
     <span class='ocr_line' id='line_1_1' title="bbox 230 245 907 305; baseline 0 -2"><span class='ocrx_word' id='word_1_1' title='bbox 230 245 283 303; x_wconf 73' lang='lat'><strong>208</strong></span> <span class='ocrx_word' id='word_1_2' title='bbox 571 255 645 305; x_wconf 73' lang='lat' dir='ltr'>PARS</span> <span class='ocrx_word' id='word_1_3' title='bbox 665 255 699 304; x_wconf 89' lang='lat' dir='ltr'><strong>ll.</strong></span> <span class='ocrx_word' id='word_1_4' title='bbox 720 255 907 305; x_wconf 67' lang='lat' dir='ltr'><strong>ababtibus</strong></span> 
     </span>
    </p>
   </div>
   <div class='ocr_carea' id='block_1_2' title="bbox 152 371 1270 3487">
    <p class='ocr_par' dir='ltr' id='par_1_2' title="bbox 226 371 1268 556">
     <span class='ocr_line' id='line_1_2' title="bbox 284 371 1234 456; baseline 0.003 -24"><span class='ocrx_word' id='word_1_5' title='bbox 284 372 354 434; x_wconf 71' lang='lat'><strong>437.</strong></span> <span class='ocrx_word' id='word_1_6' title='bbox 369 405 409 418; x_wconf 92' lang='lat'>-</span> <span class='ocrx_word' id='word_1_7' title='bbox 423 373 464 436; x_wconf 66' lang='grc' dir='ltr'><em>Ψ</em></span> <span class='ocrx_word' id='word_1_8' title='bbox 477 371 549 448; x_wconf 80' lang='lat' dir='ltr'><strong>Ouia</strong></span> <span class='ocrx_word' id='word_1_9' title='bbox 574 371 647 432; x_wconf 84' lang='lat' dir='ltr'><strong>ordo</strong></span> <span class='ocrx_word' id='word_1_10' title='bbox 661 371 870 454; x_wconf 58' lang='lat' dir='ltr'><strong>precedentes</strong></span> <span class='ocrx_word' id='word_1_11' title='bbox 885 380 1020 434; x_wconf 81' lang='lat' dir='ltr'><strong>servetur</strong></span> <span class='ocrx_word' id='word_1_12' title='bbox 1044 372 1127 434; x_wconf 79' lang='lat' dir='ltr'><strong>inter</strong></span> <span class='ocrx_word' id='word_1_13' title='bbox 1143 373 1234 456; x_wconf 75' lang='lat' dir='ltr'><strong>Repa-</strong></span> 
     </span>
     <span class='ocr_line' id='line_1_3' title="bbox 226 466 1268 556; baseline 0.005 -27"><span class='ocrx_word' id='word_1_14' title='bbox 226 466 325 531; x_wconf 86' lang='lat' dir='ltr'><strong>lares?</strong></span> <span class='ocrx_word' id='word_1_15' title='bbox 1267 513 1268 556; x_wconf 76' lang='lat'><strong>,</strong></span> 
     </span>
    </p>

    <p class='ocr_par' dir='ltr' id='par_1_3' title="bbox 226 557 1268 728">
     <span class='ocr_line' id='line_1_4' title="bbox 284 557 1268 652; baseline 0.001 -22"><span class='ocrx_word' id='word_1_16' title='bbox 284 566 797 652; x_wconf 70' lang='lat' dir='ltr'><strong>l’raeoedentiaestjusocoupandi</strong></span> <span class='ocrx_word' id='word_1_17' title='bbox 805 567 1104 649; x_wconf 87' lang='lat' dir='ltr'><strong>dignioremlocum,</strong></span> <span class='ocrx_word' id='word_1_18' title='bbox 1118 575 1235 632; x_wconf 86' lang='lat' dir='ltr'><strong>servato</strong></span> <span class='ocrx_word' id='word_1_19' title='bbox 1267 557 1268 624; x_wconf 76' lang='lat' dir='ltr'><strong>l</strong></span> 
     </span>
     <span class='ocr_line' id='line_1_5' title="bbox 226 657 901 728; baseline 0.007 -3"><span class='ocrx_word' id='word_1_20' title='bbox 226 657 548 728; x_wconf 81' lang='lat' dir='ltr'><strong>ordinehierarohiae.</strong></span> <span class='ocrx_word' id='word_1_21' title='bbox 898 671 901 678; x_wconf 82' lang='grc'>’</span> 
     </span>
    </p>

    <p class='ocr_par' dir='ltr' id='par_1_4' title="bbox 224 763 1240 1529">
     <span class='ocr_line' id='line_1_6' title="bbox 285 763 1235 846; baseline 0.003 -22"><span class='ocrx_word' id='word_1_22' title='bbox 285 763 467 840; x_wconf 84' lang='lat' dir='ltr'><strong>Regulares,</strong></span> <span class='ocrx_word' id='word_1_23' title='bbox 484 763 710 846; x_wconf 88' lang='lat' dir='ltr'><strong>cujuscumque</strong></span> <span class='ocrx_word' id='word_1_24' title='bbox 726 763 845 826; x_wconf 81' lang='lat' dir='ltr'>ordinis</span> <span class='ocrx_word' id='word_1_25' title='bbox 860 765 934 839; x_wconf 88' lang='lat' dir='ltr'><strong>sint,</strong></span> <span class='ocrx_word' id='word_1_26' title='bbox 949 764 1057 828; x_wconf 88' lang='lat' dir='ltr'><strong>locum</strong></span> <span class='ocrx_word' id='word_1_27' title='bbox 1072 764 1235 827; x_wconf 81' lang='lat' dir='ltr'><strong>honorabi</strong></span> 
     </span>
     <span class='ocr_line' id='line_1_7' title="bbox 225 858 1237 942; baseline 0.002 -20"><span class='ocrx_word' id='word_1_28' title='bbox 225 858 338 940; x_wconf 88' lang='lat' dir='ltr'><strong>liorem</strong></span> <span class='ocrx_word' id='word_1_29' title='bbox 351 861 466 922; x_wconf 91' lang='lat' dir='ltr'><strong>cedunt</strong></span> <span class='ocrx_word' id='word_1_30' title='bbox 480 861 564 923; x_wconf 87' lang='lat' dir='ltr'><strong>clero</strong></span> <span class='ocrx_word' id='word_1_31' title='bbox 575 863 730 934; x_wconf 77' lang='lat' dir='ltr'><strong>saeculari,</strong></span> <span class='ocrx_word' id='word_1_32' title='bbox 748 862 781 923; x_wconf 92' lang='lat' dir='ltr'><strong>in</strong></span> <span class='ocrx_word' id='word_1_33' title='bbox 796 863 944 925; x_wconf 89' lang='lat' dir='ltr'><strong>omnibus</strong></span> <span class='ocrx_word' id='word_1_34' title='bbox 956 862 1046 937; x_wconf 91' lang='lat' dir='ltr'><strong>locis,</strong></span> <span class='ocrx_word' id='word_1_35' title='bbox 1056 862 1090 924; x_wconf 92' lang='lat' dir='ltr'><strong>in</strong></span> <span class='ocrx_word' id='word_1_36' title='bbox 1106 863 1237 942; x_wconf 82' lang='lat' dir='ltr'><strong>propriis</strong></span> 
     </span>
     <span class='ocr_line' id='line_1_8' title="bbox 225 956 1236 1036; baseline 0.004 -19"><span class='ocrx_word' id='word_1_37' title='bbox 225 956 320 1018; x_wconf 89' lang='lat' dir='ltr'><strong>etiam</strong></span> <span class='ocrx_word' id='word_1_38' title='bbox 340 957 485 1020; x_wconf 85' lang='lat' dir='ltr'><strong>Ecclesiis</strong></span> <span class='ocrx_word' id='word_1_39' title='bbox 511 965 542 1020; x_wconf 94' lang='lat' dir='ltr'><strong>et</strong></span> <span class='ocrx_word' id='word_1_40' title='bbox 563 960 769 1023; x_wconf 91' lang='lat' dir='ltr'><strong>conventibus</strong></span> <span class='ocrx_word' id='word_1_41' title='bbox 788 961 1031 1036; x_wconf 89' lang='lat' dir='ltr'><strong>monachorum,</strong></span> <span class='ocrx_word' id='word_1_42' title='bbox 1056 960 1121 1022; x_wconf 89' lang='lat' dir='ltr'><strong>nisi</strong></span> <span class='ocrx_word' id='word_1_43' title='bbox 1140 965 1236 1024; x_wconf 88' lang='lat' dir='ltr'><strong>tamen</strong></span> 
     </span>
     <span class='ocr_line' id='line_1_9' title="bbox 226 1054 1237 1138; baseline 0.004 -24"><span class='ocrx_word' id='word_1_44' title='bbox 226 1054 396 1134; x_wconf 84' lang='lat' dir='ltr'><strong>Regulares</strong></span> <span class='ocrx_word' id='word_1_45' title='bbox 417 1055 630 1118; x_wconf 81' lang='lat' dir='ltr'><strong>interveniant</strong></span> <span class='ocrx_word' id='word_1_46' title='bbox 647 1058 904 1138; x_wconf 77' lang='lat' dir='ltr'><strong>repraesentando</strong></span> <span class='ocrx_word' id='word_1_47' title='bbox 923 1077 1037 1138; x_wconf 89' lang='lat' dir='ltr'><strong>corpus</strong></span> <span class='ocrx_word' id='word_1_48' title='bbox 1052 1059 1237 1121; x_wconf 85' lang='lat' dir='ltr'><strong>cathedrali·</strong></span> 
     </span>
     <span class='ocr_line' id='line_1_10' title="bbox 225 1153 1237 1236; baseline 0.005 -24"><span class='ocrx_word' id='word_1_49' title='bbox 225 1167 308 1227; x_wconf 87' lang='lat' dir='ltr'><strong>eum,</strong></span> <span class='ocrx_word' id='word_1_50' title='bbox 318 1169 372 1214; x_wconf 90' lang='lat' dir='ltr'><strong>seu</strong></span> <span class='ocrx_word' id='word_1_51' title='bbox 381 1153 654 1217; x_wconf 80' lang='lat' dir='ltr'><strong>aliamlioclesiam</strong></span> <span class='ocrx_word' id='word_1_52' title='bbox 665 1155 871 1236; x_wconf 89' lang='lat' dir='ltr'><strong>superiorem,</strong></span> <span class='ocrx_word' id='word_1_53' title='bbox 884 1161 914 1218; x_wconf 90' lang='lat' dir='ltr'><strong>et</strong></span> <span class='ocrx_word' id='word_1_54' title='bbox 926 1157 1124 1219; x_wconf 90' lang='lat' dir='ltr'><strong>constituant</strong></span> <span class='ocrx_word' id='word_1_55' title='bbox 1133 1175 1237 1236; x_wconf 90' lang='lat' dir='ltr'><strong>corpus</strong></span> 
     </span>
     <span class='ocr_line' id='line_1_11' title="bbox 224 1251 1240 1334; baseline 0.005 -24"><span class='ocrx_word' id='word_1_56' title='bbox 224 1251 344 1311; x_wconf 90' lang='lat' dir='ltr'><strong>morale</strong></span> <span class='ocrx_word' id='word_1_57' title='bbox 359 1269 431 1312; x_wconf 91' lang='lat' dir='ltr'><strong>cum</strong></span> <span class='ocrx_word' id='word_1_58' title='bbox 446 1252 578 1331; x_wconf 83' lang='lat' dir='ltr'><strong>praelato</strong></span> <span class='ocrx_word' id='word_1_59' title='bbox 593 1253 743 1332; x_wconf 89' lang='lat' dir='ltr'><strong>regulari,</strong></span> <span class='ocrx_word' id='word_1_60' title='bbox 760 1258 796 1315; x_wconf 89' lang='lat' dir='ltr'><strong>ut</strong></span> <span class='ocrx_word' id='word_1_61' title='bbox 810 1254 945 1334; x_wconf 87' lang='lat' dir='ltr'><strong>contigit</strong></span> <span class='ocrx_word' id='word_1_62' title='bbox 964 1253 997 1314; x_wconf 93' lang='lat' dir='ltr'><strong>in</strong></span> <span class='ocrx_word' id='word_1_63' title='bbox 1012 1254 1179 1315; x_wconf 88' lang='lat' dir='ltr'><strong>nonnullis</strong></span> <span class='ocrx_word' id='word_1_64' title='bbox 1192 1255 1240 1316; x_wconf 82' lang='lat' dir='ltr'><strong>Fc-</strong></span> 
     </span>
     <span class='ocr_line' id='line_1_12' title="bbox 224 1345 1234 1432; baseline 0.005 -24"><span class='ocrx_word' id='word_1_65' title='bbox 224 1345 326 1408; x_wconf 90' lang='lat' dir='ltr'><strong>clesiis</strong></span> <span class='ocrx_word' id='word_1_66' title='bbox 346 1349 579 1410; x_wconf 76' lang='lat' dir='ltr'><strong>cathedralibus</strong></span> <span class='ocrx_word' id='word_1_67' title='bbox 604 1355 635 1411; x_wconf 92' lang='lat' dir='ltr'><strong>et</strong></span> <span class='ocrx_word' id='word_1_68' title='bbox 656 1351 909 1432; x_wconf 75' lang='lat' dir='ltr'><strong>metropolitanis</strong></span> <span class='ocrx_word' id='word_1_69' title='bbox 927 1369 1006 1430; x_wconf 63' lang='lat' dir='ltr'><strong>quaex</strong></span> <span class='ocrx_word' id='word_1_70' title='bbox 1020 1353 1187 1430; x_wconf 81' lang='lat' dir='ltr'><strong>regulares</strong></span> <span class='ocrx_word' id='word_1_71' title='bbox 1200 1357 1234 1426; x_wconf 88' lang='lat' dir='ltr'><strong>et,</strong></span> 
     </span>
     <span class='ocr_line' id='line_1_13' title="bbox 224 1445 1236 1529; baseline 0.005 -23"><span class='ocrx_word' id='word_1_72' title='bbox 224 1451 260 1506; x_wconf 86' lang='lat' dir='ltr'><strong>at</strong></span> <span class='ocrx_word' id='word_1_73' title='bbox 273 1445 319 1506; x_wconf 91' lang='lat' dir='ltr'><strong>ita</strong></span> <span class='ocrx_word' id='word_1_74' title='bbox 331 1446 445 1517; x_wconf 86' lang='lat' dir='ltr'><strong>dicam,</strong></span> <span class='ocrx_word' id='word_1_75' title='bbox 464 1449 702 1510; x_wconf 80' lang='lat' dir='ltr'><strong>monasteriales</strong></span> <span class='ocrx_word' id='word_1_76' title='bbox 720 1454 821 1511; x_wconf 87' lang='lat' dir='ltr'><strong>erant.</strong></span> <span class='ocrx_word' id='word_1_77' title='bbox 836 1449 929 1512; x_wconf 86' lang='lat' dir='ltr'><strong>Ratio</strong></span> <span class='ocrx_word' id='word_1_78' title='bbox 950 1455 997 1511; x_wconf 90' lang='lat' dir='ltr'><strong>est</strong></span> <span class='ocrx_word' id='word_1_79' title='bbox 1011 1451 1099 1529; x_wconf 91' lang='lat' dir='ltr'><strong>quod</strong></span> <span class='ocrx_word' id='word_1_80' title='bbox 1112 1450 1147 1511; x_wconf 91' lang='lat' dir='ltr'><strong>in</strong></span> <span class='ocrx_word' id='word_1_81' title='bbox 1163 1451 1236 1511; x_wconf 89' lang='lat' dir='ltr'><strong>clero</strong></span> 
     </span>
    </p>

    <p class='ocr_par' dir='ltr' id='par_1_5' title="bbox 153 1535 1269 2313">
     <span class='ocr_line' id='line_1_14' title="bbox 153 1535 1269 1626; baseline 0.004 -21"><span class='ocrx_word' id='word_1_82' title='bbox 153 1623 155 1626; x_wconf 16' lang='grc' dir='ltr'>Ι</span> <span class='ocrx_word' id='word_1_83' title='bbox 224 1543 378 1619; x_wconf 74' lang='lat' dir='ltr'><strong>saeculari,</strong></span> <span class='ocrx_word' id='word_1_84' title='bbox 403 1562 497 1623; x_wconf 89' lang='lat' dir='ltr'><strong>quem</strong></span> <span class='ocrx_word' id='word_1_85' title='bbox 519 1541 621 1624; x_wconf 88' lang='lat' dir='ltr'><strong>magis</strong></span> <span class='ocrx_word' id='word_1_86' title='bbox 646 1545 829 1610; x_wconf 83' lang='lat' dir='ltr'><strong>immediate</strong></span> <span class='ocrx_word' id='word_1_87' title='bbox 854 1547 1000 1608; x_wconf 88' lang='lat' dir='ltr'><strong>fundavit</strong></span> <span class='ocrx_word' id='word_1_88' title='bbox 1025 1547 1235 1621; x_wconf 73' lang='lat' dir='ltr'><strong>Christusin</strong></span> <span class='ocrx_word' id='word_1_89' title='bbox 1268 1535 1269 1554; x_wconf 55' lang='lat'>¹</span> 
     </span>
     <span class='ocr_line' id='line_1_15' title="bbox 224 1641 1269 1726; baseline 0.004 -24"><span class='ocrx_word' id='word_1_90' title='bbox 224 1658 349 1703; x_wconf 83' lang='lat' dir='ltr'><strong>summo</strong></span> <span class='ocrx_word' id='word_1_91' title='bbox 367 1641 523 1704; x_wconf 88' lang='lat' dir='ltr'><strong>Pontilioe</strong></span> <span class='ocrx_word' id='word_1_92' title='bbox 545 1645 664 1706; x_wconf 89' lang='lat' dir='ltr'><strong>scilicet</strong></span> <span class='ocrx_word' id='word_1_93' title='bbox 687 1649 718 1707; x_wconf 91' lang='lat' dir='ltr'><strong>et</strong></span> <span class='ocrx_word' id='word_1_94' title='bbox 743 1645 777 1707; x_wconf 92' lang='lat' dir='ltr'><strong>in</strong></span> <span class='ocrx_word' id='word_1_95' title='bbox 798 1642 960 1726; x_wconf 81' lang='lat' dir='ltr'><strong>Episcopis</strong></span> <span class='ocrx_word' id='word_1_96' title='bbox 975 1645 1015 1706; x_wconf 91' lang='lat' dir='ltr'><strong>sit</strong></span> <span class='ocrx_word' id='word_1_97' title='bbox 1030 1645 1115 1708; x_wconf 89' lang='lat' dir='ltr'><strong>ratio</strong></span> <span class='ocrx_word' id='word_1_98' title='bbox 1143 1647 1236 1725; x_wconf 86' lang='lat' dir='ltr'><strong>prima</strong></span> <span class='ocrx_word' id='word_1_99' title='bbox 1268 1681 1269 1684; x_wconf 61' lang='lat'><em>=</em></span> 
     </span>
     <span class='ocr_line' id='line_1_16' title="bbox 225 1737 1233 1832; baseline 0.006 -34"><span class='ocrx_word' id='word_1_100' title='bbox 225 1737 317 1800; x_wconf 85' lang='lat' dir='ltr'><strong>radix</strong></span> <span class='ocrx_word' id='word_1_101' title='bbox 332 1743 362 1800; x_wconf 89' lang='lat' dir='ltr'><strong>el</strong></span> <span class='ocrx_word' id='word_1_102' title='bbox 379 1739 620 1803; x_wconf 80' lang='lat' dir='ltr'><strong>fundamentum</strong></span> <span class='ocrx_word' id='word_1_103' title='bbox 639 1742 838 1818; x_wconf 70' lang='lat' dir='ltr'><strong>hierarchia,</strong></span> <span class='ocrx_word' id='word_1_104' title='bbox 855 1744 939 1805; x_wconf 91' lang='lat' dir='ltr'><strong>unde</strong></span> <span class='ocrx_word' id='word_1_105' title='bbox 953 1743 1050 1832; x_wconf 91' lang='lat' dir='ltr'><strong>totius</strong></span> <span class='ocrx_word' id='word_1_106' title='bbox 1062 1744 1233 1824; x_wconf 83' lang='lat' dir='ltr'><strong>praeoeden,</strong></span> 
     </span>
     <span class='ocr_line' id='line_1_17' title="bbox 224 1835 1237 1922; baseline 0.003 -24"><span class='ocrx_word' id='word_1_107' title='bbox 224 1835 276 1903; x_wconf 82' lang='lat' dir='ltr'><strong>tia</strong></span> <span class='ocrx_word' id='word_1_108' title='bbox 285 1835 338 1916; x_wconf 88' lang='lat' dir='ltr'><strong>jus</strong></span> <span class='ocrx_word' id='word_1_109' title='bbox 352 1839 510 1916; x_wconf 83' lang='lat' dir='ltr'><strong>procedit3</strong></span> <span class='ocrx_word' id='word_1_110' title='bbox 526 1839 718 1921; x_wconf 88' lang='lat' dir='ltr'><strong>quicumque</strong></span> <span class='ocrx_word' id='word_1_111' title='bbox 731 1845 868 1904; x_wconf 80' lang='lat' dir='ltr'><strong>autema</strong></span> <span class='ocrx_word' id='word_1_112' title='bbox 886 1841 970 1904; x_wconf 89' lang='lat' dir='ltr'><strong>clero</strong></span> <span class='ocrx_word' id='word_1_113' title='bbox 983 1841 1188 1922; x_wconf 90' lang='lat' dir='ltr'><strong>participant,</strong></span> <span class='ocrx_word' id='word_1_114' title='bbox 1199 1842 1237 1900; x_wconf 91' lang='lat' dir='ltr'><strong>in·</strong></span> 
     </span>
     <span class='ocr_line' id='line_1_18' title="bbox 224 1929 1234 2018; baseline 0.002 -22"><span class='ocrx_word' id='word_1_115' title='bbox 224 1938 310 1996; x_wconf 87' lang='lat' dir='ltr'><strong>certo</strong></span> <span class='ocrx_word' id='word_1_116' title='bbox 327 1935 440 2013; x_wconf 87' lang='lat' dir='ltr'><strong>gradu,</strong></span> <span class='ocrx_word' id='word_1_117' title='bbox 459 1937 688 2017; x_wconf 85' lang='lat' dir='ltr'><strong>jurisdictionis</strong></span> <span class='ocrx_word' id='word_1_118' title='bbox 713 1933 745 2002; x_wconf 89' lang='lat' dir='ltr'><strong>S.</strong></span> <span class='ocrx_word' id='word_1_119' title='bbox 771 1929 934 2002; x_wconf 84' lang='lat' dir='ltr'><strong>Pontificis</strong></span> <span class='ocrx_word' id='word_1_120' title='bbox 949 1946 981 2001; x_wconf 88' lang='lat' dir='ltr'><strong>et</strong></span> <span class='ocrx_word' id='word_1_121' title='bbox 1000 1940 1234 2018; x_wconf 83' lang='lat' dir='ltr'><strong>Episcoporum,</strong></span> 
     </span>
     <span class='ocr_line' id='line_1_19' title="bbox 223 2032 1237 2116; baseline 0.002 -22"><span class='ocrx_word' id='word_1_122' title='bbox 223 2032 274 2094; x_wconf 89' lang='lat' dir='ltr'><strong>vel</strong></span> <span class='ocrx_word' id='word_1_123' title='bbox 294 2032 356 2094; x_wconf 90' lang='lat' dir='ltr'><strong>illis</strong></span> <span class='ocrx_word' id='word_1_124' title='bbox 377 2036 574 2096; x_wconf 79' lang='lat' dir='ltr'><strong>associantur</strong></span> <span class='ocrx_word' id='word_1_125' title='bbox 590 2037 622 2097; x_wconf 94' lang='lat' dir='ltr'><strong>in</strong></span> <span class='ocrx_word' id='word_1_126' title='bbox 637 2037 790 2116; x_wconf 88' lang='lat' dir='ltr'><strong>regimine</strong></span> <span class='ocrx_word' id='word_1_127' title='bbox 809 2037 957 2100; x_wconf 74' lang='lat' dir='ltr'><strong>Ecclesia</strong></span> <span class='ocrx_word' id='word_1_128' title='bbox 977 2039 1175 2110; x_wconf 88' lang='lat' dir='ltr'><strong>universalis,</strong></span> <span class='ocrx_word' id='word_1_129' title='bbox 1188 2042 1237 2097; x_wconf 92' lang='lat' dir='ltr'><strong>aut</strong></span> 
     </span>
     <span class='ocr_line' id='line_1_20' title="bbox 222 2123 1235 2216; baseline 0.001 -22"><span class='ocrx_word' id='word_1_130' title='bbox 222 2129 434 2194; x_wconf 81' lang='lat' dir='ltr'><strong>Ecclesiarum</strong></span> <span class='ocrx_word' id='word_1_131' title='bbox 450 2134 699 2213; x_wconf 79' lang='lat' dir='ltr'><strong>particularium,</strong></span> <span class='ocrx_word' id='word_1_132' title='bbox 718 2123 946 2197; x_wconf 57' lang='lat' dir='ltr'><strong>*consociantur</strong></span> <span class='ocrx_word' id='word_1_133' title='bbox 967 2135 1061 2198; x_wconf 89' lang='lat' dir='ltr'><strong>simul</strong></span> <span class='ocrx_word' id='word_1_134' title='bbox 1082 2153 1235 2216; x_wconf 84' lang='lat' dir='ltr'><strong>praeroga-</strong></span> 
     </span>
     <span class='ocr_line' id='line_1_21' title="bbox 222 2228 1173 2313; baseline 0.006 -23"><span class='ocrx_word' id='word_1_135' title='bbox 222 2228 294 2290; x_wconf 77' lang='lat' dir='ltr'><strong>uva</strong></span> <span class='ocrx_word' id='word_1_136' title='bbox 310 2230 520 2308; x_wconf 79' lang='lat' dir='ltr'><strong>praeccdendi,</strong></span> <span class='ocrx_word' id='word_1_137' title='bbox 536 2231 650 2293; x_wconf 93' lang='lat' dir='ltr'><strong>habita</strong></span> <span class='ocrx_word' id='word_1_138' title='bbox 662 2232 695 2292; x_wconf 91' lang='lat' dir='ltr'><strong>in</strong></span> <span class='ocrx_word' id='word_1_139' title='bbox 711 2231 843 2313; x_wconf 86' lang='lat' dir='ltr'><strong>singulis</strong></span> <span class='ocrx_word' id='word_1_140' title='bbox 857 2233 980 2296; x_wconf 88' lang='lat' dir='ltr'><strong>ratione</strong></span> <span class='ocrx_word' id='word_1_141' title='bbox 995 2234 1173 2313; x_wconf 84' lang='lat' dir='ltr'><strong>dignitatis.</strong></span> 
     </span>
    </p>

    <p class='ocr_par' dir='ltr' id='par_1_6' title="bbox 200 2319 1270 3194">
     <span class='ocr_line' id='line_1_22' title="bbox 282 2319 1235 2410; baseline 0.001 -22"><span class='ocrx_word' id='word_1_142' title='bbox 282 2327 492 2390; x_wconf 76' lang='lat' dir='ltr'><strong>intercutem</strong></span> <span class='ocrx_word' id='word_1_143' title='bbox 512 2319 675 2409; x_wconf 83' lang='lat' dir='ltr'><strong>regulares</strong></span> <span class='ocrx_word' id='word_1_144' title='bbox 693 2331 774 2392; x_wconf 87' lang='lat' dir='ltr'><strong>ratio</strong></span> <span class='ocrx_word' id='word_1_145' title='bbox 793 2331 930 2393; x_wconf 87' lang='lat' dir='ltr'><strong>habetur</strong></span> <span class='ocrx_word' id='word_1_146' title='bbox 953 2331 1046 2393; x_wconf 87' lang='lat' dir='ltr'><strong>simul</strong></span> <span class='ocrx_word' id='word_1_147' title='bbox 1067 2330 1198 2410; x_wconf 89' lang='lat' dir='ltr'><strong>originis</strong></span> <span class='ocrx_word' id='word_1_148' title='bbox 1209 2334 1235 2390; x_wconf 90' lang='lat' dir='ltr'><strong>et</strong></span> 
     </span>
     <span class='ocr_line' id='line_1_23' title="bbox 222 2421 1236 2510; baseline 0.004 -27"><span class='ocrx_word' id='word_1_149' title='bbox 222 2421 429 2499; x_wconf 82' lang='lat' dir='ltr'><strong>fundationis,</strong></span> <span class='ocrx_word' id='word_1_150' title='bbox 450 2445 514 2488; x_wconf 92' lang='lat' dir='ltr'><strong>non</strong></span> <span class='ocrx_word' id='word_1_151' title='bbox 536 2446 612 2490; x_wconf 91' lang='lat' dir='ltr'><strong>vero</strong></span> <span class='ocrx_word' id='word_1_152' title='bbox 633 2427 827 2490; x_wconf 83' lang='lat' dir='ltr'><strong>excellentiae</strong></span> <span class='ocrx_word' id='word_1_153' title='bbox 847 2429 1043 2508; x_wconf 79' lang='lat' dir='ltr'><strong>respectiva,</strong></span> <span class='ocrx_word' id='word_1_154' title='bbox 1059 2447 1116 2490; x_wconf 93' lang='lat' dir='ltr'><strong>seu</strong></span> <span class='ocrx_word' id='word_1_155' title='bbox 1127 2428 1236 2510; x_wconf 88' lang='lat' dir='ltr'><strong>periec-</strong></span> 
     </span>
     <span class='ocr_line' id='line_1_24' title="bbox 222 2520 1236 2606; baseline 0.004 -26"><span class='ocrx_word' id='word_1_156' title='bbox 222 2520 317 2582; x_wconf 92' lang='lat' dir='ltr'><strong>tionis</strong></span> <span class='ocrx_word' id='word_1_157' title='bbox 335 2524 529 2602; x_wconf 85' lang='lat' dir='ltr'><strong>regularum,</strong></span> <span class='ocrx_word' id='word_1_158' title='bbox 549 2544 588 2586; x_wconf 91' lang='lat' dir='ltr'><strong>ne</strong></span> <span class='ocrx_word' id='word_1_159' title='bbox 606 2525 679 2586; x_wconf 90' lang='lat' dir='ltr'><strong>lites</strong></span> <span class='ocrx_word' id='word_1_160' title='bbox 693 2545 730 2588; x_wconf 89' lang='lat' dir='ltr'><strong>ac</strong></span> <span class='ocrx_word' id='word_1_161' title='bbox 751 2526 938 2606; x_wconf 77' lang='lat' dir='ltr'><strong>periculosae</strong></span> <span class='ocrx_word' id='word_1_162' title='bbox 955 2527 1149 2606; x_wconf 72' lang='lat' dir='ltr'><strong>questiones</strong></span> <span class='ocrx_word' id='word_1_163' title='bbox 1163 2523 1236 2586; x_wconf 82' lang='lat' dir='ltr'><strong>eroi-</strong></span> 
     </span>
     <span class='ocr_line' id='line_1_25' title="bbox 222 2622 1270 2704; baseline 0.003 -24"><span class='ocrx_word' id='word_1_164' title='bbox 222 2622 342 2693; x_wconf 88' lang='lat' dir='ltr'><strong>tentur,</strong></span> <span class='ocrx_word' id='word_1_165' title='bbox 356 2637 425 2699; x_wconf 87' lang='lat' dir='ltr'><strong>quae</strong></span> <span class='ocrx_word' id='word_1_166' title='bbox 436 2641 546 2702; x_wconf 86' lang='lat' dir='ltr'><strong>pacem</strong></span> <span class='ocrx_word' id='word_1_167' title='bbox 559 2623 707 2684; x_wconf 90' lang='lat' dir='ltr'><strong>ordinum</strong></span> <span class='ocrx_word' id='word_1_168' title='bbox 721 2624 941 2704; x_wconf 87' lang='lat' dir='ltr'><strong>religiosorum</strong></span> <span class='ocrx_word' id='word_1_169' title='bbox 952 2625 1094 2700; x_wconf 89' lang='lat' dir='ltr'><strong>turbare,</strong></span> <span class='ocrx_word' id='word_1_170' title='bbox 1111 2631 1147 2686; x_wconf 90' lang='lat' dir='ltr'><strong>et</strong></span> <span class='ocrx_word' id='word_1_171' title='bbox 1156 2641 1235 2684; x_wconf 89' lang='lat' dir='ltr'><strong>scau·</strong></span> <span class='ocrx_word' id='word_1_172' title='bbox 1269 2639 1270 2694; x_wconf 64' lang='lat'>5</span> 
     </span>
     <span class='ocr_line' id='line_1_26' title="bbox 222 2713 1233 2806; baseline 0.005 -31"><span class='ocrx_word' id='word_1_173' title='bbox 222 2713 333 2776; x_wconf 89' lang='lat' dir='ltr'><strong>dalum</strong></span> <span class='ocrx_word' id='word_1_174' title='bbox 346 2720 464 2798; x_wconf 92' lang='lat' dir='ltr'><strong>populo</strong></span> <span class='ocrx_word' id='word_1_175' title='bbox 475 2738 626 2799; x_wconf 86' lang='lat' dir='ltr'><strong>generare</strong></span> <span class='ocrx_word' id='word_1_176' title='bbox 637 2725 776 2801; x_wconf 86' lang='lat' dir='ltr'><strong>possent.</strong></span> <span class='ocrx_word' id='word_1_177' title='bbox 793 2723 874 2784; x_wconf 90' lang='lat' dir='ltr'><strong>Hinc</strong></span> <span class='ocrx_word' id='word_1_178' title='bbox 888 2729 935 2784; x_wconf 91' lang='lat' dir='ltr'><strong>est</strong></span> <span class='ocrx_word' id='word_1_179' title='bbox 950 2724 1041 2806; x_wconf 93' lang='lat' dir='ltr'><strong>quod</strong></span> <span class='ocrx_word' id='word_1_180' title='bbox 1050 2725 1173 2796; x_wconf 87' lang='lat' dir='ltr'><strong>Romae,</strong></span> <span class='ocrx_word' id='word_1_181' title='bbox 1186 2719 1233 2781; x_wconf 91' lang='lat' dir='ltr'><strong>ubi</strong></span> 
     </span>
     <span class='ocr_line' id='line_1_27' title="bbox 223 2812 1234 2900; baseline 0.005 -27"><span class='ocrx_word' id='word_1_182' title='bbox 223 2812 264 2874; x_wconf 86' lang='lat' dir='ltr'><strong>ab</strong></span> <span class='ocrx_word' id='word_1_183' title='bbox 284 2815 414 2877; x_wconf 87' lang='lat' dir='ltr'><strong>exordio</strong></span> <span class='ocrx_word' id='word_1_184' title='bbox 435 2817 575 2900; x_wconf 89' lang='lat' dir='ltr'><strong>plerique</strong></span> <span class='ocrx_word' id='word_1_185' title='bbox 593 2818 720 2880; x_wconf 92' lang='lat' dir='ltr'><strong>ordines</strong></span> <span class='ocrx_word' id='word_1_186' title='bbox 741 2817 884 2882; x_wconf 89' lang='lat' dir='ltr'><strong>habuere</strong></span> <span class='ocrx_word' id='word_1_187' title='bbox 903 2820 1095 2882; x_wconf 88' lang='lat' dir='ltr'><strong>monasteria</strong></span> <span class='ocrx_word' id='word_1_188' title='bbox 1114 2839 1172 2882; x_wconf 88' lang='lat' dir='ltr'><strong>seu</strong></span> <span class='ocrx_word' id='word_1_189' title='bbox 1189 2819 1234 2879; x_wconf 84' lang='lat' dir='ltr'><strong>do</strong></span> 
     </span>
     <span class='ocr_line' id='line_1_28' title="bbox 221 2912 1234 2998; baseline 0.004 -26"><span class='ocrx_word' id='word_1_190' title='bbox 221 2929 302 2984; x_wconf 89' lang='lat' dir='ltr'><strong>mos,</strong></span> <span class='ocrx_word' id='word_1_191' title='bbox 323 2912 473 2976; x_wconf 88' lang='lat' dir='ltr'><strong>incedunt</strong></span> <span class='ocrx_word' id='word_1_192' title='bbox 491 2917 613 2977; x_wconf 90' lang='lat' dir='ltr'><strong>ratione</strong></span> <span class='ocrx_word' id='word_1_193' title='bbox 631 2917 773 2996; x_wconf 88' lang='lat' dir='ltr'><strong>originis,</strong></span> <span class='ocrx_word' id='word_1_194' title='bbox 790 2917 885 2979; x_wconf 90' lang='lat' dir='ltr'><strong>salvis</strong></span> <span class='ocrx_word' id='word_1_195' title='bbox 904 2919 1096 2998; x_wconf 90' lang='lat' dir='ltr'><strong>quibusdam</strong></span> <span class='ocrx_word' id='word_1_196' title='bbox 1118 2915 1234 2998; x_wconf 80' lang='lat' dir='ltr'><strong>privile</strong></span> 
     </span>
     <span class='ocr_line' id='line_1_29' title="bbox 200 3005 1236 3096; baseline 0.005 -27"><span class='ocrx_word' id='word_1_197' title='bbox 200 3014 202 3020; x_wconf 84' lang='grc'><em>’</em></span> <span class='ocrx_word' id='word_1_198' title='bbox 222 3005 282 3090; x_wconf 91' lang='lat' dir='ltr'><strong>giis</strong></span> <span class='ocrx_word' id='word_1_199' title='bbox 296 3011 483 3074; x_wconf 88' lang='lat' dir='ltr'><strong>auctoritate</strong></span> <span class='ocrx_word' id='word_1_200' title='bbox 501 3014 667 3094; x_wconf 85' lang='lat' dir='ltr'><strong>pontificia</strong></span> <span class='ocrx_word' id='word_1_201' title='bbox 683 3016 840 3078; x_wconf 87' lang='lat' dir='ltr'><strong>concessis</strong></span> <span class='ocrx_word' id='word_1_202' title='bbox 861 3032 870 3078; x_wconf 72' lang='grc' dir='ltr'><strong><em>ε</em></strong></span> <span class='ocrx_word' id='word_1_203' title='bbox 893 3015 1024 3088; x_wconf 82' lang='lat' dir='ltr'><strong>scilicet,</strong></span> <span class='ocrx_word' id='word_1_204' title='bbox 1044 3016 1170 3096; x_wconf 89' lang='lat' dir='ltr'><strong>antiqui</strong></span> <span class='ocrx_word' id='word_1_205' title='bbox 1193 3032 1236 3076; x_wconf 92' lang='lat' dir='ltr'><strong>or·</strong></span> 
     </span>
     <span class='ocr_line' id='line_1_30' title="bbox 223 3107 1232 3194; baseline -0.001 -23"><span class='ocrx_word' id='word_1_206' title='bbox 223 3107 313 3171; x_wconf 90' lang='lat' dir='ltr'><strong>dines</strong></span> <span class='ocrx_word' id='word_1_207' title='bbox 324 3111 528 3174; x_wconf 85' lang='lat' dir='ltr'><strong>monachales</strong></span> <span class='ocrx_word' id='word_1_208' title='bbox 541 3111 636 3192; x_wconf 91' lang='lat' dir='ltr'><strong>primi</strong></span> <span class='ocrx_word' id='word_1_209' title='bbox 650 3113 782 3174; x_wconf 91' lang='lat' dir='ltr'><strong>veniunt</strong></span> <span class='ocrx_word' id='word_1_210' title='bbox 791 3118 864 3194; x_wconf 87' lang='lat' dir='ltr'><strong>post</strong></span> <span class='ocrx_word' id='word_1_211' title='bbox 879 3115 1047 3176; x_wconf 91' lang='lat' dir='ltr'><strong>canonicos</strong></span> <span class='ocrx_word' id='word_1_212' title='bbox 1062 3120 1093 3175; x_wconf 87' lang='lat' dir='ltr'><strong>et</strong></span> <span class='ocrx_word' id='word_1_213' title='bbox 1110 3113 1232 3175; x_wconf 87' lang='lat' dir='ltr'><strong>clericos</strong></span> 
     </span>
    </p>

    <p class='ocr_par' dir='ltr' id='par_1_7' title="bbox 152 3203 1233 3487">
     <span class='ocr_line' id='line_1_31' title="bbox 152 3203 1232 3290; baseline -0.004 -18"><span class='ocrx_word' id='word_1_214' title='bbox 152 3267 155 3272; x_wconf 16' lang='grc' dir='ltr'><strong>Α</strong></span> <span class='ocrx_word' id='word_1_215' title='bbox 221 3203 403 3285; x_wconf 82' lang='lat' dir='ltr'><strong>saeculares;</strong></span> <span class='ocrx_word' id='word_1_216' title='bbox 438 3210 675 3290; x_wconf 90' lang='lat' dir='ltr'><strong>subsequuntur</strong></span> <span class='ocrx_word' id='word_1_217' title='bbox 699 3207 821 3274; x_wconf 60' lang='lat' dir='ltr'><strong>&#39;deinde</strong></span> <span class='ocrx_word' id='word_1_218' title='bbox 855 3211 981 3274; x_wconf 91' lang='lat' dir='ltr'><strong>ordines</strong></span> <span class='ocrx_word' id='word_1_219' title='bbox 1008 3211 1232 3282; x_wconf 88' lang='lat' dir='ltr'><strong>mend.icantes;</strong></span> 
     </span>
     <span class='ocr_line' id='line_1_32' title="bbox 222 3306 1233 3390; baseline -0.002 -23"><span class='ocrx_word' id='word_1_220' title='bbox 222 3311 333 3384; x_wconf 91' lang='lat' dir='ltr'><strong>postea</strong></span> <span class='ocrx_word' id='word_1_221' title='bbox 347 3306 453 3368; x_wconf 89' lang='lat' dir='ltr'><strong>clerici</strong></span> <span class='ocrx_word' id='word_1_222' title='bbox 463 3307 635 3386; x_wconf 83' lang='lat' dir='ltr'><strong>regulares,</strong></span> <span class='ocrx_word' id='word_1_223' title='bbox 649 3307 772 3371; x_wconf 89' lang='lat' dir='ltr'><strong>ratione</strong></span> <span class='ocrx_word' id='word_1_224' title='bbox 786 3310 918 3390; x_wconf 87' lang='lat' dir='ltr'><strong>originis</strong></span> <span class='ocrx_word' id='word_1_225' title='bbox 931 3310 1141 3388; x_wconf 88' lang='lat' dir='ltr'><strong>singulorum.</strong></span> <span class='ocrx_word' id='word_1_226' title='bbox 1157 3311 1233 3370; x_wconf 91' lang='lat' dir='ltr'><strong>Inter</strong></span> 
     </span>
     <span class='ocr_line' id='line_1_33' title="bbox 222 3401 1232 3487; baseline 0.002 -23"><span class='ocrx_word' id='word_1_227' title='bbox 222 3403 439 3466; x_wconf 88' lang='lat' dir='ltr'><strong>mendicantes</strong></span> <span class='ocrx_word' id='word_1_228' title='bbox 452 3404 559 3466; x_wconf 91' lang='lat' dir='ltr'><strong>locum</strong></span> <span class='ocrx_word' id='word_1_229' title='bbox 571 3401 844 3469; x_wconf 88' lang='lat' dir='ltr'><strong>honorabiliorem</strong></span> <span class='ocrx_word' id='word_1_230' title='bbox 859 3412 1016 3487; x_wconf 89' lang='lat' dir='ltr'><strong>occupant</strong></span> <span class='ocrx_word' id='word_1_231' title='bbox 1032 3409 1144 3469; x_wconf 82' lang='lat' dir='ltr'><strong>iratres</strong></span> <span class='ocrx_word' id='word_1_232' title='bbox 1157 3408 1232 3466; x_wconf 62' lang='lat' dir='ltr'><strong>Prae</strong></span> 
     </span>
    </p>
   </div>
   <div class='ocr_carea' id='block_1_3' title="bbox 181 3550 1232 3753">
    <p class='ocr_par' dir='ltr' id='par_1_8' title="bbox 181 3550 1232 3753">
     <span class='ocr_line' id='line_1_34' title="bbox 221 3550 1231 3620; baseline 0.009 -21"><span class='ocrx_word' id='word_1_233' title='bbox 221 3550 363 3612; x_wconf 79' lang='lat' dir='ltr'><strong>parochie,</strong></span> <span class='ocrx_word' id='word_1_234' title='bbox 384 3563 435 3602; x_wconf 89' lang='lat' dir='ltr'><strong>nec</strong></span> <span class='ocrx_word' id='word_1_235' title='bbox 458 3551 492 3602; x_wconf 87' lang='lat' dir='ltr'><strong>de</strong></span> <span class='ocrx_word' id='word_1_236' title='bbox 518 3552 643 3616; x_wconf 85' lang='lat' dir='ltr'><strong>operibus</strong></span> <span class='ocrx_word' id='word_1_237' title='bbox 670 3553 723 3617; x_wconf 88' lang='lat' dir='ltr'><strong>piis</strong></span> <span class='ocrx_word' id='word_1_238' title='bbox 748 3567 811 3618; x_wconf 76' lang='lat' dir='ltr'><strong>quas</strong></span> <span class='ocrx_word' id='word_1_239' title='bbox 833 3554 861 3604; x_wconf 89' lang='lat' dir='ltr'><strong>in</strong></span> <span class='ocrx_word' id='word_1_240' title='bbox 888 3555 1003 3620; x_wconf 87' lang='lat' dir='ltr'><strong>gratiam</strong></span> <span class='ocrx_word' id='word_1_241' title='bbox 1031 3550 1231 3618; x_wconf 78' lang='lat' dir='ltr'><strong>paupercuia.</strong></span> 
     </span>
     <span class='ocr_line' id='line_1_35' title="bbox 223 3623 1232 3693; baseline 0.003 -20"><span class='ocrx_word' id='word_1_242' title='bbox 223 3627 441 3678; x_wconf 83' lang='lat' dir='ltr'><strong>exercitationem</strong></span> <span class='ocrx_word' id='word_1_243' title='bbox 456 3626 505 3678; x_wconf 83' lang='lat' dir='ltr'><strong>zeli</strong></span> <span class='ocrx_word' id='word_1_244' title='bbox 521 3640 571 3691; x_wconf 87' lang='lat' dir='ltr'><strong>pro</strong></span> <span class='ocrx_word' id='word_1_245' title='bbox 583 3628 738 3691; x_wconf 78' lang='lat' dir='ltr'><strong>animabus,</strong></span> <span class='ocrx_word' id='word_1_246' title='bbox 759 3643 775 3680; x_wconf 87' lang='lat' dir='ltr'><strong>e</strong></span> <span class='ocrx_word' id='word_1_247' title='bbox 793 3629 915 3680; x_wconf 82' lang='lat' dir='ltr'><strong>Perocho</strong></span> <span class='ocrx_word' id='word_1_248' title='bbox 933 3629 1058 3680; x_wconf 85' lang='lat' dir='ltr'><strong>fidelihus</strong></span> <span class='ocrx_word' id='word_1_249' title='bbox 1075 3623 1232 3693; x_wconf 83' lang='lat' dir='ltr'><strong>parochianis</strong></span> 
     </span>
     <span class='ocr_line' id='line_1_36' title="bbox 181 3701 515 3753; baseline 0.015 -6"><span class='ocrx_word' id='word_1_250' title='bbox 181 3713 186 3720; x_wconf 93' lang='lat'>·</span> <span class='ocrx_word' id='word_1_251' title='bbox 225 3701 457 3753; x_wconf 79' lang='lat' dir='ltr'><strong>commendantur.</strong></span> <span class='ocrx_word' id='word_1_252' title='bbox 513 3701 515 3705; x_wconf 80' lang='grc'>’</span> 
     </span>
    </p>
   </div>
   <div class='ocr_carea' id='block_1_4' title="bbox 0 0 1298 4276">
    <p class='ocr_par' dir='ltr' id='par_1_9' title="bbox 0 0 1298 4276">
     <span class='ocr_line' id='line_1_37' title="bbox 0 0 1298 4276; baseline 0 1"><span class='ocrx_word' id='word_1_253' title='bbox 0 0 1298 4276; x_wconf 95' lang='lat' dir='ltr'><strong> </strong></span> 
     </span>
    </p>
   </div>
  </div>
 </body>
</html>
