2582 4278
183 263 252 310 Aur.
272 262 301 308 V.
321 261 399 308 tuna
418 258 629 307 ctrlrvionuu
650 261 688 307 ΕΤ
707 259 930 308 canonicorum.
1013 255 1064 311 {65
1088 239 1098 262 Χ

102 377 174 440 alr.
194 413 235 424 -
247 378 302 440 ΙΙΙο
316 375 455 451 Ocesr'nt
463 377 540 456 jura
549 375 675 456 capituli
688 375 791 457 quoad
801 395 888 438 suum
894 380 1057 460 proprium

53 474 208 558 regimen?
814 530 817 542 ,

101 574 231 635 Dictum
247 573 339 634 estin
355 571 621 653 praecedentibus,
637 571 812 650 capitulum
826 591 918 652 posse
932 573 992 634 sibi
1004 579 1065 636 sta·

50 678 112 733 tuta
125 673 219 748 darc,
236 689 306 751 quae
319 669 399 731 nihil
413 669 555 730 habeant
570 670 765 730 contrarium
777 670 951 750 discipline
965 689 1061 749 gene·

50 769 102 831 rali
115 768 337 843 Ecclesiae,vel
350 767 510 827 mandatis
522 763 681 846 Episcopi.

99 869 212 927 Potest
231 867 367 945 plectere
390 865 560 926 canonicos
586 868 831 944 transgressores
858 872 1061 943 statutorum,

49 963 218 1025 dummodo
233 981 328 1043 poena
344 980 408 1022 non
423 961 555 1022 excedet
568 961 685 1022 limites
700 963 915 1025 correctionis.
936 989 952 1022 «
967 966 1061 1045 Capi·

50 1088 62 1117 r
75 1061 188 1135 tulum,
203 1061 248 1121 eit
262 1060 404 1137 Pirhing,
417 1059 512 1120 etiam
531 1059 605 1119 sede
622 1057 729 1138 plena,
751 1065 854 1139 potest
879 1081 990 1141 poenas
1004 1064 1061 1123 im-

53 1182 65 1217 r
75 1177 193 1239 ponere
209 1157 494 1240 transgressoribus
501 1175 633 1218 suorum
647 1162 849 1218 statutorum.
869 1181 884 1215 n
901 1159 947 1239 (ln
961 1161 1010 1221 tit.
1022 1179 1061 1222 bs

49 1258 242 1318 llsroarrnrs
265 1273 303 1316 nr
327 1256 526 1331 Oenomaus,
550 1261 585 1314 ιιο
607 1253 673 1334 43.)
697 1255 868 1318 Excederet
890 1257 1006 1318 limites
1034 1259 1061 1321 si

50 1358 250 1434 praesumeret
263 1354 386 1434 privare
403 1353 571 1414 canonicos
585 1370 671 1414 voce·
683 1353 786 1415 activa
804 1353 837 1413 in
853 1355 1059 1416 conventibus

50 1452 284 1532 capitularibus
298 1456 351 1512 aut
371 1469 424 1512 eos
438 1449 600 1510 declarare
620 1449 778 1511 inhabiles
795 1451 836 1512 ad
856 1451 980 1526 officia3
1003 1454 1058 1516 sed

50 1550 121 1610 valet
133 1549 167 1609 in
188 1567 244 1611 eos
264 1548 516 1610 animadvertere
531 1547 652 1608 mulcta
667 1548 861 1626 pecuniaria,
883 1568 942 1629 pro
961 1550 1060 1630 negli-

51 1648 151 1726 gentiis
175 1653 274 1726 atque
296 1647 416 1708 levibus
440 1635 618 1707 excessibus
645 1664 715 1724 quae
740 1647 967 1723 commiserint,
993 1649 1057 1711 sive

52 1747 120 1806 intra
134 1745 201 1806 sive
217 1750 307 1806 extra
318 1744 495 1816 ecclesiam,
510 1743 543 1804 iu
553 1741 771 1804 functionibus
784 1749 891 1804 tamen
901 1745 1057 1807 clericali-

52 1845 99 1904 bus
109 1844 270 1923 inquibus
285 1841 458 1922 capitulum
473 1841 615 1921 procedit
629 1840 687 1900 sub
703 1855 765 1900 sua
778 1843 882 1903 cruce.
900 1843 1058 1906 Conditio·

55 1961 99 2002 nes
121 1959 214 2021 quas,
243 1959 302 2020 pro
327 1956 402 2000 casu
426 1939 557 1999 inllictae
584 1957 688 2018 poenae
706 1940 909 2018 pecuniaria,
937 1942 1055 2021 apponi

54 2039 178 2102 voluitS.
193 2037 416 2116 congregatio,
428 2041 519 2096 sunt:
534 2038 605 2097 l⁰ut
616 2037 735 2097 mulcta
746 2055 809 2098 non
823 2038 957 2099 excedat
970 2057 1054 2100 sum·

56 2155 124 2198 mam
132 2136 362 2198 consuetudine
373 2153 428 2195 seu
439 2133 563 2194 statutis
574 2134 878 2208 determinatam32⁰
887 2141 922 2196 ut
932 2155 1056 2199 summa

53 2253 103 2294 non
133 2235 228 2296 cedat
256 2233 289 2293 in
317 2233 459 2293 levorem
492 2231 728 2308 canonicorum,
762 2233 816 2292 sed
842 2233 990 2310 erogetur
1020 2235 1054 2294 in

54 2350 114 2392 usus
135 2333 226 2412 pios..
246 2329 430 2412 (Thesaurus
451 2328 689 2405 Resolueoncm,
712 2333 735 2389 t.
762 2329 827 2404 vll,
851 2348 934 2390 anno
960 2331 1050 2408 1735,

55 2448 114 2508 pag.
131 2431 218 2510 163.)
842 2510 844 2514 ι
989 2445 991 2452 “

100 2527 279 2608 Capitulum
296 2529 401 2606 potest
420 2525 536 2604 eligere
551 2531 583 2587 et
601 2542 750 2588 revocare
766 2523 929 2606 adjutores
950 2525 1050 2601 chori,

54 2631 194 2698 cantores,
215 2624 350 2686 bidellos
370 2627 401 2684 ct
420 2622 499 2684 alios
519 2623 740 2696 inservientes3
764 2627 868 2700 potest
887 2623 982 2684 etiam
998 2641 1052 2686 eos

54 2723 170 2799 punires
180 2727 369 2784 Reservatur
388 2727 495 2781 autem
515 2719 675 2799 *llrpiscopo
689 2721 823 2780 facultas
838 2720 966 2782 eosdem
979 2722 1050 2783 offl-

54 2819 131 2882 ciales
146 2826 177 2882 et
192 2820 397 2880 inservientes
408 2819 604 2893 removendi,
610 2817 699 2898 justa
711 2818 925 2880 intercedente
942 2838 1048 2881 causa.

99 2919 165 2980 llss.
183 2919 291 2980 -.IV⁰
304 2917 375 2992 Quae
389 2915 532 2996 rictjcra
547 2915 769 2996 dignitatumct
780 2915 1010 2978 canonicorum?

98 3017 119 3078 l.
133 3019 210 3080 Jura
220 3014 615 3095 dignitatumrespondant
625 3013 873 3092 obligationibus
883 3015 922 3076 de
935 3016 1050 3094 quibus

53 3114 339 3193 supradicebamus3
353 3111 427 3190 jura
445 3112 529 3173 euim
553 3116 585 3172 et
607 3112 819 3190 obligationes
843 3112 937 3172 simul
963 3112 1049 3173 ordi-
1140 3131 1142 3136 ·

54 3218 161 3288 rantur,
188 3211 222 3272 in
248 3210 393 3272 eumdem
423 3209 519 3270 finem
557 3209 748 3289 conspirant.
779 3211 852 3272 Hac
886 3209 1048 3288 speciatim

56 3310 197 3372 notanda:
679 3379 684 3390 ¹

99 3408 127 3467 l⁰
144 3408 252 3470 Prima
268 3406 405 3485 dignitas
423 3405 575 3486 praecedit
596 3423 705 3467 omnes
727 3403 906 3478 canonicos,
926 3407 994 3464 tum
1013 3404 1047 3466 in

55 3502 141 3583 choro,
156 3512 224 3574 tum
237 3506 270 3566 in
281 3509 364 3567 coetu
380 3503 562 3584 capitulari3
577 3503 678 3565 altera
689 3502 872 3564 immediate
883 3501 1046 3581 subsequi·

56 3605 100 3676 tur,
114 3609 144 3665 et
157 3605 199 3666 sic
215 3603 365 3682 deinceps
384 3603 423 3664 de
442 3602 573 3678 octaris,
590 3609 713 3664 serrato
731 3599 841 3665 ordine
858 3599 981 3670 statutis
995 3601 1046 3663 vel

56 3703 257 3764 consuetudine
273 3700 402 3781 capituli
413 3700 558 3782 praefixo.
