2588 4276
141 282 210 330 aar.
232 281 274 331 lV.
294 279 433 330 auersam
452 279 600 328 rlonhluil
622 279 653 327 lli
673 279 767 328 Sibil]
788 277 953 327 belloloco.
999 270 1051 326 245

39 418 135 478 cogo,
148 418 257 460 omnes
267 399 366 460 invito
381 399 421 460 ad
436 403 553 460 statum
568 399 787 478 perfectiorem
804 396 827 458 ¹.
843 396 992 458 Doctrina
1006 400 1052 457 ta-

39 517 114 558 men
131 497 400 571 communissima,
415 516 505 576 aqua
519 498 599 558 forte
613 516 677 558 non
687 495 873 556 dissentiunt
886 494 982 556 iidem
994 495 1055 575 ipsi

39 597 194 676 theologi,
207 597 234 656 si
248 597 329 657 bene
348 595 534 674 inspiciatur
553 595 680 656 illorum
695 611 795 668 mens,
811 597 858 654 est
871 593 1056 673 praerequiri

39 695 211 774 specialem
226 694 425 756 vocationem
441 693 576 773 Spiritus
589 693 708 755 Sancti.

100 794 149 856 Sit
163 793 261 870 igitur
271 791 452 872 proposito:
467 789 582 854 Divino
593 791 882 854 vocationeceerorio
893 797 977 852 astru
985 787 1038 871 qui

40 901 151 953 statam
163 890 335 971 religiosum
350 889 558 971 amplectatur.

99 990 197 1051 Proh.
211 990 241 1049 l⁰
251 991 298 1050 Ex
310 990 348 1050 iis
359 1007 429 1068 quae
442 989 645 1050 disseruimus
654 990 694 1050 de
706 988 871 1052 vocatione
880 989 922 1050 ad
933 993 1050 1050 statum

41 1088 219 1150 clericalem
241 1087 287 1168 (n0
320 1086 406 1167 3r6);
434 1087 544 1148 eadem
568 1088 652 1148 enim
671 1087 733 1148 dici
753 1087 849 1149 etiam
873 1087 989 1148 debent
1012 1086 1051 1147 de

42 1187 106 1248 vita
121 1186 281 1265 religiosa,
297 1185 409 1248 habita
422 1190 529 1248 tamen
549 1185 670 1248 ratione
685 1185 872 1247 discriminis
886 1185 1050 1264 utriusque

44 1289 150 1347 status.

100 1385 192 1446 Prob.
205 1387 239 1445 2⁰
254 1384 385 1446 Ratione
400 1384 538 1462 deducta
551 1403 590 1445 cx
603 1384 838 1463 dispensatione
851 1382 965 1444 divina
980 1399 1051 1461 pro·

45 1483 196 1544 videntia.
207 1482 357 1544 Dubitare
365 1482 412 1542 ias
422 1501 485 1544 non
496 1488 544 1542 est
553 1475 629 1562 quin
639 1467 837 1544 conservatio
850 1486 881 1542 ot
894 1481 1052 1559 profectus

46 1585 139 1642 status
153 1580 304 1658 religiosi,
322 1581 475 1641 maximas
496 1585 602 1660 partes
617 1581 756 1641 habeant
769 1580 803 1641 in
816 1577 1049 1659 supernaturali

46 1677 255 1757 providentia;
273 1677 531 1756 quandoquidem
545 1678 626 1738 nihil
639 1683 686 1738 cst
700 1679 797 1756 quod,
812 1682 884 1756 post
899 1676 1052 1738 constitu·

46 1783 109 1836 tam
121 1775 332 1838 hierarchiam
339 1775 459 1837 ordinis
468 1776 634 1852 clericalis,
644 1776 744 1854 magis
753 1777 869 1836 referat
881 1776 921 1836 ad
932 1776 1051 1835 bonum

47 1875 215 1936 universale
235 1873 393 1950 Ecclesia,
419 1876 459 1936 ad
481 1874 624 1935 fidelium
651 1892 850 1935 communem
870 1873 1053 1935 edificatio·

49 1991 124 2046 nem,
145 1973 185 2034 ad
217 1972 358 2052 plurium
388 1973 565 2034 animarum
595 1971 830 2051 perfectionem.
852 1971 950 2049 Atqui
969 1972 1052 2031 Deus

49 2072 183 2150 providet
211 2071 444 2133 conservationi
475 2075 570 2150 atque
596 2071 751 2151 profectui
785 2074 884 2130 status
912 2069 1052 2146 religiosi

49 2169 214 2248 praesertim
226 2169 401 2248 vocatione,
418 2169 564 2246 eligendo
572 2169 605 2229 in
614 2168 754 2229 Ecclesia
766 2187 846 2246 quos
856 2167 920 2228 suis
934 2184 1053 2246 pracor-

49 2267 252 2329 dinationibus
266 2267 335 2328 vult
347 2266 438 2328 donis
453 2266 745 2346 supernaturalibus
759 2265 792 2325 in
807 2266 859 2326 via
872 2264 1052 2344 perfectiori

50 2367 239 2428 constituere.
257 2366 373 2426 Omnes
388 2365 516 2446 quidem
532 2370 625 2427 vocat
640 2366 680 2426 ad
692 2363 928 2443 perfectionem,
945 2361 1053 2422 Estote

48 2464 165 2544 perfecti
182 2465 260 2525 sicut
276 2463 371 2526 Pater
391 2463 514 2526 cebetis
529 2463 680 2545 perfectus
695 2470 747 2536 est,
766 2466 922 2541 quatenus
943 2477 1053 2522 omnes

51 2563 183 2624 emulari
197 2563 314 2624 debent
342 2563 496 2644 proficere
520 2563 552 2622 in
573 2561 737 2623 charitatis
751 2559 901 2622 exercitio
916 2559 1053 2635 abnega·

51 2660 125 2721 tione
147 2662 209 2735 sui,
223 2661 374 2722 vitiorum
395 2660 651 2735 mortificatione,
667 2659 809 2720 animum
825 2657 1001 2718 amovendo
1013 2655 1053 2716 ab

50 2757 220 2821 inordinato
228 2765 541 2820 rernmtcrrenarum
552 2758 685 2833 affectu;
700 2757 827 2818 sednon
838 2773 947 2826 omnes
961 2759 1054 2815 vocat

51 2858 84 2917 ad
100 2858 289 2918 exteriorem
307 2857 517 2936 stabilemque
536 2855 780 2934 abnegationem
798 2853 970 2915 voluntatis
982 2870 1054 2932 pro·

51 2955 130 3033 pria,
144 2961 176 3016 et
191 2956 324 3017 dominii
339 2973 446 3018 rerum
470 2955 706 3034 temporalium,
723 2972 781 3032 per
798 2957 875 3014 vcta
892 2951 1056 3031 inquibus

51 3054 181 3115 consistit
209 3058 309 3115 status
336 3054 512 3133 religiosus.
535 3043 639 3114 'Multi¹
656 3071 749 3112 unum
771 3069 878 3131 eorpus
900 3069 1000 3112 sumus
1023 3051 1055 3110 in

53 3149 201 3215 Christo...
214 3153 424 3213 omnicoetum
434 3151 567 3214 membro
578 3149 785 3212 noacumdem
795 3159 894 3211 actum
905 3147 1054 3209 habeat...

55 3248 254 3332 Unusquisque
272 3251 431 3333 proprium
455 3249 565 3310 donum
588 3248 677 3310 tabet
692 3267 730 3309 cc
750 3247 833 3325 Deo;
848 3247 925 3308 nlius
938 3242 1056 3325 quedem

52 3350 96 3423 n'c,
115 3349 193 3410 nlius
209 3367 278 3410 cero
295 3349 338 3410 sic
352 3349 376 3409 ⁹.
394 3349 429 3409 ld
443 3348 551 3428 paucis
572 3348 681 3408 datum
703 3351 761 3420 est,
775 3344 895 3424 paucis,
912 3343 1055 3420 inquam,

1 3465 2 3482 ¹
53 3451 225 3526 comparate
255 3464 328 3508 cum
349 3446 470 3507 caeteris
491 3445 649 3516 fidelibus¹
662 3444 717 3524 qui
738 3457 939 3505 communem
960 3437 1058 3498 vitam

53 3550 229 3623 sequuntur.

1 3743 2 3764 ,
94 3707 113 3752 i.
130 3704 245 3764 hessius,
259 3705 291 3754 de
305 3697 381 3756 Statu
395 3707 454 3756 uita
467 3703 613 3768 deligendo,
628 3705 814 3765 quaest.1v,n0
828 3701 868 3748 27.

1 3809 2 3814 ,
95 3781 116 3827 2.
129 3779 216 3840 Rom„
229 3793 275 3841 xrr,
287 3783 336 3831 let
350 3785 374 3831 5.
385 3808 414 3818 -
429 3781 440 3828 Ι
458 3780 586 3838 Corinth,
600 3791 644 3838 vn,
658 3780 681 3826 7.

865 3875 904 3929 ll.
935 3951 939 3960 Ι
