2642 4268
156 267 161 276 '
237 285 289 338 ero
506 289 579 340 urus
598 287 642 338 ru.
664 289 721 339 nus
739 285 985 338 accurerrsrrcu.

543 501 559 576 ὅ
578 498 608 560 3,
625 497 671 560 De
684 495 937 559 Fundatiom'bus.

296 687 372 746 Tres
392 689 465 746 sunt
486 683 660 764 presertim
686 682 878 764 questiones
901 680 987 742 circa
1009 679 1216 742 fundationes
1240 697 1248 742 :

235 785 267 844 i·
287 782 363 864 quid
375 781 440 846 sint
452 782 655 846 fundationes
666 787 698 844 et
712 799 783 862 quae
798 779 918 859 regula
933 778 1052 840 servari
1064 778 1205 842 debeant
1217 778 1250 840 in

233 881 361 944 illarum
386 880 622 961 acceptatione;
646 883 680 944 2·
706 879 781 960 quid
806 878 982 946 cavendum
1005 881 1042 940 ut
1060 874 1250 956 obligationi

233 998 367 1042 oncrum
380 979 529 1055 satisssat;
546 980 577 1042 3·
592 997 633 1042 an
646 983 678 1042 et
692 997 755 1062 quo
765 977 839 1057 jure
851 975 998 1038 imminui
1012 975 1135 1057 possint
1149 994 1248 1038 onera

233 1077 467 1142 fundationum.
925 1125 927 1130 s
981 1135 985 1140 .

293 1177 386 1239 *589.
402 1211 442 1226 -
459 1179 486 1240 1⁰
503 1176 583 1254 Quid
599 1177 661 1240 εἰπέ
670 1173 883 1256 suadatioues;
897 1193 995 1258 aquo,
1008 1181 1036 1236 et
1050 1172 1159 1256 quidus
1175 1191 1249 1236 coo·

232 1275 406 1356 ditionibus,
421 1276 573 1358 acceptori
585 1273 734 1362 dedecet?

291 1369 483 1439 lluunduio
495 1380 543 1437 est
553 1375 716 1438 attributio
728 1375 805 1442 boni
814 1374 997 1455 temporalis
1008 1373 1093 1436 facte
1102 1372 1248 1434 instituto

232 1473 442 1538 ecclesiastico
456 1474 506 1537 vel
519 1474 669 1553 regulari,
682 1475 741 1537 sub
752 1474 933 1537 conditione
946 1472 1050 1554 operis
1061 1471 1245 1553 spiritualis,

186 1588 188 1592 ⁴
231 1573 263 1634 ln
278 1578 466 1653 perpetuum
480 1573 531 1635 vel
545 1573 578 1635 in
592 1573 777 1636 diuturnum
790 1577 915 1654 tempus
926 1571 1133 1652 praefinitum,
1146 1589 1247 1652 prees-

218 1671 329 1735 1tandi.
354 1672 618 1736 Euudationesin
636 1692 675 1736 eo
694 1672 735 1734 ab
752 1671 967 1734 oblationibus
987 1669 1141 1732 differunt
1161 1670 1249 1750 quod

230 1769 350 1833 oblatio
359 1771 418 1834 fiat
424 1771 589 1834 occasione
598 1771 757 1854 operis'ed
764 1789 914 1851 praeseus,
926 1773 983 1832 aut
993 1767 1155 1851 perbreve
1166 1774 1247 1830 tem-

173 1899 176 1906 ·
228 1887 299 1950 pus,
324 1871 512 1951 peragendi,
542 1876 620 1952 puta
642 1870 752 1934 Missas
772 1888 830 1952 per
856 1868 1093 1932 hebdomadam
1116 1868 1167 1932 vel
1191 1887 1249 1950 per

229 1987 348 2031 annum
364 1968 555 2033 celebrandi.
978 2023 981 2030 ⁴

287 2068 325 2130 11.
349 2068 562 2132 Fundationes
574 2068 732 2150 acceptari
744 2087 871 2134 neeesse
889 2074 937 2132 cst
949 2067 990 2132 ab
1009 2067 1240 2153 administrato-

229 2271 320 2329 actus
339 2267 424 2338 iuter
442 2268 541 2342 vivos,
559 2268 702 2330 revocari
717 2273 850 2349 possunt
868 2287 887 2330 a
908 2268 1063 2329 donatore
1078 2265 1160 2328 sicut
1174 2265 1244 2328 alim

140 2399 142 2404 ·
227 2366 358 2445 qumvis.
371 2366 569 2441 donationes,
591 2359 743 2448 quamdiu
766 2371 938 2447 acceptatae
959 2384 1024 2428 nou
1046 2366 1188 2440 fuerunt,
1212 2370 1242 2426 et

229 2464 449 2526 rescinduntur
465 2464 493 2524 si
511 2465 638 2527 interes
648 2465 926 2541 obieritdonatore
938 2469 1139 2545 quapropter
1153 2469 1242 2542 urget

228 2561 396 2624 necessitas
410 2562 595 2644 acceptaudi
609 2563 811 2626 fundationes
821 2583 917 2644 quam
929 2563 1069 2645 primum
1080 2563 1242 2625 moraliter

228 2659 430 2741 fieripotest.¹
618 2661 622 2668 ’

288 2760 483 2841 Superiores,
495 2781 551 2826 seu
562 2761 835 2826 administratores
849 2763 1096 2839 communitatis,
1111 2782 1181 2826 rem
1189 2763 1240 2826 de·

228 2858 310 2919 ferre
320 2858 438 2920 debent
448 2859 489 2920 ad
499 2859 701 2941 Episcopum,
714 2860 741 2922 si
752 2861 915 2940 agatur-de
925 2861 1070 2924 instituto
1083 2861 1243 2931 ecclesias·

228 2954 307 3031 tico;
326 2956 367 3017 ad
384 2957 557 3020 Praelatum
571 2956 763 3039 regularem,
780 2960 806 3020 si
824 2959 968 3024 fundatio
982 2959 1039 3022 flat
1056 2959 1091 3021 in
1106 2962 1241 3052 gratiam

228 3054 464 3118 communitatis
484 3055 650 3136 religiosae.
670 3060 785 3119 Rectus
802 3058 880 3123 ordo
898 3064 931 3120 et
944 3057 1063 3139 regulae
1081 3059 1240 3122 cenonicae

228 3157 336 3215 vetunt
349 3172 389 3216 ne
403 3153 603 3218 fundationes
622 3164 826 3236 acceptentur
840 3157 962 3237 absque
977 3157 1095 3237 praevio
1111 3177 1238 3220 assensu
1318 3181 1319 3246 3

227 3251 386 3333 Episcopi,
403 3271 458 3314 seu
470 3253 597 3316 Praelati
610 3254 751 3336 majoris,
764 3254 853 3334 cujus
866 3255 1003 3317 officium
1015 3260 1063 3316 est
1074 3255 1238 3336 invigilare
1318 3247 1319 3258 ’

228 3368 268 3412 ne
291 3352 534 3414 communitates
563 3358 733 3416 onerentur
759 3353 998 3417 fundationibus
1022 3355 1140 3435 quibus
1161 3357 1237 3417 forte

228 3448 408 3512 satisfacere
422 3469 485 3512 non
499 3454 657 3532 possent¹.

273 3633 299 3679 t.
315 3629 456 3682 Decretum
462 3631 542 3697 jussu
560 3633 657 3686 Urbani
671 3635 757 3687 Villa
774 3635 800 3686 S.
815 3591 1098 3700 Congregatsconcilu
1119 3635 1233 3700 promul·
1317 3679 1318 3682 ,

228 3703 411 3826 ςαῑιιωήοθαηι
426 3721 492 3772 sepe
512 3711 661 3776 condacum
676 3738 707 3749 -
728 3705 825 3763 Bened.
840 3711 905 3774 XIV,
923 3711 955 3762 de
974 3709 1089 3774 Synedo,
1105 3710 1154 3764 lib.
1169 3711 1234 3774 xut,

227 3791 312 3841 capu
338 3791 428 3830 rmum.
