2582 4278
319 263 386 312 ΛΒΤ.
407 262 443 315 11.
464 262 591 312 ubucrlo
611 263 834 312 demutanda.
1035 261 1084 316 127

126 380 198 446 389.
214 412 254 426 «-
265 380 320 445 lV·
335 379 463 455 Ouium
475 377 716 443 promediator
726 378 769 444 ud
781 379 944 462 dr’ooitotca
958 381 1087 463 capituli

70 477 150 540 etad
162 475 381 542 canonicatus?
506 491 510 498 ·

127 577 158 634 l⁰
177 575 274 638 Juxta
294 575 455 637 decretum
473 574 599 639 concilii
613 573 802 648 Tridentini,
821 594 933 638 omnes
953 575 1087 639 canobi-

70 672 383 736 catustEcclcsiarum
403 671 635 736 cathedralium
646 672 773 734 habere
792 672 910 737 dehent
927 693 1086 737 annexum

71 771 212 832 ordinem
224 770 424 850 presbyterii,
441 769 637 848 diaconatus,
655 771 706 831 vel
727 770 985 845 subdiaconatus,
1005 795 1020 828 n
1041 771 1087 833 ita

74 894 87 922 c
101 873 209 930 tamen
229 874 264 929 ut
288 867 418 930 dimidia
437 868 550 930 saltem
580 886 654 946 pars
679 864 856 948 presbyteri
883 869 956 943 sint,
982 869 1088 932 caetcri

76 983 174 1028 uvcro
190 965 316 1028 diaconi
333 971 388 1027 aut
410 965 615 1040 subdiaconi;
630 964 685 1026 ubi
703 983 779 1027 vero
797 967 992 1027 consuetudo
1014 966 1086 1028 lau-

73 1088 87 1119 «
99 1063 238 1124 debilior
251 1063 349 1124 habet
360 1068 396 1125 ut
418 1065 527 1143 plures
539 1063 590 1124 vel
606 1074 716 1124 omnes
736 1062 798 1134 sint
812 1064 1001 1143 presbyteri,
1017 1082 1086 1125 om·

70 1184 84 1216 «
99 1161 177 1222 nino
187 1161 384 1222 observetur.
398 1184 414 1216 o
432 1163 527 1241 (sess.
541 1177 626 1236 nuru,
639 1179 708 1240 cap.
722 1159 792 1240 un.)
802 1161 875 1222 llaec
889 1161 1085 1222 consuetudo

69 1259 154 1338 apud
163 1277 222 1320 nos
235 1259 436 1333 observatum
459 1258 666 1338 quamobrem
679 1257 851 1338 requiritur
869 1263 906 1319 ut
919 1275 1087 1320 assumen-

71 1357 127 1417 dus
141 1354 183 1418 sit
197 1356 374 1436 presbyter,
392 1361 448 1418 aut
462 1357 575 1418 sultam
596 1361 631 1418 ut
650 1356 871 1436 presbyteratu
884 1356 1027 1418 initietur
1038 1355 1086 1416 in-

73 1460 119 1514 tra
132 1472 265 1530 annum,
280 1471 300 1515 a
313 1453 367 1514 dic
382 1473 446 1516 suee
456 1452 677 1532 promotionis.
1086 1533 1088 1536 Ι

73 1587 86 1592 -κ
128 1554 165 1612 2⁰
179 1551 355 1612 Concilium
364 1549 485 1613 ibidem
496 1551 653 1626 hortatur,
664 1569 728 1612 non
740 1549 888 1630 injungit,
904 1573 920 1606 «
929 1551 1008 1611 utin
1018 1568 1090 1629 pro-

73 1668 90 1705 u
103 1648 214 1713 vinciis
229 1647 284 1710 ubi
294 1648 330 1708 id
343 1649 509 1713 commode
523 1649 595 1710 fieri
610 1653 727 1729 potest,
744 1648 914 1726 dignitates
928 1665 1038 1710 omncs
1058 1653 1090 1708 et

77 1759 91 1800 ιε’
103 1745 218 1814 saltem
240 1746 372 1808 dimidia
384 1765 459 1826 pers
482 1745 727 1808 canonicatuum
746 1745 779 1806 in
804 1744 1041 1808 cathedralibus
1058 1750 1090 1806 et

77 1843 280 1922 «collegiatis
289 1843 481 1924 insignibus,
498 1844 701 1906 conferantur
719 1848 845 1906 tantum
864 1842 1024 1921 magistris
1039 1843 1089 1902 vcl
1193 1869 1194 1872 ¹

77 1941 294 2016 «doctoribus,
318 1946 375 2004 aut
398 1940 497 2004 ctiam
516 1941 688 2004 licentiatis
706 1939 739 2002 in
760 1940 924 2018 theologia
946 1939 999 2002 vel
1016 1939 1091 2019 jure
1163 1951 1166 1960 ·
1285 1947 1286 1958 ’

74 2051 93 2096 'u
105 2039 273 2102 monito.
289 2063 306 2096 »
374 2055 379 2076 ¹

132 2137 163 2198 3ο
175 2137 366 2200 Benedictus
379 2138 449 2199 Xlll
465 2137 581 2198 indixit
597 2137 711 2230 litteris
723 2135 906 2216 apostolicis
918 2133 1090 2198 Pastoralis

72 2231 180 2314 offici,
196 2253 249 2296 an.
268 2237 357 2311 1725,
373 2235 415 2298 ad
429 2251 540 2298 omnes
556 2234 730 2314 Episcopos
747 2252 807 2313 per
820 2233 945 2295 ltaliam
958 2236 990 2294 ct
1000 2232 1090 2292 insu-

75 2331 125 2414 las,
133 2329 316 2411 adjacentes
328 2332 515 2395 constitutos
525 2332 665 2406 directis,
674 2339 710 2392 ut
719 2330 893 2411 praebenda
901 2328 1093 2406 theologalis

74 2433 104 2489 ct
116 2429 355 2509 poenitentiaria
366 2431 548 2492 conteratur
563 2429 687 2492 doctori
699 2429 732 2490 in
747 2447 836 2492 sacra
851 2425 1025 2504 theologia,
1039 2425 1091 2488 vel

74 2527 126 2604 qui
140 2513 226 2588 inira
246 2543 365 2589 annum
377 2527 520 2591 lauream
543 2527 740 2590 doctoralem
762 2525 797 2590 in
811 2526 922 2587 eadem
939 2523 1092 2586 facultate

5 2679 6 2686 ,
74 2625 235 2704 suscipiat,
252 2625 486 2704 etcaeteroquin
496 2625 597 2703 magis
608 2625 723 2688 idoneo
738 2624 770 2684 in
787 2641 942 2684 concursu
954 2621 996 2684 ah
1012 2639 1090 2684 sxa·

6 2791 7 2794 Ἴ
74 2722 490 2800 minatoribusrenuntiato,
502 2741 542 2784 eo
556 2723 730 2786 fercmodo
746 2739 809 2801 quo
822 2719 1024 2801 parochiales
1036 2721 1091 2780 Ec·

74 2819 175 2882 clcsice
186 2819 260 2899 jure
271 2821 434 2882 communi
448 2821 655 2888 conferuntur
671 2832 699 2893 ¹,
710 2822 746 2881 ln
760 2821 888 2894 decreto
907 2817 955 2878 Pii
967 2817 1017 2892 lll,
1035 2816 1091 2876 ubi

70 2918 202 2996 primum
219 2917 346 2998 placuit,
359 2937 410 2981 an.
424 2919 513 2992 1859,
526 2935 590 2998 quo
601 2915 920 2989 sedesllhedoncnsis
933 2915 975 2976 ad
989 2913 1093 2993 digni-

75 3019 172 3076 tatem
191 3017 277 3076 Eccl.
293 3015 545 3095 Metropolitanus
558 3021 663 3078 crecta
679 3020 736 3090 est,
754 3013 919 3076 diciturdc
932 3011 1099 3091 capitulo:

78 3115 191 3174 «Tum
216 3113 420 3192 parochialis,
444 3119 512 3175 tum
535 3112 738 3194 theologalis‚
763 3119 832 3174 tum
856 3107 1094 3190 poenitentiario

77 3233 91 3265 α
106 3212 287 3290 proehendrc
316 3230 373 3292 per
399 3227 586 3274 concursum
616 3211 710 3291 juxta
744 3229 906 3281 socrorum
934 3222 1093 3270 canonum

79 3331 93 3363 «
107 3310 305 3389 praescripta,
332 3315 425 3371 erunt
447 3311 656 3372 confercndae.
679 3333 695 3366 »
722 3309 839 3370 Eadem
862 3305 1046 3368 sanciuntur
1059 3304 1093 3364 in

77 3405 393 3488 litterisapostolicis
417 3407 574 3468 recentius
598 3406 679 3468 datis
692 3423 697 3464 .·
711 3424 768 3486 pro
798 3402 938 3485 capitulo
961 3401 1094 3480 insignis

5 3607 7 3644 t
124 3575 146 3621 l.
162 3572 240 3622 Bulla
247 3571 383 3623 Benedicti
397 3573 456 3622 Xlll
474 3586 507 3622 ex
521 3573 626 3636 integro
640 3571 740 3636 legitur
754 3569 826 3634 apud
843 3568 959 3618 Ferraria
974 3571 1025 3630 ,'r⁰
1043 3567 1093 3616 Co·

5 3647 6 3678 l
79 3647 219 3709 nutricatus,
233 3651 282 3698 art.
295 3661 330 3708 11,
343 3649 423 3697 mult.
441 3673 471 3684 —
481 3647 554 3696 Idem
568 3650 697 3697 statutum
713 3645 763 3696 luit
778 3659 827 3709 pro
842 3644 966 3696 Ecclesiis
979 3642 1094 3705 Angliae,

5 3839 7 3890 l

5 3891 7 3922 r

82 3720 109 3770 in
122 3723 235 3773 concilio
249 3722 406 3788 provinciali
419 3721 627 3774 westminsterii
641 3721 733 3772 habito
745 3734 790 3771 an.
806 3721 874 3770 1852.
