2588 4276
248 198 315 247 aar.
337 197 359 246 1.
380 197 469 247 orlac
488 197 625 248 oablnurl
646 196 879 248 RELIGIOSORUH·
1020 187 1088 244 Μ’

55 311 227 392 dicatores,
245 332 341 393 quem
355 313 450 376 ritum
464 312 609 376 nonnulli
623 314 677 376 SS.
695 312 876 400 Pontifices,
891 331 1014 392 proauo
1027 313 1072 374 al-

54 411 141 471 iectu
157 412 190 474 in
206 411 360 473 familiam
374 411 626 485 Dominicanam,
643 410 834 473 servandum
847 411 1027 472 indixerunt
1038 411 1072 472 iu

55 508 249 588 quibusdam
261 509 443 588 regionibus
456 509 490 570 in
505 509 623 589 quibus
637 514 731 582 motae
747 510 873 569 fuerant
889 512 1071 570 controver-

55 607 119 666 sioe.
136 607 185 667 Ita
201 608 311 668 statuit
325 607 468 668 Clemens
481 608 549 670 Vlll
564 626 622 686 pro
636 607 741 684 regnis
762 605 942 684 aragoniae,
963 605 1074 667 Valen-

57 704 110 766 tiae
126 710 160 766 et
174 705 357 766 Gataloniee.
374 704 471 786 (Inter
485 715 604 782 caetero,
622 724 673 768 an.
691 703 795 786 1592.)

115 803 264 882 Exceptis
272 803 484 882 peculiaribus
494 801 678 883 privilegiis,
691 803 730 864 de
739 803 853 882 quibus
862 801 942 863 nibil
951 801 984 864 in
993 819 1073 883 prae·
1087 811 1089 824 ’

56 899 137 960 senti
153 900 333 968 dicendum,
346 901 396 961 lex
408 899 565 980 generalis
577 906 671 962 estut
686 900 843 961 habeatur
857 900 938 962 ratio
953 918 1073 980 posses-

56 997 154 1059 sionis
175 1003 208 1058 et
222 997 468 1060 consuetudinis.
485 998 687 1071 Declaratum
704 999 796 1059 luit'a
812 999 927 1060 Sancta
939 1000 1073 1083 Congre-

58 1095 185 1174 gatione
224 1097 364 1170 Rituum,
397 1114 434 1158 ac
466 1097 591 1158 decreto
620 1095 762 1174 Gregorii
788 1093 867 1171 Xlll,
900 1115 952 1158 an.
981 1095 1070 1173 1582,

58 1192 224 1267 sancitum,
241 1199 276 1254 ut
284 1193 367 1254 inter
380 1193 507 1254 ordines
523 1194 750 1268 mendicantes,
775 1215 789 1250 o
804 1192 858 1272 qui
872 1193 989 1253 suntin
1002 1209 1073 1272 pos·

61 1313 75 1343 u
94 1290 234 1351 sessione
250 1291 480 1370 praescientia,
497 1291 694 1370 praecedant;
707 1297 738 1352 et
752 1291 807 1351 ubi
822 1309 885 1352 non
897 1295 1018 1352 constat
1033 1288 1071 1350 de
1091 1302 1093 1308 ’

64 1407 77 1444 u
95 1389 307 1466 possessione,
323 1389 506 1468 praecedant
520 1390 575 1468 qui
587 1389 782 1468 antiquiores
793 1387 905 1449 suntin
916 1388 985 1449 loco
1001 1404 1072 1448 cou-

61 1486 270 1546 «troversia.
291 1509 306 1542 »
331 1487 364 1548 ld
384 1493 458 1548 est:
480 1482 596 1547 Sinon
620 1492 741 1548 constet
758 1487 797 1547 de
816 1485 1023 1566 possessione,
1041 1488 1074 1544 et

61 1582 224 1660 contigerit
249 1602 331 1645 nova
354 1583 547 1646 monasteria
574 1591 630 1645 aut
653 1585 764 1646 domos
792 1583 925 1662 alicujus
954 1581 1073 1643 ordinis

60 1679 184 1741 fundari
203 1680 234 1740 in
259 1680 329 1743 loco
344 1681 376 1742 in
403 1700 466 1762 quo
484 1681 613 1742 alterius
632 1681 750 1742 ordinis
774 1681 862 1761 prius
883 1677 1074 1742 monasteria

61 1783 162 1840 erecta
185 1785 270 1852 sunt,
298 1781 382 1842 Ordo
412 1780 466 1859 qui
493 1769 580 1860 prius
607 1779 833 1840 monasterium
862 1789 917 1839 seu
942 1777 1072 1838 domum

60 1875 229 1938 incodem
257 1877 327 1938 loco
353 1877 477 1952 habuit,
511 1875 672 1957 praecedit.
703 1879 757 1937 Est
785 1875 888 1956 prima
913 1881 944 1936 et
976 1893 1072 1953 gene·
1113 1900 1116 1908 ¹

62 1975 154 2036 ralior
181 1975 293 2053 regula
322 1992 330 2035 ε
358 1975 459 2037 altera
488 1993 504 2036 e
537 1975 764 2036 consuetudine
794 1975 930 2034 ducitur.
967 1971 1073 2034 Sicubi

62 2071 220 2133 inductum
247 2073 287 2132 sit
317 2073 615 2153 praescriptioneque
646 2073 818 2146 firmatum,
845 2076 880 2132 ut
913 2071 994 2131 ratio
1018 2071 1091 2131 has

62 2169 167 2230 beatur
187 2169 318 2248 originis
336 2169 509 2248 religionis,
540 2189 604 2232 non
625 2190 700 2232 vero
725 2169 917 2232 fundationis
944 2169 1093 2229 monas·'

62 2268 137 2339 terii,
163 2268 214 2329 vel
239 2268 333 2328 etiam
356 2274 390 2330 ut
405 2267 477 2329 talis
495 2267 583 2344 ordo,
599 2269 653 2349 qui
668 2287 724 2330 nec
740 2269 860 2348 origine
882 2285 940 2328 nec
958 2265 1073 2326 funda·

63 2364 142 2426 tione
157 2365 272 2426 domus
291 2367 451 2448 antiquior
472 2372 530 2440 est,
551 2367 671 2448 caeteris
688 2365 860 2446 praecedat,
877 2362 1071 2426 consuetudo

63 2462 282 2524 servandaest.

115 2559 1059 2644 Statutasrcgulasgeneralesadomnesaequeblendioantes

63 2675 96 2718 ne
108 2659 250 2739 exceptis
265 2660 393 2740 quidem
409 2661 557 2721 iratribus
577 2659 851 2735 Praedicatoribus,
869 2661 901 2719 et
923 2657 963 2718 ad
985 2644 1070 2737 ipsos

62 2755 182 2832 ordines
197 2757 402 2820 monachales
422 2758 549 2820 extendi
569 2757 766 2818 arbitrantur
780 2743 952 2818 canonistas
968 2755 1071 2833 grads

62 2851 221 2932 ponderis;
236 2862 267 2917 et
282 2857 420 2936 probant
433 2854 577 2916 adductis
597 2854 862 2916 declarationibus
881 2857 914 2916 S.
932 2853 1072 2930 Gangre-

63 2951 195 3028 gationis
211 2955 439 3034 Episcoporum
457 2959 488 3014 et
506 2949 710 3031 Regularium
728 2951 862 3032 negotiis
879 2949 1069 3032 prepositae,

64 3064 128 3128 quae
148 3069 258 3112 omnes
275 3051 464 3132 quaestiones
485 3057 588 3114 motas
610 3050 648 3111 de
661 3049 883 3130 praecedentia,
912 3046 1069 3109 resolvere

65 3149 221 3225 consuevit
233 3149 273 3208 ad
289 3147 508 3230 prescriptum
523 3149 590 3210 Xlll
606 3151 630 3209 ¹.

116 3245 238 3306 lisdem
248 3247 359 3326 regula
372 3245 593 3326 praecedentiae
608 3250 751 3308 servatur
763 3243 848 3306 inter
860 3243 1071 3304 fraternitates

67 3342 298 3418 tertiariorum,
313 3364 384 3425 quae
399 3344 608 3425 veniuntpost
623 3343 884 3422 congregationes
897 3341 1070 3417 religiosas,

67 3444 93 3500 et
109 3443 301 3504 antecedunt
316 3442 530 3504 fraternitates
546 3443 713 3516 laicorum,
729 3441 811 3502 siout
830 3456 905 3500 mou
927 3442 1085 3498 notatum*

68 3535 129 3601 tuit.
561 3555 562 3560 Ν
1068 3523 1071 3530 ’

98 3674 130 3724 'l.
138 3671 174 3724 Gt.
184 3673 335 3739 Pignatelli,
345 3673 555 3728 Consultoltones
566 3673 704 3738 canonico,
712 3676 777 3725 tom.
786 3672 806 3734 1,
819 3655 935 3722 Gemuit.
949 3683 1051 3724 cxxxvi.

886 3772 930 3829 ll.
