2604 4274
83 198 154 245 1111.
174 197 221 245 111.
238 197 426 253 111111611οΝ118
442 197 580 246 reomaus
595 197 633 244 BE
648 196 848 244 abdirahman
864 197 983 246 orrlcll.
1022 190 1071 244 421

55 319 215 388 mentum,
229 313 277 374 vel
290 331 364 386 non,
380 319 535 374 canantur
547 311 699 386 carmina,
710 313 918 377 aliaveverba
930 317 1074 376 materno

52 403 221 472 idiomata.
236 409 286 490 (11
298 416 391 472 mart.
403 409 632 491 l867.)Eadem
645 416 752 472 tamen
762 411 971 488 congregatio
982 401 1076 472 ihter-

53 513 174 588 rogata
204 526 287 569 anno
300 543 303 554 =
317 508 394 590 1867
413 509 454 570 ab
473 507 627 588 Episcopo
647 508 798 587 Hispane,
820 526 861 569 an
880 509 1074 571 consuetudo

52 624 130 686 quae
154 605 189 666 in
205 606 304 685 ipsius
321 606 449 668 dioeeesi
473 605 608 668 invaluit
626 606 760 692 canendi
786 607 909 685 vulgari
925 607 1075 670 idiomate

54 703 203 764 carmina
213 721 321 765 coram
336 704 479 784 exposito
494 705 549 767 SS.
568 705 785 780 Sacramento,
803 709 858 765 aut
873 705 906 765 in
921 703 989 784 ejus
1001 725 1075 785 pro·

28 877 32 880 ι
54 801 265 878 cessionibus,
280 803 409 886 tolerari
422 803 531 882 possit,
544 803 594 863 vel
608 803 712 882 potius
725 802 887 863 evellenda
902 803 951 880 sit,
970 820 1077 883 quam·

54 918 158 978 quam
178 905 379 962 moestaretur
398 900 546 979 populus,
568 899 756 979 respondit:
778 898 901 962 Attente
922 910 1076 962 consuetu

53 995 126 1058 dine
155 997 285 1059 tolerari
299 1016 392 1078 posse.
420 997 488 1078 (Die
513 1000 554 1058 11
574 1003 654 1076 sept.
678 997 783 1078 1867.)
805 998 866 1060 Ubi
887 997 994 1077 praxis
1019 997 1076 1060 illa

56 1095 216 1156 toleratur
229 1096 270 1156 ob
284 1100 424 1161 veterem
439 1100 471 1155 et
483 1094 623 1155 moribus
646 1094 810 1156 firmatum
831 1113 933 1168 usum,
956 1111 1076 1173 praeca·

54 1193 201 1254 vrendum
230 1199 276 1254 est
299 1211 340 1254 ne
363 1193 426 1253 aha
452 1193 550 1254 verba
577 1197 734 1254 canantur
753 1210 849 1271 quam
867 1211 939 1272 quae
961 1193 1077 1254 tuerint

56 1291 240 1369 approbata
252 1291 292 1350 ab
312 1290 485 1370 Episcopo:
506 1296 537 1352 et
551 1291 626 1351 item
642 1295 678 1351 ut
691 1290 739 1350 illi
758 1295 949 1352 cantus-non
965 1291 1077 1352 fianta

56 1389 160 1450 choro
174 1389 250 1448 dum
260 1389 422 1452 nonnullae
435 1407 533 1451 sacrae
546 1389 724 1450 functiones
737 1408 756 1450 a
770 1388 855 1450 clero
866 1395 1074 1469 peraguntur,

56 1487 115 1547 sed
130 1506 151 1548 a
161 1486 281 1566 populo
298 1489 322 1550 ¹.
1050 1551 1052 1556 ,

119 1585 193 1644 515.
204 1585 285 1646 -11.
303 1582 657 1658 Qursmodussercandus
668 1586 748 1645 sitia
759 1583 1073 1667 coatudr'cr'niosfieir.

119 1681 346 1742 christifideles
365 1682 406 1742 ab
425 1681 584 1761 Apostolis
603 1683 766 1744 informati
779 1689 853 1744 sunt
867 1703 926 1743 usu
943 1685 1077 1745 canendi

58 1780 241 1858 psalmoset
251 1778 387 1858 hymnos
397 1780 547 1855 Domin03
562 1781 646 1840 unde
657 1785 783 1842 sanctus
798 1781 916 1842 Paulus
925 1781 965 1842 ad
976 1782 1078 1861 Ephe-

58 1879 121 1938 sios
132 1877 285 1951 scribena
300 1896 353 1938 eos
368 1877 518 1939 admonet
532 1883 567 1938 ut
585 1878 704 1955 gratias
717 1881 781 1940 Deo
795 1886 892 1957 agant
903 1880 936 1939 in
951 1879 1077 1958 hymnis

58 1982 92 2036 et
105 1974 239 2064 canticis
263 1993 270 2036 :
292 1996 307 2032 c
318 1974 502 2054 lmplernini
518 1975 638 2054 Spiritu
653 1983 774 2052 sancto,
789 1976 954 2056 loquentes
970 1977 1076 2038 vobis-

62 2100 76 2129 «
99 2073 244 2152 metipsis
255 2072 289 2132 in
304 2073 445 2152 psalmis,
460 2079 492 2135 et
504 2072 642 2154 hymnis,
661 2079 692 2134 et
703 2073 833 2135 canticis
848 2074 1075 2152 spiritualibus

60 2196 76 2226 a
100 2176 267 2232 cantantes
288 2176 319 2231 et
337 2171 508 2251 psallentes
528 2171 562 2232 in
583 2171 731 2233 cordibus
760 2172 873 2236 vestris
891 2173 1036 2232 Domino.
1059 2196 1075 2229 »

60 2269 119 2349 (Ad
134 2269 231 2348 Eph.‚
249 2288 319 2349 cap.
336 2289 365 2330 v.
380 2271 428 2346 18,
444 2270 507 2350 19.)
522 2269 662 2331 Canendi
678 2269 759 2330 ratio
773 2269 860 2330 varia
870 2271 930 2329 luit
942 2287 999 2348 pro
1010 2288 1078 2330 ora·

59 2369 186 2429 tionum
209 2367 401 2429 diversitate.
429 2367 609 2446 Aliquando
631 2368 733 2427 clerus
756 2385 828 2428 cum
846 2367 964 2446 populo
984 2366 1078 2427 simul

61 2466 208 2541 canebat,
221 2465 350 2525 unicum
365 2465 500 2524 chorum
517 2463 667 2538 efficiens,
685 2465 744 2524 sub
765 2464 980 2525 moderamine
1001 2484 1076 2526 can-

59 2573 167 2624 torum
184 2563 238 2641 qui
249 2562 411 2642 psalmistae
427 2561 614 2622 dicebantur
630 2563 714 2622 etad
728 2563 860 2623 chorum
876 2562 1077 2642 dirigendum

58 2660 198 2721 instituti
209 2660 344 2720 fuerant.
356 2659 550 2732 Quibusdam
563 2666 669 2720 tamen
684 2660 717 2719 in
729 2660 885 2728 Ecclesiis‚
899 2679 971 2722 cum
979 2680 1079 2740 popu·

60 2761 236 2828 lusvocum
247 2756 471 2837 inaequalitate,
488 2763 583 2836 atquc
597 2758 908 2836 cantusignorantia‚
923 2759 1078 2820 conlusio-

61 2877 134 2918 nem
148 2860 289 2936 pareret,
304 2859 414 2916 cantus
438 2855 663 2916 eiinterdietus
690 2861 746 2932 est,
766 2856 888 2936 solique
915 2855 1019 2917 clerici
1045 2856 1078 2916 id

59 2956 202 3018 muneris
228 2954 288 3015 sibi
313 2959 560 3033 assumpserunt.
581 2955 760 3035 Aliquando
780 2955 901 3016 Psalmi
926 2961 958 3016 et
985 2955 1076 3016 Anti·

61 3056 177 3134 phonae
193 3053 322 3114 alternis
335 3053 440 3114 choris
453 3053 672 3114 cantabantur.
681 3053 728 3133 (ιιο
743 3054 826 3134 528.)
837 3055 913 3114 Erat
926 3058 1078 3132 praeterea

61 3151 282 3231 responsorius
301 3156 425 3225 cautus,
447 3150 575 3230 quando
598 3150 716 3210 scilicet
734 3169 799 3210 uno
818 3156 951 3211 canente
964 3152 1079 3212 chorus

59 3249 267 3311 consonando
299 3248 520 3328 respondebat.
544 3249 678 3308 Domum
705 3247 831 3308 Tractus
853 3248 1027 3321 dicebatur,
1053 3249 1079 3308 si

60 3347 217 3427 psalmus,
241 3346 342 3407 aliave
364 3347 476 3421 oratic,
502 3351 657 3426 perpetuo
681 3345 819 3425 quodam
846 3351 960 3421 tractu,
991 3345 1080 3406 nulla

61 3464 153 3507 mora
168 3444 219 3505 vel
231 3443 436 3524 responsione
450 3443 647 3524 interposita,
664 3443 856 3505 recitabatur
871 3444 896 3506 ².

109 3583 132 3628 1.
157 3576 195 3628 Cl.
207 3577 460 3628 Revuedesseiences
470 3575 681 3643 ecclesiasticum,
691 3586 721 3627 n⁰
731 3579 785 3639 166,
795 3579 908 3640 611813,
922 3592 948 3641 p.
964 3579 1074 3631 lot-tet.
1157 3635 1160 3640 ,

108 3674 133 3722 2.
153 3671 285 3734 Azevedo,
301 3671 508 3722 Enercitctiones
525 3670 662 3736 titurqtca,
674 3685 760 3722 exerc.
776 3686 804 3723 u.

903 3780 938 3836 24
