<?xml version="1.0" encoding="UTF-8"?>
<!DOCTYPE html PUBLIC "-//W3C//DTD XHTML 1.0 Transitional//EN"
    "http://www.w3.org/TR/xhtml1/DTD/xhtml1-transitional.dtd">
<html xmlns="http://www.w3.org/1999/xhtml" xml:lang="en" lang="en">
 <head>
  <title>
</title>
<meta http-equiv="Content-Type" content="text/html;charset=utf-8" />
  <meta name='ocr-system' content='tesseract 3.04.00' />
  <meta name='ocr-capabilities' content='ocr_page ocr_carea ocr_par ocr_line ocrx_word'/>
</head>
<body>
  <div class='ocr_page' id='page_1' title='image "./praelectionesju00murrgoog_0336.png"; bbox 0 0 2568 4272; ppageno 0'>
   <div class='ocr_carea' id='block_1_1' title="bbox 111 248 1030 306">
    <p class='ocr_par' dir='ltr' id='par_1_1' title="bbox 111 248 1030 306">
     <span class='ocr_line' id='line_1_1' title="bbox 111 248 1030 306; baseline 0 -4"><span class='ocrx_word' id='word_1_1' title='bbox 111 255 176 303; x_wconf 77' lang='lat' dir='ltr'><strong>Aur.</strong></span> <span class='ocrx_word' id='word_1_2' title='bbox 197 255 252 302; x_wconf 87' lang='lat' dir='ltr'><strong>v11.</strong></span> <span class='ocrx_word' id='word_1_3' title='bbox 274 254 459 306; x_wconf 68' lang='lat' dir='ltr'><strong>auctoritas</strong></span> <span class='ocrx_word' id='word_1_4' title='bbox 479 255 684 306; x_wconf 69' lang='lat' dir='ltr'><strong>uertebrarum</strong></span> <span class='ocrx_word' id='word_1_5' title='bbox 704 255 736 304; x_wconf 82' lang='lat' dir='ltr'><strong>lli</strong></span> <span class='ocrx_word' id='word_1_6' title='bbox 755 255 940 306; x_wconf 71' lang='lat' dir='ltr'><strong>asculanus·</strong></span> <span class='ocrx_word' id='word_1_7' title='bbox 978 248 1030 303; x_wconf 80' lang='grc'><strong>323</strong></span> 
     </span>
    </p>
   </div>
   <div class='ocr_carea' id='block_1_2' title="bbox 26 371 1095 3817">
    <p class='ocr_par' dir='ltr' id='par_1_2' title="bbox 26 371 1038 1453">
     <span class='ocr_line' id='line_1_2' title="bbox 27 371 1033 454; baseline 0.006 -28"><span class='ocrx_word' id='word_1_8' title='bbox 27 397 40 426; x_wconf 71' lang='lat' dir='ltr'><strong>a</strong></span> <span class='ocrx_word' id='word_1_9' title='bbox 61 371 170 448; x_wconf 86' lang='lat' dir='ltr'><strong>sarius,</strong></span> <span class='ocrx_word' id='word_1_10' title='bbox 190 372 284 434; x_wconf 88' lang='lat' dir='ltr'><strong>etiam</strong></span> <span class='ocrx_word' id='word_1_11' title='bbox 302 373 474 454; x_wconf 76' lang='lat' dir='ltr'><strong>regulares,</strong></span> <span class='ocrx_word' id='word_1_12' title='bbox 494 391 574 454; x_wconf 81' lang='lat' dir='ltr'><strong>quos</strong></span> <span class='ocrx_word' id='word_1_13' title='bbox 590 373 704 436; x_wconf 85' lang='lat' dir='ltr'><strong>viderit</strong></span> <span class='ocrx_word' id='word_1_14' title='bbox 719 374 753 436; x_wconf 93' lang='lat' dir='ltr'><strong>in</strong></span> <span class='ocrx_word' id='word_1_15' title='bbox 769 393 808 437; x_wconf 92' lang='lat' dir='ltr'><strong>eo</strong></span> <span class='ocrx_word' id='word_1_16' title='bbox 822 391 954 436; x_wconf 88' lang='lat' dir='ltr'><strong>munere</strong></span> <span class='ocrx_word' id='word_1_17' title='bbox 968 391 1033 434; x_wconf 91' lang='lat' dir='ltr'><strong>non</strong></span> 
     </span>
     <span class='ocr_line' id='line_1_3' title="bbox 26 470 1031 554; baseline 0.008 -28"><span class='ocrx_word' id='word_1_18' title='bbox 26 494 40 526; x_wconf 74' lang='lat' dir='ltr'><strong>e</strong></span> <span class='ocrx_word' id='word_1_19' title='bbox 60 470 105 532; x_wconf 89' lang='lat' dir='ltr'><strong>ita</strong></span> <span class='ocrx_word' id='word_1_20' title='bbox 119 470 389 552; x_wconf 71' lang='lat' dir='ltr'><strong>sincereintegre,</strong></span> <span class='ocrx_word' id='word_1_21' title='bbox 402 479 434 536; x_wconf 91' lang='lat' dir='ltr'><strong>ot</strong></span> <span class='ocrx_word' id='word_1_22' title='bbox 447 491 519 535; x_wconf 90' lang='lat' dir='ltr'><strong>cum</strong></span> <span class='ocrx_word' id='word_1_23' title='bbox 526 473 734 536; x_wconf 75' lang='lat' dir='ltr'><strong>edificatione</strong></span> <span class='ocrx_word' id='word_1_24' title='bbox 749 489 909 552; x_wconf 89' lang='lat' dir='ltr'><strong>segerere,</strong></span> <span class='ocrx_word' id='word_1_25' title='bbox 920 489 1031 554; x_wconf 88' lang='lat' dir='ltr'><strong>quem-</strong></span> 
     </span>
     <span class='ocr_line' id='line_1_4' title="bbox 29 570 1034 647; baseline 0.009 -22"><span class='ocrx_word' id='word_1_26' title='bbox 29 590 41 625; x_wconf 74' lang='grc' dir='ltr'><strong>(ι</strong></span> <span class='ocrx_word' id='word_1_27' title='bbox 60 570 233 632; x_wconf 85' lang='lat' dir='ltr'>admodum</span> <span class='ocrx_word' id='word_1_28' title='bbox 263 577 294 633; x_wconf 86' lang='lat' dir='ltr'><strong>et</strong></span> <span class='ocrx_word' id='word_1_29' title='bbox 312 571 395 632; x_wconf 87' lang='lat' dir='ltr'><strong>tanti</strong></span> <span class='ocrx_word' id='word_1_30' title='bbox 421 572 585 634; x_wconf 89' lang='lat' dir='ltr'><strong>ministerii</strong></span> <span class='ocrx_word' id='word_1_31' title='bbox 604 573 762 647; x_wconf 76' lang='lat' dir='ltr'><strong>sanctitas,</strong></span> <span class='ocrx_word' id='word_1_32' title='bbox 797 578 828 634; x_wconf 86' lang='lat' dir='ltr'><strong>et</strong></span> <span class='ocrx_word' id='word_1_33' title='bbox 856 571 1034 634; x_wconf 89' lang='lat' dir='ltr'><strong>animarum</strong></span> 
     </span>
     <span class='ocr_line' id='line_1_5' title="bbox 30 667 1034 754; baseline 0.006 -28"><span class='ocrx_word' id='word_1_34' title='bbox 30 689 42 726; x_wconf 85' lang='lat' dir='ltr'><strong>u</strong></span> <span class='ocrx_word' id='word_1_35' title='bbox 61 667 145 729; x_wconf 90' lang='lat' dir='ltr'><strong>salus</strong></span> <span class='ocrx_word' id='word_1_36' title='bbox 164 669 316 749; x_wconf 89' lang='lat' dir='ltr'><strong>deposcit.</strong></span> <span class='ocrx_word' id='word_1_37' title='bbox 336 695 351 726; x_wconf 73' lang='lat' dir='ltr'><strong>a</strong></span> <span class='ocrx_word' id='word_1_38' title='bbox 372 672 413 732; x_wconf 85' lang='lat' dir='ltr'><strong>At</strong></span> <span class='ocrx_word' id='word_1_39' title='bbox 429 669 571 734; x_wconf 75' lang='lat' dir='ltr'><strong>Clemens</strong></span> <span class='ocrx_word' id='word_1_40' title='bbox 586 673 613 732; x_wconf 90' lang='lat' dir='ltr'>X</span> <span class='ocrx_word' id='word_1_41' title='bbox 630 671 748 746; x_wconf 89' lang='lat' dir='ltr'><strong>statuit,</strong></span> <span class='ocrx_word' id='word_1_42' title='bbox 765 672 798 732; x_wconf 88' lang='lat' dir='ltr'><strong>in</strong></span> <span class='ocrx_word' id='word_1_43' title='bbox 812 671 1034 754; x_wconf 87' lang='lat' dir='ltr'><strong>constitutione</strong></span> 
     </span>
     <span class='ocr_line' id='line_1_6' title="bbox 26 763 1035 846; baseline 0.004 -20"><span class='ocrx_word' id='word_1_44' title='bbox 26 785 94 828; x_wconf 83' lang='lat' dir='ltr'><strong>mox</strong></span> <span class='ocrx_word' id='word_1_45' title='bbox 107 767 245 846; x_wconf 86' lang='lat' dir='ltr'><strong>prolata,</strong></span> <span class='ocrx_word' id='word_1_46' title='bbox 267 769 506 832; x_wconf 77' lang='lat' dir='ltr'><strong>«confessiones</strong></span> <span class='ocrx_word' id='word_1_47' title='bbox 521 769 670 832; x_wconf 90' lang='lat' dir='ltr'><strong>audiendi</strong></span> <span class='ocrx_word' id='word_1_48' title='bbox 686 763 870 832; x_wconf 76' lang='lat' dir='ltr'>facultatem</span> <span class='ocrx_word' id='word_1_49' title='bbox 888 769 1035 832; x_wconf 88' lang='lat' dir='ltr'><strong>omuibus</strong></span> 
     </span>
     <span class='ocr_line' id='line_1_7' title="bbox 30 866 1037 950; baseline 0.008 -28"><span class='ocrx_word' id='word_1_50' title='bbox 30 888 43 924; x_wconf 79' lang='lat' dir='ltr'><strong>a</strong></span> <span class='ocrx_word' id='word_1_51' title='bbox 61 866 155 927; x_wconf 91' lang='lat' dir='ltr'><strong>simul</strong></span> <span class='ocrx_word' id='word_1_52' title='bbox 173 866 266 929; x_wconf 86' lang='lat' dir='ltr'><strong>unius</strong></span> <span class='ocrx_word' id='word_1_53' title='bbox 285 875 459 932; x_wconf 87' lang='lat' dir='ltr'><strong>conventus</strong></span> <span class='ocrx_word' id='word_1_54' title='bbox 478 869 678 950; x_wconf 79' lang='lat' dir='ltr'><strong>regularibus</strong></span> <span class='ocrx_word' id='word_1_55' title='bbox 693 869 924 931; x_wconf 79' lang='lat' dir='ltr'><strong>confessoribus</strong></span> <span class='ocrx_word' id='word_1_56' title='bbox 940 867 1037 931; x_wconf 88' lang='lat' dir='ltr'><strong>adimi</strong></span> 
     </span>
     <span class='ocr_line' id='line_1_8' title="bbox 30 964 1037 1048; baseline 0.005 -25"><span class='ocrx_word' id='word_1_57' title='bbox 30 985 43 1023; x_wconf 81' lang='lat' dir='ltr'><strong>a</strong></span> <span class='ocrx_word' id='word_1_58' title='bbox 60 964 99 1025; x_wconf 91' lang='lat' dir='ltr'><strong>ab</strong></span> <span class='ocrx_word' id='word_1_59' title='bbox 124 965 293 1047; x_wconf 86' lang='lat' dir='ltr'><strong>Episcopo,</strong></span> <span class='ocrx_word' id='word_1_60' title='bbox 319 967 499 1030; x_wconf 90' lang='lat' dir='ltr'><strong>inconsulta</strong></span> <span class='ocrx_word' id='word_1_61' title='bbox 524 967 706 1048; x_wconf 77' lang='lat' dir='ltr'><strong>apostolica</strong></span> <span class='ocrx_word' id='word_1_62' title='bbox 730 968 825 1045; x_wconf 84' lang='lat' dir='ltr'><strong>Sede,</strong></span> <span class='ocrx_word' id='word_1_63' title='bbox 857 967 1037 1029; x_wconf 88' lang='lat' dir='ltr'><strong>nullatenus</strong></span> 
     </span>
     <span class='ocr_line' id='line_1_9' title="bbox 29 1065 1035 1148; baseline 0.006 -28"><span class='ocrx_word' id='word_1_64' title='bbox 29 1086 43 1120; x_wconf 78' lang='lat' dir='ltr'><strong>a</strong></span> <span class='ocrx_word' id='word_1_65' title='bbox 62 1081 155 1144; x_wconf 87' lang='lat' dir='ltr'><strong>posse</strong></span> <span class='ocrx_word' id='word_1_66' title='bbox 169 1085 206 1142; x_wconf 80' lang='lat'><strong>»3</strong></span> <span class='ocrx_word' id='word_1_67' title='bbox 223 1066 299 1147; x_wconf 85' lang='lat' dir='ltr'><strong>quia</strong></span> <span class='ocrx_word' id='word_1_68' title='bbox 313 1086 378 1129; x_wconf 91' lang='lat' dir='ltr'><strong>non</strong></span> <span class='ocrx_word' id='word_1_69' title='bbox 392 1067 648 1148; x_wconf 71' lang='lat' dir='ltr'><strong>presumendum</strong></span> <span class='ocrx_word' id='word_1_70' title='bbox 657 1071 710 1128; x_wconf 87' lang='lat' dir='ltr'><strong>est</strong></span> <span class='ocrx_word' id='word_1_71' title='bbox 725 1083 835 1129; x_wconf 89' lang='lat' dir='ltr'><strong>omnes</strong></span> <span class='ocrx_word' id='word_1_72' title='bbox 849 1066 943 1128; x_wconf 89' lang='lat' dir='ltr'><strong>simul</strong></span> <span class='ocrx_word' id='word_1_73' title='bbox 956 1065 1035 1128; x_wconf 89' lang='lat' dir='ltr'><strong>inci·</strong></span> 
     </span>
     <span class='ocr_line' id='line_1_10' title="bbox 28 1162 1038 1248; baseline 0.002 -24"><span class='ocrx_word' id='word_1_74' title='bbox 28 1162 100 1224; x_wconf 90' lang='lat' dir='ltr'><strong>disse</strong></span> <span class='ocrx_word' id='word_1_75' title='bbox 118 1164 154 1226; x_wconf 88' lang='lat' dir='ltr'><strong>in</strong></span> <span class='ocrx_word' id='word_1_76' title='bbox 169 1171 294 1228; x_wconf 90' lang='lat' dir='ltr'><strong>reatum</strong></span> <span class='ocrx_word' id='word_1_77' title='bbox 312 1167 366 1248; x_wconf 89' lang='lat' dir='ltr'><strong>qui</strong></span> <span class='ocrx_word' id='word_1_78' title='bbox 380 1167 477 1229; x_wconf 90' lang='lat' dir='ltr'><strong>talem</strong></span> <span class='ocrx_word' id='word_1_79' title='bbox 490 1167 699 1247; x_wconf 78' lang='lat' dir='ltr'><strong>privationem</strong></span> <span class='ocrx_word' id='word_1_80' title='bbox 714 1172 891 1242; x_wconf 84' lang='lat' dir='ltr'><strong>mereatur3</strong></span> <span class='ocrx_word' id='word_1_81' title='bbox 911 1165 1038 1228; x_wconf 79' lang='lat' dir='ltr'><strong>aliunde</strong></span> 
     </span>
     <span class='ocr_line' id='line_1_11' title="bbox 28 1263 1038 1346; baseline 0.004 -24"><span class='ocrx_word' id='word_1_82' title='bbox 28 1263 202 1326; x_wconf 84' lang='lat' dir='ltr'><strong>curatione</strong></span> <span class='ocrx_word' id='word_1_83' title='bbox 221 1266 336 1345; x_wconf 86' lang='lat' dir='ltr'><strong>agendi</strong></span> <span class='ocrx_word' id='word_1_84' title='bbox 353 1267 614 1346; x_wconf 82' lang='lat' dir='ltr'><strong>perturbarentur</strong></span> <span class='ocrx_word' id='word_1_85' title='bbox 633 1265 844 1345; x_wconf 74' lang='lat' dir='ltr'><strong>conscientia,</strong></span> <span class='ocrx_word' id='word_1_86' title='bbox 866 1269 898 1328; x_wconf 87' lang='lat' dir='ltr'><strong>et</strong></span> <span class='ocrx_word' id='word_1_87' title='bbox 916 1265 1038 1327; x_wconf 83' lang='lat' dir='ltr'><strong>occasio</strong></span> 
     </span>
     <span class='ocr_line' id='line_1_12' title="bbox 29 1360 789 1453; baseline 0.009 -32"><span class='ocrx_word' id='word_1_88' title='bbox 29 1360 152 1423; x_wconf 88' lang='lat' dir='ltr'><strong>daretur</strong></span> <span class='ocrx_word' id='word_1_89' title='bbox 166 1364 316 1426; x_wconf 88' lang='lat' dir='ltr'><strong>scandalo</strong></span> <span class='ocrx_word' id='word_1_90' title='bbox 331 1365 483 1426; x_wconf 89' lang='lat' dir='ltr'><strong>fidelium.</strong></span> <span class='ocrx_word' id='word_1_91' title='bbox 786 1446 789 1453; x_wconf 18' lang='grc' dir='ltr'><em>Ι</em></span> 
     </span>
    </p>

    <p class='ocr_par' dir='ltr' id='par_1_3' title="bbox 29 1459 1040 1724">
     <span class='ocr_line' id='line_1_13' title="bbox 82 1459 1038 1545; baseline 0.004 -23"><span class='ocrx_word' id='word_1_92' title='bbox 82 1461 234 1542; x_wconf 87' lang='lat' dir='ltr'><strong>Sequitur</strong></span> <span class='ocrx_word' id='word_1_93' title='bbox 248 1465 376 1525; x_wconf 89' lang='lat' dir='ltr'><strong>tandem</strong></span> <span class='ocrx_word' id='word_1_94' title='bbox 389 1465 551 1542; x_wconf 77' lang='lat' dir='ltr'><strong>regulares</strong></span> <span class='ocrx_word' id='word_1_95' title='bbox 562 1483 627 1526; x_wconf 91' lang='lat' dir='ltr'><strong>non</strong></span> <span class='ocrx_word' id='word_1_96' title='bbox 641 1481 733 1545; x_wconf 88' lang='lat' dir='ltr'><strong>posse</strong></span> <span class='ocrx_word' id='word_1_97' title='bbox 746 1462 910 1526; x_wconf 86' lang='lat' dir='ltr'><strong>absolvere</strong></span> <span class='ocrx_word' id='word_1_98' title='bbox 924 1479 944 1525; x_wconf 92' lang='lat' dir='ltr'><strong>a</strong></span> <span class='ocrx_word' id='word_1_99' title='bbox 959 1459 1038 1526; x_wconf 62' lang='lat' dir='ltr'><strong>cesi⁴</strong></span> 
     </span>
     <span class='ocr_line' id='line_1_14' title="bbox 30 1557 1040 1644; baseline 0.005 -26"><span class='ocrx_word' id='word_1_100' title='bbox 30 1557 80 1619; x_wconf 90' lang='lat' dir='ltr'><strong>bus</strong></span> <span class='ocrx_word' id='word_1_101' title='bbox 99 1579 180 1640; x_wconf 92' lang='lat' dir='ltr'><strong>quos</strong></span> <span class='ocrx_word' id='word_1_102' title='bbox 199 1561 346 1642; x_wconf 86' lang='lat' dir='ltr'><strong>Episcopi</strong></span> <span class='ocrx_word' id='word_1_103' title='bbox 361 1564 424 1624; x_wconf 83' lang='lat' dir='ltr'><strong>sibi</strong></span> <span class='ocrx_word' id='word_1_104' title='bbox 444 1569 616 1639; x_wconf 88' lang='lat' dir='ltr'><strong>reservant,</strong></span> <span class='ocrx_word' id='word_1_105' title='bbox 637 1562 697 1625; x_wconf 89' lang='lat' dir='ltr'><strong>nisi</strong></span> <span class='ocrx_word' id='word_1_106' title='bbox 716 1563 758 1625; x_wconf 91' lang='lat' dir='ltr'><strong>ab</strong></span> <span class='ocrx_word' id='word_1_107' title='bbox 775 1562 853 1643; x_wconf 86' lang='lat' dir='ltr'><strong>ipsis</strong></span> <span class='ocrx_word' id='word_1_108' title='bbox 873 1562 1040 1644; x_wconf 89' lang='lat' dir='ltr'><strong>specialem</strong></span> 
     </span>
     <span class='ocr_line' id='line_1_15' title="bbox 29 1659 401 1724; baseline 0.019 -8"><span class='ocrx_word' id='word_1_109' title='bbox 29 1659 207 1722; x_wconf 81' lang='lat' dir='ltr'><strong>facultatem</strong></span> <span class='ocrx_word' id='word_1_110' title='bbox 222 1661 401 1724; x_wconf 88' lang='lat' dir='ltr'><strong>habuerint.</strong></span> 
     </span>
    </p>

    <p class='ocr_par' dir='ltr' id='par_1_4' title="bbox 31 1757 1043 2038">
     <span class='ocr_line' id='line_1_16' title="bbox 82 1757 1042 1838; baseline 0.003 -19"><span class='ocrx_word' id='word_1_111' title='bbox 82 1759 113 1819; x_wconf 81' lang='lat'><strong>3⁰</strong></span> <span class='ocrx_word' id='word_1_112' title='bbox 137 1760 311 1838; x_wconf 83' lang='lat' dir='ltr'><strong>Regulares</strong></span> <span class='ocrx_word' id='word_1_113' title='bbox 330 1779 394 1822; x_wconf 90' lang='lat' dir='ltr'><strong>non</strong></span> <span class='ocrx_word' id='word_1_114' title='bbox 415 1761 532 1823; x_wconf 90' lang='lat' dir='ltr'><strong>debent</strong></span> <span class='ocrx_word' id='word_1_115' title='bbox 548 1760 769 1823; x_wconf 88' lang='lat' dir='ltr'><strong>administrare</strong></span> <span class='ocrx_word' id='word_1_116' title='bbox 788 1757 1042 1823; x_wconf 86' lang='lat' dir='ltr'><strong>communionem</strong></span> 
     </span>
     <span class='ocr_line' id='line_1_17' title="bbox 31 1857 1043 1942; baseline 0.003 -25"><span class='ocrx_word' id='word_1_117' title='bbox 31 1857 219 1936; x_wconf 87' lang='lat' dir='ltr'><strong>paschalem,</strong></span> <span class='ocrx_word' id='word_1_118' title='bbox 237 1877 295 1922; x_wconf 87' lang='lat' dir='ltr'><strong>nec</strong></span> <span class='ocrx_word' id='word_1_119' title='bbox 309 1859 470 1939; x_wconf 89' lang='lat' dir='ltr'><strong>viaticum,</strong></span> <span class='ocrx_word' id='word_1_120' title='bbox 487 1878 590 1942; x_wconf 87' lang='lat' dir='ltr'><strong>neque</strong></span> <span class='ocrx_word' id='word_1_121' title='bbox 606 1865 779 1922; x_wconf 83' lang='lat' dir='ltr'><strong>extremam</strong></span> <span class='ocrx_word' id='word_1_122' title='bbox 795 1859 988 1936; x_wconf 86' lang='lat' dir='ltr'><strong>unctionem,</strong></span> <span class='ocrx_word' id='word_1_123' title='bbox 1005 1857 1043 1920; x_wconf 90' lang='lat' dir='ltr'><strong>iis</strong></span> 
     </span>
     <span class='ocr_line' id='line_1_18' title="bbox 31 1955 1041 2038; baseline 0.002 -22"><span class='ocrx_word' id='word_1_124' title='bbox 31 1955 156 2034; x_wconf 88' lang='lat' dir='ltr'><strong>quinon</strong></span> <span class='ocrx_word' id='word_1_125' title='bbox 170 1963 244 2019; x_wconf 89' lang='lat' dir='ltr'><strong>sunt</strong></span> <span class='ocrx_word' id='word_1_126' title='bbox 258 1959 297 2020; x_wconf 89' lang='lat' dir='ltr'><strong>de</strong></span> <span class='ocrx_word' id='word_1_127' title='bbox 309 1957 430 2021; x_wconf 84' lang='lat' dir='ltr'><strong>familia</strong></span> <span class='ocrx_word' id='word_1_128' title='bbox 442 1959 589 2033; x_wconf 87' lang='lat' dir='ltr'><strong>coenobii,</strong></span> <span class='ocrx_word' id='word_1_129' title='bbox 606 1959 726 2038; x_wconf 89' lang='lat' dir='ltr'><strong>absque</strong></span> <span class='ocrx_word' id='word_1_130' title='bbox 740 1957 868 2020; x_wconf 88' lang='lat' dir='ltr'><strong>licentia</strong></span> <span class='ocrx_word' id='word_1_131' title='bbox 882 1957 1041 2038; x_wconf 86' lang='lat' dir='ltr'><strong>Episcopi.</strong></span> 
     </span>
    </p>

    <p class='ocr_par' dir='ltr' id='par_1_5' title="bbox 29 2055 1047 3129">
     <span class='ocr_line' id='line_1_19' title="bbox 82 2055 1043 2138; baseline 0.001 -22"><span class='ocrx_word' id='word_1_132' title='bbox 82 2057 146 2116; x_wconf 89' lang='lat' dir='ltr'><strong>Per</strong></span> <span class='ocrx_word' id='word_1_133' title='bbox 163 2056 235 2118; x_wconf 89' lang='lat' dir='ltr'><strong>illos</strong></span> <span class='ocrx_word' id='word_1_134' title='bbox 252 2057 307 2138; x_wconf 83' lang='lat' dir='ltr'><strong>qui</strong></span> <span class='ocrx_word' id='word_1_135' title='bbox 324 2063 396 2119; x_wconf 90' lang='lat' dir='ltr'><strong>sunt</strong></span> <span class='ocrx_word' id='word_1_136' title='bbox 412 2058 451 2120; x_wconf 92' lang='lat' dir='ltr'><strong>de</strong></span> <span class='ocrx_word' id='word_1_137' title='bbox 467 2057 588 2119; x_wconf 86' lang='lat' dir='ltr'><strong>familia</strong></span> <span class='ocrx_word' id='word_1_138' title='bbox 604 2057 825 2135; x_wconf 87' lang='lat' dir='ltr'><strong>intelliguntur</strong></span> <span class='ocrx_word' id='word_1_139' title='bbox 839 2055 1043 2119; x_wconf 84' lang='lat' dir='ltr'><strong>inservientes</strong></span> 
     </span>
     <span class='ocr_line' id='line_1_20' title="bbox 30 2153 1041 2240; baseline 0.003 -27"><span class='ocrx_word' id='word_1_140' title='bbox 30 2154 234 2232; x_wconf 82' lang='lat' dir='ltr'><strong>regularibus,</strong></span> <span class='ocrx_word' id='word_1_141' title='bbox 245 2157 387 2218; x_wconf 86' lang='lat' dir='ltr'><strong>etsubiis</strong></span> <span class='ocrx_word' id='word_1_142' title='bbox 396 2157 523 2240; x_wconf 87' lang='lat' dir='ltr'><strong>quidem</strong></span> <span class='ocrx_word' id='word_1_143' title='bbox 532 2155 784 2219; x_wconf 87' lang='lat' dir='ltr'><strong>conditionibus:</strong></span> <span class='ocrx_word' id='word_1_144' title='bbox 798 2153 829 2216; x_wconf 80' lang='lat' dir='ltr'><strong>l&#39;⁰</strong></span> <span class='ocrx_word' id='word_1_145' title='bbox 838 2155 1041 2236; x_wconf 85' lang='lat' dir='ltr'><strong>quodiisd&#39;em</strong></span> 
     </span>
     <span class='ocr_line' id='line_1_21' title="bbox 29 2253 1040 2335; baseline 0.005 -27"><span class='ocrx_word' id='word_1_146' title='bbox 29 2253 220 2330; x_wconf 86' lang='lat' dir='ltr'><strong>regularibus</strong></span> <span class='ocrx_word' id='word_1_147' title='bbox 234 2271 344 2316; x_wconf 89' lang='lat' dir='ltr'><strong>revera</strong></span> <span class='ocrx_word' id='word_1_148' title='bbox 353 2255 543 2329; x_wconf 88' lang='lat' dir='ltr'><strong>inserviant;</strong></span> <span class='ocrx_word' id='word_1_149' title='bbox 569 2258 601 2316; x_wconf 71' lang='lat'><strong>2⁰</strong></span> <span class='ocrx_word' id='word_1_150' title='bbox 612 2255 698 2335; x_wconf 92' lang='lat' dir='ltr'><strong>quod</strong></span> <span class='ocrx_word' id='word_1_151' title='bbox 710 2253 794 2315; x_wconf 85' lang='lat' dir='ltr'><strong>inira</strong></span> <span class='ocrx_word' id='word_1_152' title='bbox 807 2253 936 2314; x_wconf 90' lang='lat' dir='ltr'><strong>illorum</strong></span> <span class='ocrx_word' id='word_1_153' title='bbox 950 2258 1040 2332; x_wconf 90' lang='lat' dir='ltr'><strong>septa</strong></span> 
     </span>
     <span class='ocr_line' id='line_1_22' title="bbox 32 2349 1041 2434; baseline 0.003 -25"><span class='ocrx_word' id='word_1_154' title='bbox 32 2369 78 2410; x_wconf 89' lang='lat' dir='ltr'><strong>seu</strong></span> <span class='ocrx_word' id='word_1_155' title='bbox 92 2354 206 2414; x_wconf 91' lang='lat' dir='ltr'><strong>domos</strong></span> <span class='ocrx_word' id='word_1_156' title='bbox 220 2353 398 2432; x_wconf 82' lang='lat' dir='ltr'><strong>resideant3</strong></span> <span class='ocrx_word' id='word_1_157' title='bbox 415 2356 446 2414; x_wconf 82' lang='lat'><strong>3⁰</strong></span> <span class='ocrx_word' id='word_1_158' title='bbox 461 2355 546 2434; x_wconf 88' lang='lat' dir='ltr'><strong>quod</strong></span> <span class='ocrx_word' id='word_1_159' title='bbox 562 2355 619 2415; x_wconf 88' lang='lat' dir='ltr'><strong>sub</strong></span> <span class='ocrx_word' id='word_1_160' title='bbox 635 2371 744 2415; x_wconf 90' lang='lat' dir='ltr'><strong>eorum</strong></span> <span class='ocrx_word' id='word_1_161' title='bbox 759 2349 950 2430; x_wconf 86' lang='lat' dir='ltr'><strong>obedientia,</strong></span> <span class='ocrx_word' id='word_1_162' title='bbox 966 2371 1041 2432; x_wconf 91' lang='lat' dir='ltr'><strong>qua·</strong></span> 
     </span>
     <span class='ocr_line' id='line_1_23' title="bbox 32 2448 1045 2534; baseline 0.004 -27"><span class='ocrx_word' id='word_1_163' title='bbox 32 2448 86 2510; x_wconf 90' lang='lat' dir='ltr'><strong>lem</strong></span> <span class='ocrx_word' id='word_1_164' title='bbox 100 2449 216 2514; x_wconf 87' lang='lat' dir='ltr'><strong>famuli</strong></span> <span class='ocrx_word' id='word_1_165' title='bbox 231 2452 295 2514; x_wconf 90' lang='lat' dir='ltr'><strong>suis</strong></span> <span class='ocrx_word' id='word_1_166' title='bbox 309 2453 446 2515; x_wconf 91' lang='lat' dir='ltr'><strong>dominis</strong></span> <span class='ocrx_word' id='word_1_167' title='bbox 457 2453 657 2534; x_wconf 87' lang='lat' dir='ltr'><strong>profitentur,</strong></span> <span class='ocrx_word' id='word_1_168' title='bbox 674 2451 793 2515; x_wconf 88' lang='lat' dir='ltr'><strong>vivant.</strong></span> <span class='ocrx_word' id='word_1_169' title='bbox 811 2453 860 2513; x_wconf 88' lang='lat' dir='ltr'><strong>lta</strong></span> <span class='ocrx_word' id='word_1_170' title='bbox 873 2450 933 2512; x_wconf 85' lang='lat' dir='ltr'><strong>fuit</strong></span> <span class='ocrx_word' id='word_1_171' title='bbox 948 2456 1045 2519; x_wconf 56' lang='lat' dir='ltr'><strong>statu,-</strong></span> 
     </span>
     <span class='ocr_line' id='line_1_24' title="bbox 32 2548 1044 2632; baseline 0.002 -24"><span class='ocrx_word' id='word_1_172' title='bbox 32 2553 92 2610; x_wconf 92' lang='lat' dir='ltr'><strong>tum</strong></span> <span class='ocrx_word' id='word_1_173' title='bbox 108 2551 216 2613; x_wconf 82' lang='lat' dir='ltr'><strong>Cenat.</strong></span> <span class='ocrx_word' id='word_1_174' title='bbox 239 2553 381 2630; x_wconf 85' lang='lat' dir='ltr'><strong>Gregorii</strong></span> <span class='ocrx_word' id='word_1_175' title='bbox 396 2553 477 2628; x_wconf 86' lang='lat' dir='ltr'><strong>Xlll,</strong></span> <span class='ocrx_word' id='word_1_176' title='bbox 498 2550 729 2632; x_wconf 70' lang='lat' dir='ltr'><strong>Circumpecta</strong></span> <span class='ocrx_word' id='word_1_177' title='bbox 748 2571 800 2613; x_wconf 92' lang='lat' dir='ltr'><strong>an.</strong></span> <span class='ocrx_word' id='word_1_178' title='bbox 820 2549 910 2614; x_wconf 78' lang='lat'><strong>1580.</strong></span> <span class='ocrx_word' id='word_1_179' title='bbox 929 2548 1044 2630; x_wconf 88' lang='lat' dir='ltr'><strong>Hospi-</strong></span> 
     </span>
     <span class='ocr_line' id='line_1_25' title="bbox 33 2648 1047 2729; baseline 0.001 -23"><span class='ocrx_word' id='word_1_180' title='bbox 33 2648 108 2710; x_wconf 89' lang='lat' dir='ltr'><strong>tibus</strong></span> <span class='ocrx_word' id='word_1_181' title='bbox 126 2668 204 2712; x_wconf 91' lang='lat' dir='ltr'><strong>vero</strong></span> <span class='ocrx_word' id='word_1_182' title='bbox 225 2650 279 2729; x_wconf 88' lang='lat' dir='ltr'><strong>qui</strong></span> <span class='ocrx_word' id='word_1_183' title='bbox 298 2670 362 2711; x_wconf 91' lang='lat' dir='ltr'><strong>non</strong></span> <span class='ocrx_word' id='word_1_184' title='bbox 382 2653 455 2711; x_wconf 89' lang='lat' dir='ltr'><strong>sunt</strong></span> <span class='ocrx_word' id='word_1_185' title='bbox 472 2668 546 2712; x_wconf 90' lang='lat' dir='ltr'><strong>vere</strong></span> <span class='ocrx_word' id='word_1_186' title='bbox 565 2649 746 2726; x_wconf 87' lang='lat' dir='ltr'><strong>familiares,</strong></span> <span class='ocrx_word' id='word_1_187' title='bbox 767 2648 911 2729; x_wconf 88' lang='lat' dir='ltr'><strong>quamvis</strong></span> <span class='ocrx_word' id='word_1_188' title='bbox 929 2649 1047 2725; x_wconf 83' lang='lat' dir='ltr'><strong>degant</strong></span> 
     </span>
     <span class='ocr_line' id='line_1_26' title="bbox 34 2745 1046 2828; baseline 0.001 -23"><span class='ocrx_word' id='word_1_189' title='bbox 34 2745 108 2809; x_wconf 88' lang='lat' dir='ltr'><strong>intra</strong></span> <span class='ocrx_word' id='word_1_190' title='bbox 131 2753 223 2828; x_wconf 85' lang='lat' dir='ltr'><strong>septa</strong></span> <span class='ocrx_word' id='word_1_191' title='bbox 241 2747 435 2824; x_wconf 87' lang='lat' dir='ltr'><strong>monasterii,</strong></span> <span class='ocrx_word' id='word_1_192' title='bbox 456 2748 618 2828; x_wconf 88' lang='lat' dir='ltr'><strong>regulares</strong></span> <span class='ocrx_word' id='word_1_193' title='bbox 636 2767 701 2810; x_wconf 92' lang='lat' dir='ltr'><strong>non</strong></span> <span class='ocrx_word' id='word_1_194' title='bbox 720 2753 853 2828; x_wconf 91' lang='lat' dir='ltr'><strong>possunt</strong></span> <span class='ocrx_word' id='word_1_195' title='bbox 872 2752 1046 2808; x_wconf 86' lang='lat' dir='ltr'><strong>extremam</strong></span> 
     </span>
     <span class='ocr_line' id='line_1_27' title="bbox 35 2846 1045 2928; baseline 0.001 -24"><span class='ocrx_word' id='word_1_196' title='bbox 35 2847 210 2910; x_wconf 88' lang='lat' dir='ltr'><strong>unctionem</strong></span> <span class='ocrx_word' id='word_1_197' title='bbox 224 2854 255 2910; x_wconf 92' lang='lat' dir='ltr'><strong>et</strong></span> <span class='ocrx_word' id='word_1_198' title='bbox 265 2849 460 2928; x_wconf 88' lang='lat' dir='ltr'><strong>sepulturam</strong></span> <span class='ocrx_word' id='word_1_199' title='bbox 470 2849 557 2922; x_wconf 91' lang='lat' dir='ltr'><strong>dare,</strong></span> <span class='ocrx_word' id='word_1_200' title='bbox 570 2847 595 2910; x_wconf 92' lang='lat' dir='ltr'><strong>si</strong></span> <span class='ocrx_word' id='word_1_201' title='bbox 605 2847 805 2910; x_wconf 85' lang='lat' dir='ltr'><strong>infirmentur</strong></span> <span class='ocrx_word' id='word_1_202' title='bbox 815 2852 846 2908; x_wconf 89' lang='lat' dir='ltr'><strong>et</strong></span> <span class='ocrx_word' id='word_1_203' title='bbox 857 2846 1045 2921; x_wconf 90' lang='lat' dir='ltr'><strong>moriautur,</strong></span> 
     </span>
     <span class='ocr_line' id='line_1_28' title="bbox 33 2943 1042 3028; baseline 0.004 -25"><span class='ocrx_word' id='word_1_204' title='bbox 33 2943 205 3025; x_wconf 88' lang='lat' dir='ltr'><strong>irrequisito</strong></span> <span class='ocrx_word' id='word_1_205' title='bbox 227 2948 380 3027; x_wconf 87' lang='lat' dir='ltr'><strong>parocb0,</strong></span> <span class='ocrx_word' id='word_1_206' title='bbox 398 2954 491 3028; x_wconf 87' lang='lat' dir='ltr'><strong>prout</strong></span> <span class='ocrx_word' id='word_1_207' title='bbox 505 2947 592 3008; x_wconf 88' lang='lat' dir='ltr'><strong>haud</strong></span> <span class='ocrx_word' id='word_1_208' title='bbox 604 2949 702 3009; x_wconf 88' lang='lat' dir='ltr'><strong>semel</strong></span> <span class='ocrx_word' id='word_1_209' title='bbox 716 2947 890 3009; x_wconf 89' lang='lat' dir='ltr'><strong>declaravit</strong></span> <span class='ocrx_word' id='word_1_210' title='bbox 904 2945 935 3009; x_wconf 86' lang='lat' dir='ltr'><strong>S.</strong></span> <span class='ocrx_word' id='word_1_211' title='bbox 961 2947 1042 3008; x_wconf 91' lang='lat' dir='ltr'><strong>Gon-</strong></span> 
     </span>
     <span class='ocr_line' id='line_1_29' title="bbox 35 3031 1044 3129; baseline 0.002 -27"><span class='ocrx_word' id='word_1_212' title='bbox 35 3045 280 3126; x_wconf 76' lang='lat' dir='ltr'><strong>gregatiolipisc.</strong></span> <span class='ocrx_word' id='word_1_213' title='bbox 289 3052 320 3108; x_wconf 87' lang='lat' dir='ltr'><strong>et</strong></span> <span class='ocrx_word' id='word_1_214' title='bbox 328 3047 474 3126; x_wconf 85' lang='lat' dir='ltr'><strong>Regular.</strong></span> <span class='ocrx_word' id='word_1_215' title='bbox 486 3045 533 3129; x_wconf 79' lang='lat' dir='ltr'><strong>(G.</strong></span> <span class='ocrx_word' id='word_1_216' title='bbox 545 3045 692 3122; x_wconf 87' lang='lat' dir='ltr'><strong>Bizzarri,</strong></span> <span class='ocrx_word' id='word_1_217' title='bbox 706 3031 905 3119; x_wconf 81' lang='lat' dir='ltr'><strong>Collectceeo,</strong></span> <span class='ocrx_word' id='word_1_218' title='bbox 914 3063 947 3124; x_wconf 89' lang='lat' dir='ltr'><strong>p.</strong></span> <span class='ocrx_word' id='word_1_219' title='bbox 959 3043 1044 3123; x_wconf 82' lang='grc'>618.)</span> 
     </span>
    </p>

    <p class='ocr_par' dir='ltr' id='par_1_6' title="bbox 38 3140 1047 3424">
     <span class='ocr_line' id='line_1_30' title="bbox 88 3140 1045 3226; baseline -0.002 -22"><span class='ocrx_word' id='word_1_220' title='bbox 88 3145 133 3204; x_wconf 82' lang='lat' dir='ltr'><strong>ile</strong></span> <span class='ocrx_word' id='word_1_221' title='bbox 148 3145 255 3225; x_wconf 88' lang='lat' dir='ltr'><strong>pueris</strong></span> <span class='ocrx_word' id='word_1_222' title='bbox 268 3145 308 3206; x_wconf 91' lang='lat' dir='ltr'><strong>ad</strong></span> <span class='ocrx_word' id='word_1_223' title='bbox 322 3145 458 3226; x_wconf 89' lang='lat' dir='ltr'><strong>primam</strong></span> <span class='ocrx_word' id='word_1_224' title='bbox 473 3143 728 3206; x_wconf 89' lang='lat' dir='ltr'><strong>communionem</strong></span> <span class='ocrx_word' id='word_1_225' title='bbox 745 3141 949 3204; x_wconf 86' lang='lat' dir='ltr'><strong>admittendis</strong></span> <span class='ocrx_word' id='word_1_226' title='bbox 963 3140 1045 3202; x_wconf 83' lang='lat' dir='ltr'><strong>dixi·</strong></span> 
     </span>
     <span class='ocr_line' id='line_1_31' title="bbox 38 3241 1047 3324; baseline -0.001 -23"><span class='ocrx_word' id='word_1_227' title='bbox 38 3259 102 3304; x_wconf 91' lang='lat' dir='ltr'><strong>mus</strong></span> <span class='ocrx_word' id='word_1_228' title='bbox 116 3243 150 3304; x_wconf 91' lang='lat' dir='ltr'><strong>in</strong></span> <span class='ocrx_word' id='word_1_229' title='bbox 169 3243 232 3305; x_wconf 91' lang='lat' dir='ltr'><strong>alia</strong></span> <span class='ocrx_word' id='word_1_230' title='bbox 248 3249 348 3323; x_wconf 90' lang='lat' dir='ltr'><strong>parte,</strong></span> <span class='ocrx_word' id='word_1_231' title='bbox 364 3243 420 3305; x_wconf 90' lang='lat' dir='ltr'><strong>ubi</strong></span> <span class='ocrx_word' id='word_1_232' title='bbox 434 3245 473 3306; x_wconf 88' lang='lat' dir='ltr'><strong>de</strong></span> <span class='ocrx_word' id='word_1_233' title='bbox 484 3241 609 3324; x_wconf 86' lang='lat' dir='ltr'><strong>juribus</strong></span> <span class='ocrx_word' id='word_1_234' title='bbox 626 3241 863 3323; x_wconf 89' lang='lat' dir='ltr'><strong>parochialibus</strong></span> <span class='ocrx_word' id='word_1_235' title='bbox 878 3244 1047 3303; x_wconf 88' lang='lat' dir='ltr'><strong>tractatum</strong></span> 
     </span>
     <span class='ocr_line' id='line_1_32' title="bbox 38 3339 464 3424; baseline 0.019 -28"><span class='ocrx_word' id='word_1_236' title='bbox 38 3339 92 3401; x_wconf 88' lang='lat' dir='ltr'><strong>fuit</strong></span> <span class='ocrx_word' id='word_1_237' title='bbox 105 3340 150 3424; x_wconf 83' lang='lat' dir='ltr'><strong>(n0</strong></span> <span class='ocrx_word' id='word_1_238' title='bbox 163 3343 235 3417; x_wconf 74' lang='lat'><strong>241,</strong></span> <span class='ocrx_word' id='word_1_239' title='bbox 251 3347 275 3404; x_wconf 89' lang='lat' dir='ltr'><strong>t.</strong></span> <span class='ocrx_word' id='word_1_240' title='bbox 293 3343 317 3417; x_wconf 92' lang='lat' dir='ltr'><strong>I,</strong></span> <span class='ocrx_word' id='word_1_241' title='bbox 333 3362 366 3423; x_wconf 86' lang='lat' dir='ltr'><strong>p.</strong></span> <span class='ocrx_word' id='word_1_242' title='bbox 382 3341 464 3424; x_wconf 71' lang='lat'>425).</span> 
     </span>
    </p>

    <p class='ocr_par' dir='ltr' id='par_1_7' title="bbox 41 3438 1095 3817">
     <span class='ocr_line' id='line_1_33' title="bbox 93 3438 1049 3521; baseline 0 -21"><span class='ocrx_word' id='word_1_243' title='bbox 93 3442 125 3500; x_wconf 71' lang='lat'><strong>4⁰</strong></span> <span class='ocrx_word' id='word_1_244' title='bbox 146 3443 216 3502; x_wconf 90' lang='lat' dir='ltr'><strong>Non</strong></span> <span class='ocrx_word' id='word_1_245' title='bbox 232 3446 376 3521; x_wconf 88' lang='lat' dir='ltr'><strong>possunt,</strong></span> <span class='ocrx_word' id='word_1_246' title='bbox 394 3441 426 3501; x_wconf 90' lang='lat' dir='ltr'><strong>in</strong></span> <span class='ocrx_word' id='word_1_247' title='bbox 445 3441 580 3521; x_wconf 92' lang='lat' dir='ltr'><strong>propriis</strong></span> <span class='ocrx_word' id='word_1_248' title='bbox 599 3441 695 3502; x_wconf 90' lang='lat' dir='ltr'><strong>etiam</strong></span> <span class='ocrx_word' id='word_1_249' title='bbox 710 3438 868 3515; x_wconf 62' lang='lat' dir='ltr'><strong>Ecclesia,</strong></span> <span class='ocrx_word' id='word_1_250' title='bbox 890 3438 1049 3500; x_wconf 87' lang='lat' dir='ltr'><strong>sanctissi-</strong></span> 
     </span>
     <span class='ocr_line' id='line_1_34' title="bbox 41 3537 1046 3620; baseline 0.002 -24"><span class='ocrx_word' id='word_1_251' title='bbox 41 3541 370 3602; x_wconf 87' lang='lat' dir='ltr'><strong>mumSacramentum</strong></span> <span class='ocrx_word' id='word_1_252' title='bbox 380 3539 506 3620; x_wconf 89' lang='lat' dir='ltr'><strong>publice</strong></span> <span class='ocrx_word' id='word_1_253' title='bbox 517 3539 880 3618; x_wconf 85' lang='lat' dir='ltr'><strong>adorandumexponere</strong></span> <span class='ocrx_word' id='word_1_254' title='bbox 888 3537 1046 3613; x_wconf 65' lang='lat' dir='ltr'><strong>fidelibus</strong></span> 
     </span>
     <span class='ocr_line' id='line_1_35' title="bbox 42 3635 1095 3719; baseline 0.003 -25"><span class='ocrx_word' id='word_1_255' title='bbox 42 3636 96 3697; x_wconf 91' lang='lat' dir='ltr'><strong>nisi</strong></span> <span class='ocrx_word' id='word_1_256' title='bbox 110 3657 256 3700; x_wconf 87' lang='lat' dir='ltr'><strong>excausa</strong></span> <span class='ocrx_word' id='word_1_257' title='bbox 271 3657 341 3719; x_wconf 83' lang='lat' dir='ltr'><strong>quae</strong></span> <span class='ocrx_word' id='word_1_258' title='bbox 357 3640 491 3718; x_wconf 90' lang='lat' dir='ltr'><strong>probata</strong></span> <span class='ocrx_word' id='word_1_259' title='bbox 506 3635 546 3698; x_wconf 90' lang='lat' dir='ltr'><strong>sit</strong></span> <span class='ocrx_word' id='word_1_260' title='bbox 558 3638 597 3699; x_wconf 89' lang='lat' dir='ltr'><strong>ab</strong></span> <span class='ocrx_word' id='word_1_261' title='bbox 610 3637 775 3700; x_wconf 89' lang='lat' dir='ltr'><strong>Ordinario</strong></span> <span class='ocrx_word' id='word_1_262' title='bbox 789 3655 796 3711; x_wconf 95' lang='lat'>;</span> <span class='ocrx_word' id='word_1_263' title='bbox 813 3655 872 3699; x_wconf 88' lang='lat' dir='ltr'><strong>nec</strong></span> <span class='ocrx_word' id='word_1_264' title='bbox 885 3654 984 3700; x_wconf 86' lang='lat' dir='ltr'><strong>novas</strong></span> <span class='ocrx_word' id='word_1_265' title='bbox 997 3655 1049 3697; x_wconf 88' lang='lat' dir='ltr'><strong>re·</strong></span> <span class='ocrx_word' id='word_1_266' title='bbox 1090 3664 1095 3674; x_wconf 91' lang='lat'><em>·</em></span> 
     </span>
     <span class='ocr_line' id='line_1_36' title="bbox 44 3733 1048 3817; baseline 0.006 -26"><span class='ocrx_word' id='word_1_267' title='bbox 44 3733 150 3814; x_wconf 89' lang='lat' dir='ltr'><strong>liquias</strong></span> <span class='ocrx_word' id='word_1_268' title='bbox 170 3738 209 3798; x_wconf 92' lang='lat' dir='ltr'><strong>ab</strong></span> <span class='ocrx_word' id='word_1_269' title='bbox 231 3737 388 3817; x_wconf 84' lang='lat' dir='ltr'><strong>Episcopo</strong></span> <span class='ocrx_word' id='word_1_270' title='bbox 407 3755 471 3798; x_wconf 91' lang='lat' dir='ltr'><strong>non</strong></span> <span class='ocrx_word' id='word_1_271' title='bbox 492 3737 669 3816; x_wconf 87' lang='lat' dir='ltr'><strong>recognitas</strong></span> <span class='ocrx_word' id='word_1_272' title='bbox 690 3734 858 3816; x_wconf 71' lang='lat' dir='ltr'><strong>eiponere.</strong></span> <span class='ocrx_word' id='word_1_273' title='bbox 883 3769 922 3782; x_wconf 89' lang='lat'><strong>—-</strong></span> <span class='ocrx_word' id='word_1_274' title='bbox 940 3735 1048 3798; x_wconf 55' lang='lat' dir='ltr'><strong>Ollio*n</strong></span> 
     </span>
    </p>
   </div>
   <div class='ocr_carea' id='block_1_3' title="bbox 0 0 1303 4272">
    <p class='ocr_par' dir='ltr' id='par_1_8' title="bbox 0 0 1303 4272">
     <span class='ocr_line' id='line_1_37' title="bbox 0 0 1303 4272; baseline 0 0"><span class='ocrx_word' id='word_1_275' title='bbox 0 0 1303 4272; x_wconf 95' lang='lat' dir='ltr'><strong> </strong></span> 
     </span>
    </p>
   </div>
  </div>
 </body>
</html>
