2642 4270
231 224 284 280 560
494 228 568 280 Pili!
587 230 637 279 111.
659 230 715 280 RES
733 226 980 279 scelestissima.

230 353 335 413 tutum
358 345 554 426 religiosum,
570 347 645 423 etc,
666 348 811 428 sequitur
828 348 973 427 regimen
992 345 1181 408 eorumdem
1195 345 1246 408 ad·

230 446 337 520 scribi,
353 445 422 526 ipsa
436 449 552 507 natura
564 463 682 520 rarum,
699 445 731 507 S.
748 445 906 522 Pontifici,
921 444 1090 526 Episcopo,
1105 444 1245 506 Praelato
1311 523 1312 532 ἒ

230 543 381 625 regulari,
392 542 443 604 vel
456 543 571 606 rectori
584 543 731 606 Ecclesia
747 543 797 606 cui
811 543 881 606 haec
895 544 981 605 bona
995 541 1154 623 acquisita
1169 539 1241 617 sint,
1311 543 1312 624 j

8 703 9 710 ,
128 639 129 642 ’
228 642 281 705 vel
294 642 422 703 demum
433 639 642 702 beneficiariis
657 641 710 720 qui
724 659 833 703 omnes
845 640 966 702 habent
977 657 1114 702 suorum
1124 638 1245 701 benefi·

230 739 351 802 ciorum
364 738 605 799 usumfructum.

287 839 326 900 ΙΙ.
341 838 416 900 June
432 835 538 898 divino
560 854 719 899 summum
737 838 879 918 regimen
897 839 1057 900 bonorum
1075 834 1240 910 Ecclesia,

228 933 366 1015 cujusvis
381 937 503 994 naturae
523 932 596 1007 sint,
617 933 820 996 commissum
839 940 885 996 est
906 933 1089 996 auctoritati
1111 933 1239 994 sancta
1311 927 1312 998 l

228 1031 416 1113 Apostolicae
429 1031 518 1092 Sedis
532 1049 540 1093 ε
555 1036 601 1093 est
614 1037 768 1111 praeterea
781 1032 814 1093 in
825 1037 982 1113 potestate
994 1031 1158 1112 Episcopi,
1175 1046 1247 1092 cum
1311 1037 1312 1040 ’

228 1130 335 1192 debita
357 1129 552 1207 subjectione
578 1148 655 1208 erga
677 1131 827 1194 Sanctam
855 1131 977 1206 Sedem,
998 1134 1034 1191 ut
1057 1127 1172 1209 praesit
1190 1144 1245 1191 sua

223 1227 442 1307 jurisdictione
457 1226 602 1306 regimini
615 1228 773 1290 bonorum
783 1227 1070 1300 ecclesiasticorum
1082 1225 1244 1288 dioecesis.
1311 1245 1312 1248 ¹

286 1328 331 1388 De
348 1325 535 1388 anctoritate
543 1326 575 1386 S.
587 1326 749 1388 Pontificis
763 1326 851 1389 nulla
861 1331 909 1389 est
919 1326 1071 1406 agitanda
1086 1323 1236 1406 quaetio.

226 1424 454 1486 Auctoritatem
468 1424 562 1486 ctiam
581 1424 729 1504 Episcopi
742 1430 833 1487 extra
847 1443 976 1486 omnem
990 1420 1243 1486 controversiam

181 1567 183 1570 -
226 1526 384 1603 reponunt
402 1521 484 1583 sacri
495 1539 644 1585 canones.
662 1523 868 1602 Disciplinam
886 1523 1027 1604 priorum
1046 1518 1242 1582 seculorum

209 1618 355 1682 ,exbibet
375 1637 477 1680 canon
497 1635 547 1682 xm
566 1619 788 1701 Apostolorum,
811 1639 906 1702 quem
929 1621 1025 1704 refert
1051 1617 1235 1692 Gratianus,
1311 1605 1312 1608 '

228 1719 313 1780 caus.
333 1733 395 1798 1111„
404 1736 435 1796 q.
456 1731 481 1792 1,
502 1735 572 1798 cap.
590 1718 641 1778 et.
661 1719 896 1798 «Pracipimus
910 1718 993 1780 utin
1011 1719 1175 1797 potestate
1189 1730 1244 1776 sna

232 1813 435 1896 «Episcopus
448 1814 596 1878 Ecclesiae
617 1833 668 1877 res
687 1815 815 1880 habeat.
838 1816 872 1881 Si
889 1815 974 1878 enim
994 1814 1111 1878 animae
1132 1809 1242 1876 homi-

231 1935 246 1973 ι
260 1931 337 1974 num
351 1911 552 1994 pretiosiores
567 1912 614 1974 illi
633 1919 705 1976 sunt
720 1913 858 1990 creditae,
876 1913 977 1976 multo
992 1911 1095 1992 magis
1113 1914 1242 1991 oportet

228 2035 245 2069 «
260 2030 334 2073 eum
355 2029 463 2072 curam
485 2011 692 2091 pecuniarum
715 2031 832 2094 gerere,
856 2012 903 2075 ita
926 2017 962 2074 ut
985 2013 1161 2092 potestate·
1174 2006 1242 2088 ejus

227 2132 245 2167 u
259 2109 365 2172 omnia
378 2108 599 2189 dispensentur
610 2129 668 2191 per
678 2115 882 2191 presbyteros
894 2115 927 2172 et
940 2110 1103 2182 diaconos,
1120 2111 1154 2170 et
1167 2123 1241 2168 cum

228 2207 315 2270 «Dei
335 2207 448 2269 timore
474 2213 506 2270 et
531 2208 740 2272 sollicitudine
763 2209 990 2286 ministrentup.
1016 2231 1032 2262 ι
1057 2202 1235 2268 Concilium
1311 2289 1312 2292 Ἴ

120 2297 129 2316 ’
227 2306 492 2383 chalcedonense,
505 2305 628 2373 actione
637 2319 688 2372 xv·
700 2357 709 2390 ‚
724 2297 845 2371 canone
857 2324 932 2384 xxv,
945 2305 990 2367 sic
1002 2303 1113 2366 statuit
1126 2326 1142 2360 «
1153 2319 1162 2364 t
1172 2301 1241 2364 Pla·

230 2411 325 2472 uouit
345 2429 472 2474 omnem
497 2410 670 2473 Ecclesiam
695 2408 866 2470 habentem
888 2405 1092 2486 Episcopum,
1115 2400 1237 2462 habere

230 2527 246 2568 ι
261 2521 460 2595 oeconomum
475 2509 514 2572 de
529 2509 659 2590 proprio
671 2505 830 2586 clero,qui
844 2504 1004 2583 dispenset
1018 2497 1239 2562 resecclesias·

227 2629 244 2664 ιι
255 2608 334 2669 ticas
344 2608 517 2670 secundum
529 2606 719 2669 sententiam
730 2602 879 2684 Episcopi
894 2602 918 2662 ¹.
935 2623 951 2660 ιι

284 2706 370 2768 Licet
390 2726 411 2767 a
428 2697 580 2786 prim‘aeva
596 2710 700 2780 atate,
722 2703 826 2782 gravis
844 2696 1025 2761 immutatio
1044 2692 1188 2780 evenerit
1205 2692 1237 2753 in
1311 2691 1312 2736 ἶ

223 2803 376 2884 regimine
386 2804 554 2881 bonorum,
570 2791 722 2864 remansit
731 2797 909 2880 jurisdictio
921 2794 1064 2858 eminens
1073 2790 1241 2873 Episcopi,
1311 2793 1312 2874 J

223 2919 288 2964 non
297 2920 356 2981 pro
369 2901 510 2978 arbitrio,
526 2901 582 2962 scd
592 2901 633 2963 a'd
642 2897 863 2980 prescriptum
878 2909 1037 2956 canonum
1050 2889 1214 2954 exerenda
1233 2908 1241 2952 :
1311 2963 1312 2966 Ἴ

224 2999 443 3078 quamobrem,
460 2998 536 3059 dum
550 2999 581 3059 S.
594 2997 740 3060 Pontifex
756 2993 863 3056 electis
875 2992 909 3053 in
925 2990 1100 3071 Episcopos
1112 2989 1238 3050 conlcrt

222 3094 464 3172 institutionem,
478 3096 528 3156 his
539 3095 644 3157 verbis
655 3094 730 3176 jura
744 3088 949 3172 Episcopatui
963 3104 1107 3150 connexa
1124 3085 1241 3165 signifi·
1311 3083 1312 3140 l

225 3199 297 3254 cat:
316 3218 331 3250 a
345 3195 371 3254 N
374 3213 407 3256 os
418 3213 528 3257 curam
542 3199 574 3255 et
586 3189 893 3260 administrationem
907 3188 933 3248 N
937 3232 945 3247 .
961 3182 1110 3246 Ecclesiae
1125 3181 1161 3243 in
1173 3181 1242 3262 spi·
1311 3209 1312 3262 ι

226 3313 242 3349 a
257 3292 425 3354 ritualibus
440 3296 472 3354 et
486 3291 724 3372 temporalibus,
746 3291 787 3355 N.
806 3284 948 3367 plenarie
963 3279 1205 3370 committimus.
1223 3301 1238 3338 ιι

224 3389 316 3452 Ratio
336 3395 382 3452 est
397 3390 503 3471 quoad
514 3393 692 3467 ,utramque
709 3391 834 3467 partem
853 3380 1045 3454 assertionis,
1063 3377 1239 3459 quodcum
1311 3455 1312 3460 ἵ

223 3487 365 3551 Ecclesia
382 3487 574 3568 valeat-jure
590 3486 697 3547 divino
715 3499 901 3565 comparare
919 3477 1060 3542 dominia
1079 3477 1239 3539 bonorum
1311 3471 1312 3488 ³

273 3687 296 3734 l.
310 3685 407 3745 Labbe,
423 3683 528 3736 Colloct.
541 3683 643 3745 conati„
656 3685 715 3734 tom
728 3682 771 3745 IV,
785 3680 847 3732 coll.
860 3679 917 3732 ms.
