2632 4260
238 239 273 292 52
500 249 501 256 ¹
604 239 682 288 Plus
701 239 735 288 lt.
759 237 890 288 utuntul.

236 366 426 423 tonsuram:
446 355 600 418 «facilius
629 354 807 418 mortaliter
835 354 961 437 peccari
989 373 1054 417 non
1084 354 1259 416 deferendo

237 555 375 635 graviter
401 555 431 614 si
449 553 622 615 identidem
646 552 780 632 prodeat
805 553 838 614 in
864 553 971 614 locum
994 551 1159 632 publicum
1186 569 1261 612 cum

49 667 51 672 ’
148 694 151 698 -
235 658 322 715 vaste
349 652 465 725 laicali,
494 651 570 711 dum
594 669 657 712 non
681 649 826 729 arguitur
851 651 974 730 peccati
997 649 1123 711 lethalis
1149 648 1179 710 si
1203 667 1261 728 per

236 771 336 812 unum
352 754 406 810 ant
421 749 556 810 alterum
573 765 715 810 mensem
732 766 884 809 coronam
898 767 962 810 non
980 749 1111 823 deferat,
1132 744 1262 808 etiamsi

236 848 361 909 nullum
380 846 547 925 vestigium
567 846 606 908 dc
628 864 666 908 ea
686 850 851 926 appareat,
873 851 909 908 ut
927 843 1073 908 nonnulli
1092 845 1260 918 dixerunt,

236 963 373 1026 quorum
393 943 574 1023 opinionem
592 944 699 1020 refert,
718 962 777 1006 nec
795 943 957 1023 improbat
974 945 1006 1005 S.
1024 943 1165 1026 Lignori.
1190 943 1262 1002 Non

237 1043 329 1104 aliter
348 1042 451 1121 legem
469 1041 740 1122 interpretabatur
756 1043 792 1102 D.
814 1043 940 1123 Emcry,
961 1040 1050 1122 cujus
1067 1041 1166 1102 verba
1183 1057 1263 1100 mox

236 1140 439 1222 protulimus.

357 1315 387 1374 t.
408 1345 446 1357 -
459 1277 505 1372 De
519 1309 645 1372 ociando
658 1309 880 1374 cohabitatione
894 1330 962 1372 cum
976 1308 1165 1372 mutieribus

1304 233 1305 264 l

236 458 382 520 habitum
407 474 504 536 quam
527 471 697 529 coronam;
721 477 737 512 u
760 454 836 534 quia
854 473 969 534 nempe
991 453 1123 516 clericus
1143 458 1260 532 peccat

1304 1431 1305 1452 ι

1304 1453 1305 1486 l

1304 1489 1305 1532 ι

292 1501 361 1562 343.
373 1533 411 1546 -
419 1501 443 1559 Ι.
455 1499 629 1562 Concilium
640 1499 813 1575 Nicaenunr,
827 1518 947 1567 canone
960 1501 1004 1576 3⁰,
1016 1497 1185 1560 interdixit
1197 1498 1260 1558 cle·
1304 1533 1305 1594 t

238 1597 436 1660 ricishabcre
446 1621 461 1654 «
474 1597 747 1660 subintroductam
757 1596 1033 1673 mulierem¹,nisi
1043 1600 1099 1658 aut
1107 1601 1261 1670 matrem,
1304 1597 1305 1680 t

229 1689 257 1752 ἰι
272 1701 327 1757 aut
344 1715 494 1770 sororem,
512 1701 567 1756 aut
581 1695 722 1771 amitam,
740 1696 793 1758 vel
806 1713 859 1758 aas
877 1701 1001 1758 tanturn
1017 1713 1172 1775 personas
1188 1711 1261 1774 quae

240 1794 483 1873 «suspicionem
513 1793 679 1867 effugiunt.
708 1816 724 1850 »
756 1793 931 1856 Concilium
959 1793 1214 1872 Carthaginense
1240 1809 1263 1852 u
1304 1799 1305 1882 t

238 1891 385 1971 adjunxit
398 1892 480 1952 filias
491 1892 626 1953 fratrum
639 1892 691 1953 vel
702 1910 857 1966 sororum,
875 1897 906 1953 ot
921 1895 1051 1953 caeteras
1061 1907 1175 1952 omnes
1187 1906 1263 1968 quae
1304 1883 1305 1958 l

239 2007 278 2052 ex
299 1990 473 2051 domestica
493 1989 691 2064 necessitate,
718 1990 814 2052 etiam
835 1995 1006 2070 antequam
1031 1989 1264 2051 ordinarentur

238 2086 354 2160 clerici,
373 2087 440 2165 jam
461 2106 533 2148 cum
552 2087 595 2148 eis
612 2070 811 2150 habitabant.
832 2087 921 2169 (Gap.
942 2084 1186 2160 Cumomuibus,
1206 2085 1261 2160 27,
1304 2071 1305 2138 l

231 2184 309 2250 dist.
332 2194 438 2246 txxxr
453 2183 472 2262 .)
492 2186 602 2247 Plures
620 2204 678 2265 per
698 2185 865 2247 decursum
884 2191 1066 2265 temporum
1085 2183 1165 2244 editi
1185 2187 1266 2242 sunt

238 2300 375 2344 canones
400 2283 515 2364 quibus
540 2283 642 2345 omnis
671 2282 864 2344 cohabitatio
891 2301 963 2344 cum
988 2281 1188 2354 mulieribus
1223 2298 1265 2340 ne
1304 2279 1305 2360 i

238 2387 370 2461 excepta
381 2381 509 2460 quidem
521 2386 634 2457 matre,
650 2379 916 2457 interdicebatur3
932 2381 987 2442 sed
999 2379 1206 2442 Innocentius
1221 2378 1266 2439 lll

238 2477 321 2538 hanc
342 2479 472 2538 nimiam
496 2476 696 2538 severitatem
720 2479 908 2558 temperavit
926 2497 984 2558 per
1003 2477 1206 2540 Deeratalem
1233 2475 1263 2536 Α
1304 2475 1305 2558 l

238 2574 333 2649 notri,
348 2580 378 2652 9,
395 2592 432 2634 ou
447 2576 693 2637 Gousurmrrona
707 2593 891 2640 cmmconuu
904 2594 944 2639 ur
957 2575 1179 2649 uuamauu,in
1194 2593 1267 2654 qua

239 2671 367 2734 statuit:
386 2697 401 2727 ιι
415 2673 492 2733 Gom
501 2671 621 2734 clericis
631 2692 694 2734 non
705 2675 871 2753 permittas
881 2673 1084 2735 mulierculas
1093 2672 1263 2746 habitare,

243 2789 259 2828 ιι
272 2769 333 2829 nisi
353 2770 434 2830 forte
459 2771 498 2830 de
518 2769 580 2830 illis
599 2771 741 2850 personis
763 2771 900 2833 existant
919 2771 952 2832 in
972 2771 1087 2851 quihus
1109 2771 1267 2830 naturale
1304 2789 1305 2792 ¹

243 2891 254 2924 ι
272 2869 375 2930 foedus
390 2867 469 2928 nihil
482 2868 637 2948 permittit
649 2870 724 2932 saevi
736 2869 874 2932 criminis
886 2867 1048 2948 suspicari.
1062 2888 1078 2927 u

298 2967 344 3026 En
353 2966 543 3046 principium
552 2966 699 3047 generale
712 2985 719 3028 :
733 2985 869 3029 canonas
881 2971 990 3030 vetant
999 2984 1038 3026 ne
1052 2964 1160 3027 cleriei
1171 2963 1267 3042 apud

238 3083 270 3126 sa
285 3064 448 3125 detineant
458 3065 605 3127 foeminas
619 3066 656 3127 de
671 3065 785 3145 quibus
801 3065 936 3145 suscipio
951 3083 1019 3126 csse
1032 3062 1143 3145 possit.
1162 3064 1267 3134 Quae-

238 3181 314 3224 nam
336 3162 484 3223 mulieres
504 3161 537 3223 vi
557 3162 651 3242 hujus
670 3162 818 3242 principii
838 3166 1072 3236 removeantur,
1096 3159 1211 3239 praxis
1235 3165 1269 3221 et
1304 3201 1305 3242 3

238 3265 358 3324 statuta
371 3261 514 3322 locorum
526 3260 719 3340 praefiniunt,
735 3261 852 3323 scilicet
866 3279 873 3323 :
890 3261 921 3333 1⁰,
934 3259 1072 3322 foeminae
1086 3275 1159 3338 quae
1173 3257 1270 3332 mala
1304 3245 1305 3248 ¹

237 3359 324 3420 fama
338 3365 501 3434 notantur,
513 3363 568 3419 aut
581 3377 651 3438 quae
665 3378 722 3421 sua
734 3359 860 3420 levitate
871 3377 907 3419 ac
917 3357 1034 3443 agendi
1042 3357 1170 3418 ratione
1181 3357 1270 3417 dant

239 3455 345 3517 locum
366 3455 515 3519 scandalo
541 3455 700 3530 fidelium3
725 3457 759 3516 2⁰
782 3473 892 3518 omnes
913 3473 983 3536 quae
1004 3473 1070 3518 non
1094 3453 1271 3532 attingunt
1304 3471 1305 3474 ¹

287 3637 310 3686 t.
320 3633 524 3687 Sotintroducto
543 3633 680 3688 dicabatur
696 3633 794 3686 mulier
808 3635 904 3687 devota
919 3635 983 3697 Deo,
999 3633 1159 3688 cannatum
1174 3631 1266 3698 profl-
1304 3693 1305 3698 η

238 3713 300 3762 taus
313 3714 339 3763 et
351 3713 509 3764 cohabitans
523 3726 586 3765 cum
598 3712 668 3766 clero
681 3725 761 3778 aquo
774 3712 924 3767 habebatur
939 3725 989 3766 ceu
1004 3723 1093 3766 soror.
