2642 4270
177 278 245 330 dfl'l·
267 279 302 328 11.
322 279 519 341 obsistebat,
539 279 746 330 rocoanonus
767 281 805 330 El*
823 281 992 332 aenariam.
1029 275 1091 332 ’553

73 419 96 455 α
118 397 224 480 quoad
248 397 391 460 chorales
417 396 651 459 distributiones
674 421 705 458 ».
731 396 788 477 (De
811 395 946 480 Syocdo,
971 399 1038 484 lib„
1051 401 1091 476 V,

70 512 147 575 cap.
165 511 231 569 rm,
248 504 283 558 n⁰
297 496 333 569 53
349 493 404 555 lib.
420 495 500 568 Xlll,
518 513 586 574 cap.
603 512 660 568 xu,
677 502 712 554 n⁰
727 495 790 576 22.)

137 593 206 655 614.
224 626 264 638 -
276 592 328 653 lll.
346 591 483 655 Clericus
494 597 619 654 tenetur
630 611 762 672 erogare
771 593 805 653 in
818 593 887 673 pios
899 613 974 656 usus
984 612 1089 674 super·

69 690 143 754 ilua
159 688 340 752 reddituum
357 689 514 752 bonorum
534 689 829 766 ecclesiasticorum,
850 693 883 752 id
905 697 952 755 est
973 692 1090 755 beneti-

71 804 208 848 crorum.

135 883 309 948 Concilium
330 884 547 947 Tridentinum
562 885 724 966 Episcopis
740 909 756 944 «
771 885 902 948 omnino
919 885 1090 963 interdicit,
1187 911 1196 929 ¹

78 1002 94 1042 e
115 998 156 1046 ne
179 999 219 1044 ex
242 982 416 1046 redditibus
437 983 583 1046 Ecclesia
608 983 858 1063 consanguineos
880 985 1090 1048 familiaresve

77 1102 94 1141 e
115 1099 190 1143 suos
202 1099 319 1160 augere
329 1082 477 1144 studeant
490 1099 498 1144 ε
511 1099 581 1144 eum
593 1086 624 1143 et
635 1081 858 1162 Apostolorum
868 1080 1005 1144 canones
1014 1071 1090 1165 pro-

74 1202 91 1238 «
115 1178 248 1242 hibeant
262 1197 302 1241 ne
319 1198 370 1243 res
384 1179 621 1259 ecclesiasticas,
641 1199 713 1261 quae
727 1181 784 1243 Dei
798 1186 881 1258 sunt,
899 1181 1090 1262 consangui-

77 1299 93 1338 α
115 1275 183 1338 ueis
197 1278 333 1356 donent;
354 1278 409 1340 sed
426 1279 622 1359 sipauperes
636 1279 708 1355 sint,
723 1279 761 1340 iis
775 1285 811 1340 ut
825 1280 1019 1361 pauperibus
1033 1278 1090 1342 tri·

77 1395 93 1434 c
114 1374 226 1452 buant,
243 1394 295 1440 eas
309 1382 415 1439 autem
434 1394 499 1438 non
513 1376 702 1452 distrahant,
719 1396 778 1439 nec
797 1378 950 1457 dissipent
963 1377 1091 1440 illorum

76 1497 91 1528 κ
115 1491 248 1536 causa...
270 1475 345 1548 Quae
364 1493 438 1537 vero
457 1475 497 1536 de
514 1475 677 1556 Episcopis
692 1475 777 1538 dieta
793 1480 879 1550 sunt,
898 1477 1009 1537 eadem
1026 1494 1091 1538 non

74 1572 218 1634 «solum
244 1572 279 1635 in
307 1572 557 1654 quibuscumque
585 1574 739 1636 beneficia
767 1573 993 1648 ecelesiastica,
1023 1577 1091 1634 tam

66 1693 91 1730 n
114 1669 280 1734 saecularia
294 1689 391 1752 quam
410 1672 569 1751 regularia
588 1671 813 1746 obtinentibus,
832 1691 891 1751 pro
909 1671 1025 1752 gradus
1042 1669 1091 1733 sui

77 1788 93 1826 e
114 1768 295 1832 conditione
306 1769 478 1843 observari,
486 1770 542 1832 sed
552 1774 584 1831 et
594 1769 634 1830 ad
645 1770 676 1830 S.
692 1771 727 1830 R.
743 1770 889 1831 Ecclesiae
902 1769 1091 1833 Cardinales

74 1891 92 1922 e
113 1865 273 1946 pertinere
286 1866 426 1930 decernit
438 1891 467 1929 ».
483 1867 576 1949 (Sess.
591 1884 668 1941 xxv,
683 1885 753 1946 cap.
767 1884 789 1944 1,
804 1866 840 1928 de
851 1866 1003 1947 Reform.)
1015 1861 1090 1930 Haet

71 1963 112 2025 de
124 1963 298 2045 Episcopis,
313 1964 471 2026 canonicis
484 1969 515 2026 et
527 1964 690 2044 Paroehis,
703 1965 768 2045 qui,
783 1965 816 2025 in
828 1965 934 2027 locum
946 1969 1088 2027 veterum

69 2060 311 2140 beneficiorum,
332 2062 490 2143 recipiunt
508 2063 676 2143 pensiones
692 2081 711 2124 a
731 2063 886 2144 gubernio
902 2062 986 2124 civili
997 2063 1090 2143 juxta

71 2158 298 2221 conventiones
318 2159 413 2222 initas
435 2178 508 2221 cum
531 2161 648 2222 Sancta
670 2160 763 2237 Sede,
788 2160 996 2239 intelligenda
1022 2177 1089 2222 esse

70 2255 192 2336 pluries
206 2256 380 2321 declaravit
394 2260 426 2322 S.
440 2259 689 2320 Poenitentiaria.
708 2258 834 2320 Censuit
848 2258 997 2318 nimirum
1010 2276 1088 2337 pen·
1200 2247 1210 2264 ⁸

70 2354 178 2418 siones
199 2355 385 2436 constitutas
403 2356 534 2418 induere
554 2361 701 2418 naturam
724 2356 882 2418 bonorum
901 2355 1089 2418 ecclesiasti·

72 2453 1089 2535 corum,etenneeomtebereobligationemintaerentemtisbonz‘s;

70 2550 197 2627 scib'eet,
214 2551 349 2614 strictam
368 2550 579 2634 obligationem
599 2550 785 2632 expendendi
805 2549 957 2632 superflue
972 2569 1089 2633 paupe·
1184 2580 1188 2587 ·

71 2647 169 2726 ribus,
184 2667 236 2711 eeu
245 2651 307 2730 piis
320 2649 417 2712 causes
435 2668 443 2711 :
461 2651 546 2730 quod
561 2651 730 2712 dicendum
745 2654 895 2728 putamus
909 2649 948 2710 de
963 2647 1090 2728 supple-

71 2751 181 2810 mento
191 2748 361 2828 pensionis,
374 2752 407 2809 et
416 2749 492 2809 satis
502 2748 709 2828 probabiliter
723 2748 761 2808 de
774 2746 987 2808 oblationibus
998 2747 1088 2808 iactis

71 2845 195 2908 ratione
215 2845 312 2922 tituli,
327 2864 392 2908 non
401 2864 478 2908 vero
492 2851 580 2908 aetus
591 2845 777 2925 personalis,
791 2849 934 2924 utsupra
947 2843 1088 2924 expliea-

10 3001 14 3012 ,
72 2948 141 3005 tum
150 2942 211 3004 fuit
221 2942 270 3024 'ln‘
280 2943 351 3026 583)
364 2948 395 3007 et
408 2944 584 3025 praesertim
599 2952 633 3004 n⁰
647 2942 730 3024 594).
745 2943 913 3023 (Tracti).
929 2939 1081 3016 Garriere,
1184 2981 1187 2988 ·

71 3038 107 3102 de
120 3039 257 3115 Justitzb,
274 3041 317 3102 u¹⁸
334 3043 403 3120 182,
423 3043 509 3123 193.)

131 3139 277 3211 Quonam
291 3143 399 3200 autem
412 3140 505 3202 titulo
518 3139 672 3200 innitatur
684 3139 849 3216 obligatio,
867 3157 907 3199 an
919 3135 1012 3197 titulo
1021 3133 1092 3214 jusu

70 3235 163 3312 titioe,
178 3255 219 3298 an
233 3237 327 3299 titulo
339 3237 499 3318 religionis
513 3241 545 3298 et
555 3237 636 3316 juris
649 3236 805 3311 canonici,
821 3234 953 3296 dubium
968 3237 1026 3296 est.

132 3333 254 3409 Plures,
266 3335 441 3415 praesertim
454 3353 492 3397 ex
503 3333 745 3414 antiquioribus,
759 3332 954 3394 arbitrantur
965 3329 1087 3407 obliga·

70 3431 194 3494 tionem
211 3431 287 3493 oriri
305 3451 344 3494 ex
363 3433 471 3494 stricta
485 3432 628 3514 justitia;
646 3431 729 3493 unde
745 3429 938 3492 concludunt
957 3427 1087 3489 elericos

69 3528 291 3610 impendentes
308 3532 469 3612 superflua
483 3532 640 3593 bonorum
659 3528 943 3592 ecclesiasticorum
960 3527 993 3586 iu
1013 3542 1088 3586 usus
1164 3529 1167 3532 ’

70 3627 235 3710 profanos,
253 3627 354 3690 teneri
372 3629 414 3690 ad
429 3630 671 3707 restitutionem,
688 3632 744 3692 aut
761 3626 921 3698 Ecclesiae,
935 3627 996 3704 aut
1010 3640 1087 3702 pau·

71 3725 202 3807 peribus
227 3725 415 3806 taciendam,
440 3728 614 3808 eodemque
641 3746 735 3790 onere
758 3723 912 3804 adstringi
934 3739 1043 3785 omnes
1068 3737 1092 3800 a
