<?xml version="1.0" encoding="UTF-8"?>
<!DOCTYPE html PUBLIC "-//W3C//DTD XHTML 1.0 Transitional//EN"
    "http://www.w3.org/TR/xhtml1/DTD/xhtml1-transitional.dtd">
<html xmlns="http://www.w3.org/1999/xhtml" xml:lang="en" lang="en">
 <head>
  <title>
</title>
<meta http-equiv="Content-Type" content="text/html;charset=utf-8" />
  <meta name='ocr-system' content='tesseract 3.04.00' />
  <meta name='ocr-capabilities' content='ocr_page ocr_carea ocr_par ocr_line ocrx_word'/>
</head>
<body>
  <div class='ocr_page' id='page_1' title='image "./praelectionesju00murrgoog_0548.png"; bbox 0 0 2642 4268; ppageno 0'>
   <div class='ocr_carea' id='block_1_1' title="bbox 150 253 1098 323">
    <p class='ocr_par' dir='ltr' id='par_1_1' title="bbox 150 253 1098 323">
     <span class='ocr_line' id='line_1_1' title="bbox 150 253 1098 323; baseline -0.007 -10"><span class='ocrx_word' id='word_1_1' title='bbox 150 261 217 313; x_wconf 72' lang='grc' dir='ltr'><strong>ΛΒΤ.</strong></span> <span class='ocrx_word' id='word_1_2' title='bbox 239 263 273 312; x_wconf 89' lang='grc' dir='ltr'><strong>ΙΙ.</strong></span> <span class='ocrx_word' id='word_1_3' title='bbox 294 261 490 323; x_wconf 71' lang='lat' dir='ltr'><strong>oneraturos,</strong></span> <span class='ocrx_word' id='word_1_4' title='bbox 511 263 720 313; x_wconf 73' lang='lat' dir='ltr'><strong>ruuourlours</strong></span> <span class='ocrx_word' id='word_1_5' title='bbox 739 265 775 312; x_wconf 77' lang='grc' dir='ltr'><strong>ΕΙ·</strong></span> <span class='ocrx_word' id='word_1_6' title='bbox 794 260 966 314; x_wconf 70' lang='lat' dir='ltr'><strong>enubilem.</strong></span> <span class='ocrx_word' id='word_1_7' title='bbox 1013 253 1064 311; x_wconf 71' lang='grc'><strong>539</strong></span> <span class='ocrx_word' id='word_1_8' title='bbox 1096 301 1098 305; x_wconf 96' lang='grc'>.</span> 
     </span>
    </p>
   </div>
   <div class='ocr_carea' id='block_1_2' title="bbox 2 379 1125 3032">
    <p class='ocr_par' dir='ltr' id='par_1_2' title="bbox 53 379 1067 764">
     <span class='ocr_line' id='line_1_2' title="bbox 54 379 1064 461; baseline -0.001 -18"><span class='ocrx_word' id='word_1_9' title='bbox 54 383 167 444; x_wconf 89' lang='lat' dir='ltr'><strong>eodem</strong></span> <span class='ocrx_word' id='word_1_10' title='bbox 184 399 276 442; x_wconf 87' lang='lat' dir='ltr'><strong>sensu</strong></span> <span class='ocrx_word' id='word_1_11' title='bbox 291 381 401 442; x_wconf 88' lang='lat' dir='ltr'><strong>asserit</strong></span> <span class='ocrx_word' id='word_1_12' title='bbox 415 398 422 440; x_wconf 91' lang='lat'><strong>:</strong></span> <span class='ocrx_word' id='word_1_13' title='bbox 438 404 454 438; x_wconf 94' lang='lat'>«</span> <span class='ocrx_word' id='word_1_14' title='bbox 470 379 654 456; x_wconf 84' lang='lat' dir='ltr'><strong>Dicendum,</strong></span> <span class='ocrx_word' id='word_1_15' title='bbox 676 381 789 461; x_wconf 90' lang='lat' dir='ltr'><strong>inquit,</strong></span> <span class='ocrx_word' id='word_1_16' title='bbox 811 381 921 443; x_wconf 90' lang='lat' dir='ltr'><strong>saltem</strong></span> <span class='ocrx_word' id='word_1_17' title='bbox 939 381 971 441; x_wconf 90' lang='lat' dir='ltr'><strong>vi</strong></span> <span class='ocrx_word' id='word_1_18' title='bbox 988 399 1064 442; x_wconf 87' lang='lat' dir='ltr'><strong>con·</strong></span> 
     </span>
     <span class='ocr_line' id='line_1_3' title="bbox 54 479 1067 562; baseline 0.001 -25"><span class='ocrx_word' id='word_1_19' title='bbox 54 502 70 538; x_wconf 90' lang='lat'>«</span> <span class='ocrx_word' id='word_1_20' title='bbox 85 480 270 555; x_wconf 81' lang='lat' dir='ltr'><strong>suetudinis,</strong></span> <span class='ocrx_word' id='word_1_21' title='bbox 283 479 455 560; x_wconf 85' lang='lat' dir='ltr'><strong>Episcopus</strong></span> <span class='ocrx_word' id='word_1_22' title='bbox 466 489 559 560; x_wconf 81' lang='lat' dir='ltr'><strong>posse</strong></span> <span class='ocrx_word' id='word_1_23' title='bbox 568 479 730 562; x_wconf 87' lang='lat' dir='ltr'><strong>imponere</strong></span> <span class='ocrx_word' id='word_1_24' title='bbox 742 480 921 561; x_wconf 87' lang='lat' dir='ltr'><strong>pensiones,</strong></span> <span class='ocrx_word' id='word_1_25' title='bbox 938 480 980 542; x_wconf 86' lang='lat' dir='ltr'><strong>ad</strong></span> <span class='ocrx_word' id='word_1_26' title='bbox 992 497 1067 558; x_wconf 90' lang='lat' dir='ltr'><strong>pen-</strong></span> 
     </span>
     <span class='ocr_line' id='line_1_4' title="bbox 55 578 1067 661; baseline -0.002 -20"><span class='ocrx_word' id='word_1_27' title='bbox 55 604 72 636; x_wconf 88' lang='lat'>«</span> <span class='ocrx_word' id='word_1_28' title='bbox 88 579 217 642; x_wconf 88' lang='lat' dir='ltr'><strong>sionarii</strong></span> <span class='ocrx_word' id='word_1_29' title='bbox 226 578 323 640; x_wconf 88' lang='lat' dir='ltr'><strong>vitam</strong></span> <span class='ocrx_word' id='word_1_30' title='bbox 332 597 365 640; x_wconf 91' lang='lat' dir='ltr'><strong>se</strong></span> <span class='ocrx_word' id='word_1_31' title='bbox 373 579 586 642; x_wconf 82' lang='lat' dir='ltr'><strong>extendentes.</strong></span> <span class='ocrx_word' id='word_1_32' title='bbox 600 603 616 636; x_wconf 87' lang='lat'>»</span> <span class='ocrx_word' id='word_1_33' title='bbox 625 579 784 661; x_wconf 58' lang='lat' dir='ltr'><strong>(Pirhing,</strong></span> <span class='ocrx_word' id='word_1_34' title='bbox 797 590 832 640; x_wconf 91' lang='lat' dir='ltr'><strong>n⁰</strong></span> <span class='ocrx_word' id='word_1_35' title='bbox 842 582 895 655; x_wconf 79' lang='lat' dir='ltr'><strong>to;</strong></span> <span class='ocrx_word' id='word_1_36' title='bbox 907 578 1067 642; x_wconf 88' lang='lat' dir='ltr'><strong>Schmalz·</strong></span> 
     </span>
     <span class='ocr_line' id='line_1_5' title="bbox 53 677 539 764; baseline -0.004 -24"><span class='ocrx_word' id='word_1_37' title='bbox 53 699 116 758; x_wconf 90' lang='lat' dir='ltr'><strong>gr.,</strong></span> <span class='ocrx_word' id='word_1_38' title='bbox 132 695 167 740; x_wconf 78' lang='lat' dir='ltr'><strong>uv</strong></span> <span class='ocrx_word' id='word_1_39' title='bbox 181 680 200 739; x_wconf 91' lang='lat'>8</span> <span class='ocrx_word' id='word_1_40' title='bbox 212 677 245 738; x_wconf 92' lang='lat' dir='ltr'><strong>in</strong></span> <span class='ocrx_word' id='word_1_41' title='bbox 259 677 307 739; x_wconf 91' lang='lat' dir='ltr'><strong>tit.</strong></span> <span class='ocrx_word' id='word_1_42' title='bbox 324 694 381 752; x_wconf 86' lang='lat' dir='ltr'><strong>xrr,</strong></span> <span class='ocrx_word' id='word_1_43' title='bbox 398 677 453 764; x_wconf 81' lang='lat' dir='ltr'><strong>lib.</strong></span> <span class='ocrx_word' id='word_1_44' title='bbox 470 677 539 759; x_wconf 76' lang='grc' dir='ltr'>ΙΙΙ.)</span> 
     </span>
    </p>

    <p class='ocr_par' dir='ltr' id='par_1_3' title="bbox 53 775 1125 1350">
     <span class='ocr_line' id='line_1_6' title="bbox 116 775 1067 856; baseline -0.003 -16"><span class='ocrx_word' id='word_1_45' title='bbox 116 780 269 840; x_wconf 82' lang='lat' dir='ltr'><strong>Caeterum</strong></span> <span class='ocrx_word' id='word_1_46' title='bbox 277 775 310 836; x_wconf 91' lang='lat' dir='ltr'><strong>iu</strong></span> <span class='ocrx_word' id='word_1_47' title='bbox 318 776 436 854; x_wconf 83' lang='lat' dir='ltr'><strong>Galliis,</strong></span> <span class='ocrx_word' id='word_1_48' title='bbox 445 776 500 836; x_wconf 93' lang='lat' dir='ltr'><strong>ubi</strong></span> <span class='ocrx_word' id='word_1_49' title='bbox 507 795 571 838; x_wconf 89' lang='lat' dir='ltr'><strong>non</strong></span> <span class='ocrx_word' id='word_1_50' title='bbox 580 775 814 839; x_wconf 89' lang='lat' dir='ltr'><strong>suntbeneficia</strong></span> <span class='ocrx_word' id='word_1_51' title='bbox 821 775 1067 856; x_wconf 83' lang='lat' dir='ltr'><strong>praeterEpisco-</strong></span> 
     </span>
     <span class='ocr_line' id='line_1_7' title="bbox 53 874 1065 956; baseline -0.001 -19"><span class='ocrx_word' id='word_1_52' title='bbox 53 881 159 956; x_wconf 81' lang='lat' dir='ltr'><strong>patus,</strong></span> <span class='ocrx_word' id='word_1_53' title='bbox 176 876 379 936; x_wconf 84' lang='lat' dir='ltr'><strong>canonicatus</strong></span> <span class='ocrx_word' id='word_1_54' title='bbox 394 879 425 936; x_wconf 87' lang='lat' dir='ltr'><strong>et</strong></span> <span class='ocrx_word' id='word_1_55' title='bbox 442 875 623 950; x_wconf 86' lang='lat' dir='ltr'><strong>Parochias,</strong></span> <span class='ocrx_word' id='word_1_56' title='bbox 640 893 691 936; x_wconf 86' lang='lat' dir='ltr'><strong>res</strong></span> <span class='ocrx_word' id='word_1_57' title='bbox 705 874 767 938; x_wconf 90' lang='lat' dir='ltr'><strong>alio</strong></span> <span class='ocrx_word' id='word_1_58' title='bbox 787 876 882 936; x_wconf 91' lang='lat' dir='ltr'><strong>modo</strong></span> <span class='ocrx_word' id='word_1_59' title='bbox 902 874 1065 955; x_wconf 90' lang='lat' dir='ltr'><strong>componi·</strong></span> 
     </span>
     <span class='ocr_line' id='line_1_8' title="bbox 53 973 1066 1054; baseline 0 -19"><span class='ocrx_word' id='word_1_60' title='bbox 53 980 107 1036; x_wconf 89' lang='lat' dir='ltr'><strong>tur</strong></span> <span class='ocrx_word' id='word_1_61' title='bbox 119 973 175 1053; x_wconf 93' lang='lat' dir='ltr'><strong>qui</strong></span> <span class='ocrx_word' id='word_1_62' title='bbox 185 973 404 1035; x_wconf 82' lang='lat' dir='ltr'><strong>difficultatem</strong></span> <span class='ocrx_word' id='word_1_63' title='bbox 416 974 601 1036; x_wconf 88' lang='lat' dir='ltr'><strong>canonicam</strong></span> <span class='ocrx_word' id='word_1_64' title='bbox 615 979 765 1036; x_wconf 84' lang='lat' dir='ltr'><strong>removet.</strong></span> <span class='ocrx_word' id='word_1_65' title='bbox 779 975 846 1036; x_wconf 91' lang='lat' dir='ltr'><strong>Non</strong></span> <span class='ocrx_word' id='word_1_66' title='bbox 857 974 1017 1054; x_wconf 89' lang='lat' dir='ltr'><strong>loquimur</strong></span> <span class='ocrx_word' id='word_1_67' title='bbox 1028 973 1066 1036; x_wconf 93' lang='lat' dir='ltr'><strong>de</strong></span> 
     </span>
     <span class='ocr_line' id='line_1_9' title="bbox 53 1070 1068 1154; baseline -0.002 -20"><span class='ocrx_word' id='word_1_68' title='bbox 53 1072 217 1153; x_wconf 80' lang='lat' dir='ltr'><strong>Episcopis</strong></span> <span class='ocrx_word' id='word_1_69' title='bbox 230 1073 285 1153; x_wconf 87' lang='lat' dir='ltr'><strong>qui</strong></span> <span class='ocrx_word' id='word_1_70' title='bbox 297 1089 362 1134; x_wconf 82' lang='lat' dir='ltr'><strong>suae</strong></span> <span class='ocrx_word' id='word_1_71' title='bbox 378 1072 444 1134; x_wconf 86' lang='lat' dir='ltr'><strong>sedi</strong></span> <span class='ocrx_word' id='word_1_72' title='bbox 456 1072 657 1148; x_wconf 81' lang='lat' dir='ltr'><strong>renuntiant3</strong></span> <span class='ocrx_word' id='word_1_73' title='bbox 673 1072 750 1154; x_wconf 86' lang='lat' dir='ltr'><strong>ipsis</strong></span> <span class='ocrx_word' id='word_1_74' title='bbox 765 1074 925 1135; x_wconf 78' lang='lat' dir='ltr'><strong>confertur</strong></span> <span class='ocrx_word' id='word_1_75' title='bbox 940 1070 1068 1134; x_wconf 86' lang='lat' dir='ltr'><strong>eanoni-</strong></span> 
     </span>
     <span class='ocr_line' id='line_1_10' title="bbox 56 1170 1125 1252; baseline -0.002 -18"><span class='ocrx_word' id='word_1_76' title='bbox 56 1177 146 1234; x_wconf 88' lang='lat' dir='ltr'><strong>eatus</strong></span> <span class='ocrx_word' id='word_1_77' title='bbox 164 1170 294 1252; x_wconf 88' lang='lat' dir='ltr'><strong>capituli</strong></span> <span class='ocrx_word' id='word_1_78' title='bbox 312 1170 589 1252; x_wconf 88' lang='lat' dir='ltr'><strong>Sancti-Dionysii,</strong></span> <span class='ocrx_word' id='word_1_79' title='bbox 611 1175 667 1233; x_wconf 90' lang='lat' dir='ltr'><strong>aut</strong></span> <span class='ocrx_word' id='word_1_80' title='bbox 680 1171 791 1251; x_wconf 88' lang='lat' dir='ltr'><strong>pensio</strong></span> <span class='ocrx_word' id='word_1_81' title='bbox 811 1189 919 1233; x_wconf 89' lang='lat' dir='ltr'><strong>annua</strong></span> <span class='ocrx_word' id='word_1_82' title='bbox 939 1189 1066 1234; x_wconf 85' lang='lat' dir='ltr'><strong>assecu·</strong></span> <span class='ocrx_word' id='word_1_83' title='bbox 1123 1235 1125 1244; x_wconf 84' lang='lat'>.</span> 
     </span>
     <span class='ocr_line' id='line_1_11' title="bbox 55 1269 589 1350; baseline -0.007 -18"><span class='ocrx_word' id='word_1_84' title='bbox 55 1269 353 1350; x_wconf 86' lang='lat' dir='ltr'><strong>raturagubernio.</strong></span> <span class='ocrx_word' id='word_1_85' title='bbox 586 1280 589 1288; x_wconf 87' lang='grc'><em>·</em></span> 
     </span>
    </p>

    <p class='ocr_par' dir='ltr' id='par_1_4' title="bbox 2 1368 1073 2242">
     <span class='ocr_line' id='line_1_12' title="bbox 113 1368 1066 1446; baseline -0.002 -13"><span class='ocrx_word' id='word_1_86' title='bbox 113 1368 263 1433; x_wconf 84' lang='lat' dir='ltr'><strong>Canonici</strong></span> <span class='ocrx_word' id='word_1_87' title='bbox 284 1388 347 1430; x_wconf 90' lang='lat' dir='ltr'><strong>nou</strong></span> <span class='ocrx_word' id='word_1_88' title='bbox 368 1368 533 1446; x_wconf 86' lang='lat' dir='ltr'><strong>resignant</strong></span> <span class='ocrx_word' id='word_1_89' title='bbox 553 1387 644 1430; x_wconf 89' lang='lat' dir='ltr'><strong>suum</strong></span> <span class='ocrx_word' id='word_1_90' title='bbox 665 1370 855 1432; x_wconf 85' lang='lat' dir='ltr'><strong>beneficium</strong></span> <span class='ocrx_word' id='word_1_91' title='bbox 875 1371 916 1432; x_wconf 94' lang='lat' dir='ltr'><strong>ob</strong></span> <span class='ocrx_word' id='word_1_92' title='bbox 937 1389 1066 1432; x_wconf 85' lang='lat' dir='ltr'><strong>eausam</strong></span> 
     </span>
     <span class='ocr_line' id='line_1_13' title="bbox 54 1467 1067 1550; baseline 0 -20"><span class='ocrx_word' id='word_1_93' title='bbox 54 1468 265 1544; x_wconf 80' lang='lat' dir='ltr'><strong>infirmitatis3</strong></span> <span class='ocrx_word' id='word_1_94' title='bbox 282 1469 307 1530; x_wconf 88' lang='lat' dir='ltr'><strong>si</strong></span> <span class='ocrx_word' id='word_1_95' title='bbox 322 1468 385 1530; x_wconf 90' lang='lat' dir='ltr'><strong>alia</strong></span> <span class='ocrx_word' id='word_1_96' title='bbox 395 1467 517 1530; x_wconf 90' lang='lat' dir='ltr'><strong>ratione</strong></span> <span class='ocrx_word' id='word_1_97' title='bbox 529 1474 684 1548; x_wconf 88' lang='lat' dir='ltr'><strong>cogantur</strong></span> <span class='ocrx_word' id='word_1_98' title='bbox 697 1468 778 1530; x_wconf 91' lang='lat' dir='ltr'><strong>illud</strong></span> <span class='ocrx_word' id='word_1_99' title='bbox 791 1469 960 1543; x_wconf 78' lang='lat' dir='ltr'><strong>dimittere,</strong></span> <span class='ocrx_word' id='word_1_100' title='bbox 978 1469 1067 1550; x_wconf 83' lang='lat' dir='ltr'><strong>Epis-</strong></span> 
     </span>
     <span class='ocr_line' id='line_1_14' title="bbox 55 1567 1071 1649; baseline -0.002 -18"><span class='ocrx_word' id='word_1_101' title='bbox 55 1587 156 1649; x_wconf 87' lang='lat' dir='ltr'><strong>copus</strong></span> <span class='ocrx_word' id='word_1_102' title='bbox 185 1587 248 1630; x_wconf 90' lang='lat' dir='ltr'><strong>non</strong></span> <span class='ocrx_word' id='word_1_103' title='bbox 275 1572 380 1648; x_wconf 89' lang='lat' dir='ltr'><strong>potest</strong></span> <span class='ocrx_word' id='word_1_104' title='bbox 401 1585 440 1628; x_wconf 88' lang='lat' dir='ltr'><strong>ex</strong></span> <span class='ocrx_word' id='word_1_105' title='bbox 464 1567 567 1630; x_wconf 86' lang='lat' dir='ltr'><strong>officio</strong></span> <span class='ocrx_word' id='word_1_106' title='bbox 592 1567 756 1648; x_wconf 90' lang='lat' dir='ltr'><strong>imponere</strong></span> <span class='ocrx_word' id='word_1_107' title='bbox 782 1569 967 1648; x_wconf 88' lang='lat' dir='ltr'><strong>pensionem</strong></span> <span class='ocrx_word' id='word_1_108' title='bbox 991 1587 1071 1648; x_wconf 85' lang='lat' dir='ltr'><strong>prae·</strong></span> 
     </span>
     <span class='ocr_line' id='line_1_15' title="bbox 2 1666 1072 1747; baseline -0.001 -20"><span class='ocrx_word' id='word_1_109' title='bbox 2 1700 4 1711; x_wconf 71' lang='lat'><strong>,</strong></span> <span class='ocrx_word' id='word_1_110' title='bbox 56 1666 168 1728; x_wconf 85' lang='lat' dir='ltr'><strong>bendae</strong></span> <span class='ocrx_word' id='word_1_111' title='bbox 182 1672 353 1741; x_wconf 73' lang='lat' dir='ltr'><strong>vacatura,</strong></span> <span class='ocrx_word' id='word_1_112' title='bbox 369 1683 443 1746; x_wconf 81' lang='lat' dir='ltr'><strong>quae·</strong></span> <span class='ocrx_word' id='word_1_113' title='bbox 455 1670 523 1728; x_wconf 87' lang='lat' dir='ltr'><strong>tota</strong></span> <span class='ocrx_word' id='word_1_114' title='bbox 537 1666 730 1729; x_wconf 81' lang='lat' dir='ltr'><strong>consistitin</strong></span> <span class='ocrx_word' id='word_1_115' title='bbox 750 1667 902 1747; x_wconf 87' lang='lat' dir='ltr'><strong>pensione</strong></span> <span class='ocrx_word' id='word_1_116' title='bbox 921 1666 1072 1729; x_wconf 87' lang='lat' dir='ltr'><strong>solvenda</strong></span> 
     </span>
     <span class='ocr_line' id='line_1_16' title="bbox 56 1763 1072 1845; baseline -0.002 -19"><span class='ocrx_word' id='word_1_117' title='bbox 56 1785 76 1826; x_wconf 89' lang='lat' dir='ltr'><strong>a</strong></span> <span class='ocrx_word' id='word_1_118' title='bbox 85 1764 242 1845; x_wconf 81' lang='lat' dir='ltr'><strong>gubernio</strong></span> <span class='ocrx_word' id='word_1_119' title='bbox 252 1770 283 1826; x_wconf 89' lang='lat' dir='ltr'><strong>et</strong></span> <span class='ocrx_word' id='word_1_120' title='bbox 291 1764 344 1825; x_wconf 89' lang='lat' dir='ltr'><strong>vix</strong></span> <span class='ocrx_word' id='word_1_121' title='bbox 356 1763 472 1826; x_wconf 79' lang='lat' dir='ltr'><strong>sufficit</strong></span> <span class='ocrx_word' id='word_1_122' title='bbox 480 1765 522 1826; x_wconf 90' lang='lat' dir='ltr'><strong>ad</strong></span> <span class='ocrx_word' id='word_1_123' title='bbox 533 1782 707 1843; x_wconf 87' lang='lat' dir='ltr'><strong>congruam</strong></span> <span class='ocrx_word' id='word_1_124' title='bbox 722 1766 983 1827; x_wconf 82' lang='lat' dir='ltr'><strong>sustentationem</strong></span> <span class='ocrx_word' id='word_1_125' title='bbox 998 1765 1072 1826; x_wconf 88' lang='lat' dir='ltr'><strong>titu-</strong></span> 
     </span>
     <span class='ocr_line' id='line_1_17' title="bbox 56 1862 1069 1942; baseline 0 -18"><span class='ocrx_word' id='word_1_126' title='bbox 56 1863 143 1925; x_wconf 73' lang='lat' dir='ltr'><strong>laris,</strong></span> <span class='ocrx_word' id='word_1_127' title='bbox 161 1863 349 1926; x_wconf 90' lang='lat' dir='ltr'><strong>Providetur</strong></span> <span class='ocrx_word' id='word_1_128' title='bbox 359 1863 599 1925; x_wconf 87' lang='lat' dir='ltr'><strong>necessitatibus</strong></span> <span class='ocrx_word' id='word_1_129' title='bbox 609 1862 801 1925; x_wconf 87' lang='lat' dir='ltr'><strong>beneficiarii</strong></span> <span class='ocrx_word' id='word_1_130' title='bbox 816 1863 1016 1942; x_wconf 87' lang='lat' dir='ltr'><strong>resignantis,</strong></span> <span class='ocrx_word' id='word_1_131' title='bbox 1030 1882 1069 1924; x_wconf 84' lang='lat' dir='ltr'><strong>cx</strong></span> 
     </span>
     <span class='ocr_line' id='line_1_18' title="bbox 56 1962 1071 2044; baseline -0.002 -19"><span class='ocrx_word' id='word_1_132' title='bbox 56 1963 150 2025; x_wconf 90' lang='lat' dir='ltr'><strong>bonis</strong></span> <span class='ocrx_word' id='word_1_133' title='bbox 162 1965 202 2024; x_wconf 92' lang='lat' dir='ltr'><strong>de</strong></span> <span class='ocrx_word' id='word_1_134' title='bbox 218 1962 332 2043; x_wconf 91' lang='lat' dir='ltr'><strong>quibus</strong></span> <span class='ocrx_word' id='word_1_135' title='bbox 348 1962 487 2042; x_wconf 85' lang='lat' dir='ltr'><strong>disponit</strong></span> <span class='ocrx_word' id='word_1_136' title='bbox 502 1962 589 2024; x_wconf 90' lang='lat' dir='ltr'><strong>ouria</strong></span> <span class='ocrx_word' id='word_1_137' title='bbox 602 1962 808 2044; x_wconf 59' lang='lat' dir='ltr'><strong>Episcopum,</strong></span> <span class='ocrx_word' id='word_1_138' title='bbox 827 1963 878 2024; x_wconf 91' lang='lat' dir='ltr'><strong>vel</strong></span> <span class='ocrx_word' id='word_1_139' title='bbox 893 1963 1071 2043; x_wconf 86' lang='lat' dir='ltr'><strong>postulatur</strong></span> 
     </span>
     <span class='ocr_line' id='line_1_19' title="bbox 57 2061 1073 2143; baseline -0.004 -17"><span class='ocrx_word' id='word_1_140' title='bbox 57 2062 181 2143; x_wconf 87' lang='lat' dir='ltr'><strong>pensio,</strong></span> <span class='ocrx_word' id='word_1_141' title='bbox 199 2081 295 2142; x_wconf 92' lang='lat' dir='ltr'><strong>quam</strong></span> <span class='ocrx_word' id='word_1_142' title='bbox 310 2061 468 2123; x_wconf 86' lang='lat' dir='ltr'><strong>ordinarie</strong></span> <span class='ocrx_word' id='word_1_143' title='bbox 483 2062 604 2124; x_wconf 86' lang='lat' dir='ltr'><strong>confert</strong></span> <span class='ocrx_word' id='word_1_144' title='bbox 616 2062 806 2141; x_wconf 86' lang='lat' dir='ltr'><strong>gubernium</strong></span> <span class='ocrx_word' id='word_1_145' title='bbox 822 2061 924 2138; x_wconf 87' lang='lat' dir='ltr'><strong>civile,</strong></span> <span class='ocrx_word' id='word_1_146' title='bbox 942 2080 1073 2142; x_wconf 87' lang='lat' dir='ltr'><strong>praeser-</strong></span> 
     </span>
     <span class='ocr_line' id='line_1_20' title="bbox 57 2161 686 2242; baseline 0.003 -20"><span class='ocrx_word' id='word_1_147' title='bbox 57 2162 115 2223; x_wconf 90' lang='lat' dir='ltr'><strong>tim</strong></span> <span class='ocrx_word' id='word_1_148' title='bbox 128 2162 155 2224; x_wconf 88' lang='lat' dir='ltr'><strong>si</strong></span> <span class='ocrx_word' id='word_1_149' title='bbox 174 2162 337 2241; x_wconf 78' lang='lat' dir='ltr'><strong>resignans</strong></span> <span class='ocrx_word' id='word_1_150' title='bbox 349 2161 390 2222; x_wconf 85' lang='lat' dir='ltr'><strong>sit</strong></span> <span class='ocrx_word' id='word_1_151' title='bbox 399 2167 559 2242; x_wconf 73' lang='lat' dir='ltr'><strong>provectu</strong></span> <span class='ocrx_word' id='word_1_152' title='bbox 573 2161 686 2224; x_wconf 75' lang='lat' dir='ltr'><strong>atatis</strong></span> 
     </span>
    </p>

    <p class='ocr_par' dir='ltr' id='par_1_5' title="bbox 58 2245 1076 3032">
     <span class='ocr_line' id='line_1_21' title="bbox 120 2245 1071 2342; baseline -0.002 -20"><span class='ocrx_word' id='word_1_153' title='bbox 120 2261 210 2334; x_wconf 87' lang='lat' dir='ltr'><strong>Quod</strong></span> <span class='ocrx_word' id='word_1_154' title='bbox 224 2261 266 2322; x_wconf 89' lang='lat' dir='ltr'><strong>ad</strong></span> <span class='ocrx_word' id='word_1_155' title='bbox 279 2260 447 2341; x_wconf 83' lang='lat' dir='ltr'><strong>parochias</strong></span> <span class='ocrx_word' id='word_1_156' title='bbox 457 2261 581 2336; x_wconf 88' lang='lat' dir='ltr'><strong>attinet,</strong></span> <span class='ocrx_word' id='word_1_157' title='bbox 595 2261 769 2342; x_wconf 80' lang='lat' dir='ltr'><strong>Episcopus</strong></span> <span class='ocrx_word' id='word_1_158' title='bbox 784 2245 847 2323; x_wconf 86' lang='lat' dir='ltr'><strong>non</strong></span> <span class='ocrx_word' id='word_1_159' title='bbox 859 2267 962 2342; x_wconf 89' lang='lat' dir='ltr'><strong>potest</strong></span> <span class='ocrx_word' id='word_1_160' title='bbox 971 2261 1071 2340; x_wconf 89' lang='lat' dir='ltr'><strong>impo-</strong></span> 
     </span>
     <span class='ocr_line' id='line_1_22' title="bbox 58 2358 1074 2444; baseline -0.002 -24"><span class='ocrx_word' id='word_1_161' title='bbox 58 2378 134 2422; x_wconf 87' lang='lat' dir='ltr'><strong>nere</strong></span> <span class='ocrx_word' id='word_1_162' title='bbox 153 2359 337 2440; x_wconf 88' lang='lat' dir='ltr'><strong>pensionem</strong></span> <span class='ocrx_word' id='word_1_163' title='bbox 356 2359 652 2439; x_wconf 87' lang='lat' dir='ltr'><strong>tituloparoohiali,</strong></span> <span class='ocrx_word' id='word_1_164' title='bbox 672 2359 727 2440; x_wconf 91' lang='lat' dir='ltr'><strong>qui</strong></span> <span class='ocrx_word' id='word_1_165' title='bbox 747 2361 936 2444; x_wconf 85' lang='lat' dir='ltr'><strong>plerumque</strong></span> <span class='ocrx_word' id='word_1_166' title='bbox 954 2358 1007 2420; x_wconf 83' lang='lat' dir='ltr'><strong>vix</strong></span> <span class='ocrx_word' id='word_1_167' title='bbox 1026 2361 1074 2418; x_wconf 89' lang='lat' dir='ltr'><strong>est</strong></span> 
     </span>
     <span class='ocr_line' id='line_1_23' title="bbox 59 2457 1073 2538; baseline -0.003 -20"><span class='ocrx_word' id='word_1_168' title='bbox 59 2457 220 2519; x_wconf 84' lang='lat' dir='ltr'><strong>sufficiens</strong></span> <span class='ocrx_word' id='word_1_169' title='bbox 230 2457 386 2530; x_wconf 89' lang='lat' dir='ltr'><strong>Paroch0,</strong></span> <span class='ocrx_word' id='word_1_170' title='bbox 398 2463 558 2518; x_wconf 89' lang='lat' dir='ltr'><strong>utmunus</strong></span> <span class='ocrx_word' id='word_1_171' title='bbox 566 2477 657 2518; x_wconf 91' lang='lat' dir='ltr'><strong>suum</strong></span> <span class='ocrx_word' id='word_1_172' title='bbox 668 2459 815 2520; x_wconf 87' lang='lat' dir='ltr'><strong>decenter</strong></span> <span class='ocrx_word' id='word_1_173' title='bbox 823 2458 960 2538; x_wconf 82' lang='lat' dir='ltr'><strong>expleat,</strong></span> <span class='ocrx_word' id='word_1_174' title='bbox 973 2473 1073 2535; x_wconf 90' lang='lat' dir='ltr'><strong>neque</strong></span> 
     </span>
     <span class='ocr_line' id='line_1_24' title="bbox 59 2545 1072 2636; baseline -0.004 -18"><span class='ocrx_word' id='word_1_175' title='bbox 59 2556 235 2618; x_wconf 90' lang='lat' dir='ltr'><strong>redditibus</strong></span> <span class='ocrx_word' id='word_1_176' title='bbox 253 2555 414 2636; x_wconf 71' lang='lat' dir='ltr'><strong>parochia</strong></span> <span class='ocrx_word' id='word_1_177' title='bbox 441 2545 575 2635; x_wconf 86' lang='lat' dir='ltr'><strong>quorum</strong></span> <span class='ocrx_word' id='word_1_178' title='bbox 592 2556 822 2618; x_wconf 88' lang='lat' dir='ltr'><strong>administratio</strong></span> <span class='ocrx_word' id='word_1_179' title='bbox 842 2555 968 2630; x_wconf 85' lang='lat' dir='ltr'><strong>fabricae</strong></span> <span class='ocrx_word' id='word_1_180' title='bbox 987 2553 1072 2615; x_wconf 84' lang='lat' dir='ltr'><strong>coin·</strong></span> 
     </span>
     <span class='ocr_line' id='line_1_25' title="bbox 61 2653 1075 2734; baseline -0.003 -19"><span class='ocrx_word' id='word_1_181' title='bbox 61 2655 156 2716; x_wconf 88' lang='lat' dir='ltr'><strong>missa</strong></span> <span class='ocrx_word' id='word_1_182' title='bbox 166 2661 223 2718; x_wconf 90' lang='lat' dir='ltr'><strong>est.</strong></span> <span class='ocrx_word' id='word_1_183' title='bbox 235 2657 373 2734; x_wconf 86' lang='lat' dir='ltr'><strong>Ipsamet</strong></span> <span class='ocrx_word' id='word_1_184' title='bbox 386 2654 508 2716; x_wconf 86' lang='lat' dir='ltr'><strong>fabrica</strong></span> <span class='ocrx_word' id='word_1_185' title='bbox 517 2653 570 2734; x_wconf 89' lang='lat' dir='ltr'><strong>jus</strong></span> <span class='ocrx_word' id='word_1_186' title='bbox 584 2673 648 2716; x_wconf 91' lang='lat' dir='ltr'><strong>non</strong></span> <span class='ocrx_word' id='word_1_187' title='bbox 664 2655 762 2717; x_wconf 87' lang='lat' dir='ltr'><strong>habet</strong></span> <span class='ocrx_word' id='word_1_188' title='bbox 774 2653 986 2717; x_wconf 88' lang='lat' dir='ltr'><strong>constituendi</strong></span> <span class='ocrx_word' id='word_1_189' title='bbox 1000 2671 1075 2733; x_wconf 92' lang='lat' dir='ltr'><strong>pen-</strong></span> 
     </span>
     <span class='ocr_line' id='line_1_26' title="bbox 60 2747 1074 2840; baseline -0.004 -25"><span class='ocrx_word' id='word_1_190' title='bbox 60 2755 182 2816; x_wconf 88' lang='lat' dir='ltr'><strong>sionem</strong></span> <span class='ocrx_word' id='word_1_191' title='bbox 196 2747 396 2829; x_wconf 84' lang='lat' dir='ltr'><strong>infuturum,</strong></span> <span class='ocrx_word' id='word_1_192' title='bbox 418 2752 570 2814; x_wconf 89' lang='lat' dir='ltr'><strong>advitam</strong></span> <span class='ocrx_word' id='word_1_193' title='bbox 585 2753 722 2814; x_wconf 88' lang='lat' dir='ltr'><strong>Parochi</strong></span> <span class='ocrx_word' id='word_1_194' title='bbox 738 2753 927 2840; x_wconf 81' lang='lat' dir='ltr'><strong>resignantis</strong></span> <span class='ocrx_word' id='word_1_195' title='bbox 942 2752 1074 2812; x_wconf 91' lang='lat' dir='ltr'><strong>duratu-</strong></span> 
     </span>
     <span class='ocr_line' id='line_1_27' title="bbox 62 2851 1076 2933; baseline -0.004 -20"><span class='ocrx_word' id='word_1_196' title='bbox 62 2871 130 2914; x_wconf 89' lang='lat' dir='ltr'><strong>ram</strong></span> <span class='ocrx_word' id='word_1_197' title='bbox 139 2871 147 2928; x_wconf 94' lang='lat'>;</span> <span class='ocrx_word' id='word_1_198' title='bbox 157 2853 212 2914; x_wconf 90' lang='lat' dir='ltr'><strong>sed</strong></span> <span class='ocrx_word' id='word_1_199' title='bbox 223 2851 302 2912; x_wconf 91' lang='lat' dir='ltr'><strong>nibil</strong></span> <span class='ocrx_word' id='word_1_200' title='bbox 313 2853 439 2913; x_wconf 85' lang='lat' dir='ltr'><strong>obstare</strong></span> <span class='ocrx_word' id='word_1_201' title='bbox 446 2851 572 2912; x_wconf 88' lang='lat' dir='ltr'><strong>videtur</strong></span> <span class='ocrx_word' id='word_1_202' title='bbox 585 2851 753 2932; x_wconf 88' lang='lat' dir='ltr'><strong>quominus</strong></span> <span class='ocrx_word' id='word_1_203' title='bbox 761 2857 892 2933; x_wconf 84' lang='lat' dir='ltr'><strong>praestet</strong></span> <span class='ocrx_word' id='word_1_204' title='bbox 900 2851 1076 2913; x_wconf 87' lang='lat' dir='ltr'><strong>subsidium</strong></span> 
     </span>
     <span class='ocr_line' id='line_1_28' title="bbox 61 2948 1076 3032; baseline -0.002 -20"><span class='ocrx_word' id='word_1_205' title='bbox 61 2948 159 3012; x_wconf 79' lang='lat' dir='ltr'><strong>fixum</strong></span> <span class='ocrx_word' id='word_1_206' title='bbox 175 2969 233 3032; x_wconf 92' lang='lat' dir='ltr'><strong>pro</strong></span> <span class='ocrx_word' id='word_1_207' title='bbox 249 2970 332 3012; x_wconf 89' lang='lat' dir='ltr'><strong>anno</strong></span> <span class='ocrx_word' id='word_1_208' title='bbox 346 2950 494 3024; x_wconf 88' lang='lat' dir='ltr'><strong>currenti,</strong></span> <span class='ocrx_word' id='word_1_209' title='bbox 509 2969 582 3012; x_wconf 92' lang='lat' dir='ltr'><strong>cum</strong></span> <span class='ocrx_word' id='word_1_210' title='bbox 597 2951 771 3012; x_wconf 90' lang='lat' dir='ltr'><strong>intentione</strong></span> <span class='ocrx_word' id='word_1_211' title='bbox 790 2951 868 3012; x_wconf 92' lang='lat' dir='ltr'><strong>illud</strong></span> <span class='ocrx_word' id='word_1_212' title='bbox 884 2949 1076 3030; x_wconf 83' lang='lat' dir='ltr'><strong>prorogandi</strong></span> 
     </span>
    </p>
   </div>
   <div class='ocr_carea' id='block_1_3' title="bbox 62 3048 1166 3130">
    <p class='ocr_par' dir='ltr' id='par_1_6' title="bbox 62 3048 1166 3130">
     <span class='ocr_line' id='line_1_29' title="bbox 62 3048 1166 3130; baseline -0.003 -19"><span class='ocrx_word' id='word_1_213' title='bbox 62 3049 243 3130; x_wconf 87' lang='lat' dir='ltr'><strong>quotannis,</strong></span> <span class='ocrx_word' id='word_1_214' title='bbox 259 3048 399 3129; x_wconf 86' lang='lat' dir='ltr'><strong>quandiu</strong></span> <span class='ocrx_word' id='word_1_215' title='bbox 411 3049 582 3110; x_wconf 82' lang='lat' dir='ltr'><strong>necessitas</strong></span> <span class='ocrx_word' id='word_1_216' title='bbox 596 3048 748 3126; x_wconf 82' lang='lat' dir='ltr'><strong>exegerit.</strong></span> <span class='ocrx_word' id='word_1_217' title='bbox 766 3048 814 3110; x_wconf 87' lang='lat' dir='ltr'><strong>Ita</strong></span> <span class='ocrx_word' id='word_1_218' title='bbox 824 3049 899 3110; x_wconf 88' lang='lat' dir='ltr'><strong>satis</strong></span> <span class='ocrx_word' id='word_1_219' title='bbox 912 3067 995 3129; x_wconf 84' lang='lat' dir='ltr'><strong>saepe</strong></span> <span class='ocrx_word' id='word_1_220' title='bbox 1006 3066 1077 3127; x_wconf 89' lang='lat' dir='ltr'><strong>pro·</strong></span> <span class='ocrx_word' id='word_1_221' title='bbox 1164 3071 1166 3076; x_wconf 95' lang='lat'>·</span> 
     </span>
    </p>
   </div>
   <div class='ocr_carea' id='block_1_4' title="bbox 63 3146 1081 3826">
    <p class='ocr_par' dir='ltr' id='par_1_7' title="bbox 63 3146 1078 3408">
     <span class='ocr_line' id='line_1_30' title="bbox 63 3146 1077 3226; baseline -0.003 -16"><span class='ocrx_word' id='word_1_222' title='bbox 63 3149 189 3210; x_wconf 88' lang='lat' dir='ltr'><strong>videtur</strong></span> <span class='ocrx_word' id='word_1_223' title='bbox 210 3167 275 3210; x_wconf 90' lang='lat' dir='ltr'><strong>non</strong></span> <span class='ocrx_word' id='word_1_224' title='bbox 297 3148 399 3210; x_wconf 91' lang='lat' dir='ltr'><strong>solum</strong></span> <span class='ocrx_word' id='word_1_225' title='bbox 424 3147 567 3209; x_wconf 90' lang='lat' dir='ltr'><strong>Parocho</strong></span> <span class='ocrx_word' id='word_1_226' title='bbox 595 3147 771 3226; x_wconf 87' lang='lat' dir='ltr'><strong>resignanti</strong></span> <span class='ocrx_word' id='word_1_227' title='bbox 796 3146 996 3220; x_wconf 83' lang='lat' dir='ltr'><strong>beneficium,</strong></span> <span class='ocrx_word' id='word_1_228' title='bbox 1022 3147 1077 3207; x_wconf 90' lang='lat' dir='ltr'><strong>scd</strong></span> 
     </span>
     <span class='ocr_line' id='line_1_31' title="bbox 63 3244 1078 3325; baseline -0.002 -17"><span class='ocrx_word' id='word_1_229' title='bbox 63 3247 199 3322; x_wconf 90' lang='lat' dir='ltr'><strong>vicariis,</strong></span> <span class='ocrx_word' id='word_1_230' title='bbox 216 3246 281 3308; x_wconf 91' lang='lat' dir='ltr'><strong>imo</strong></span> <span class='ocrx_word' id='word_1_231' title='bbox 292 3252 324 3308; x_wconf 88' lang='lat' dir='ltr'><strong>et</strong></span> <span class='ocrx_word' id='word_1_232' title='bbox 333 3245 460 3308; x_wconf 88' lang='lat' dir='ltr'><strong>famulis</strong></span> <span class='ocrx_word' id='word_1_233' title='bbox 470 3263 526 3306; x_wconf 90' lang='lat' dir='ltr'><strong>seu</strong></span> <span class='ocrx_word' id='word_1_234' title='bbox 539 3244 704 3325; x_wconf 86' lang='lat' dir='ltr'><strong>operariis,</strong></span> <span class='ocrx_word' id='word_1_235' title='bbox 721 3245 843 3325; x_wconf 90' lang='lat' dir='ltr'><strong>quiper</strong></span> <span class='ocrx_word' id='word_1_236' title='bbox 855 3251 1078 3325; x_wconf 86' lang='lat' dir='ltr'><strong>tempusnota·</strong></span> 
     </span>
     <span class='ocr_line' id='line_1_32' title="bbox 63 3344 666 3408; baseline 0 -2"><span class='ocrx_word' id='word_1_237' title='bbox 63 3344 567 3408; x_wconf 82' lang='lat' dir='ltr'><strong>bitelaudabiliterinservierunt.</strong></span> <span class='ocrx_word' id='word_1_238' title='bbox 663 3349 666 3364; x_wconf 84' lang='lat'>&#39;</span> 
     </span>
    </p>

    <p class='ocr_par' dir='ltr' id='par_1_8' title="bbox 64 3443 1081 3826">
     <span class='ocr_line' id='line_1_33' title="bbox 124 3443 1077 3524; baseline -0.003 -16"><span class='ocrx_word' id='word_1_239' title='bbox 124 3445 211 3508; x_wconf 91' lang='lat' dir='ltr'><strong>Nihil</strong></span> <span class='ocrx_word' id='word_1_240' title='bbox 225 3451 283 3519; x_wconf 89' lang='lat' dir='ltr'><strong>est,</strong></span> <span class='ocrx_word' id='word_1_241' title='bbox 298 3445 405 3506; x_wconf 85' lang='lat' dir='ltr'><strong>intuli</strong></span> <span class='ocrx_word' id='word_1_242' title='bbox 419 3444 628 3518; x_wconf 91' lang='lat' dir='ltr'><strong>ordinatione,</strong></span> <span class='ocrx_word' id='word_1_243' title='bbox 648 3443 735 3524; x_wconf 91' lang='lat' dir='ltr'><strong>quod</strong></span> <span class='ocrx_word' id='word_1_244' title='bbox 749 3444 933 3505; x_wconf 86' lang='lat' dir='ltr'><strong>adversetur</strong></span> <span class='ocrx_word' id='word_1_245' title='bbox 946 3446 1077 3506; x_wconf 85' lang='lat' dir='ltr'><strong>Decreta</strong></span> 
     </span>
     <span class='ocr_line' id='line_1_34' title="bbox 64 3542 1079 3622; baseline -0.002 -15"><span class='ocrx_word' id='word_1_246' title='bbox 64 3544 241 3607; x_wconf 88' lang='lat' dir='ltr'><strong>innocentii</strong></span> <span class='ocrx_word' id='word_1_247' title='bbox 253 3545 319 3620; x_wconf 91' lang='lat' dir='ltr'><strong>XII,</strong></span> <span class='ocrx_word' id='word_1_248' title='bbox 335 3544 385 3606; x_wconf 91' lang='lat' dir='ltr'><strong>die</strong></span> <span class='ocrx_word' id='word_1_249' title='bbox 400 3553 437 3607; x_wconf 77' lang='lat'><strong>11⁸</strong></span> <span class='ocrx_word' id='word_1_250' title='bbox 459 3543 639 3606; x_wconf 90' lang='lat' dir='ltr'><strong>novembris</strong></span> <span class='ocrx_word' id='word_1_251' title='bbox 652 3561 703 3606; x_wconf 89' lang='lat' dir='ltr'><strong>an.</strong></span> <span class='ocrx_word' id='word_1_252' title='bbox 722 3544 811 3618; x_wconf 72' lang='lat'><strong>1692,</strong></span> <span class='ocrx_word' id='word_1_253' title='bbox 827 3542 1025 3622; x_wconf 89' lang='lat' dir='ltr'><strong>prohibentis</strong></span> <span class='ocrx_word' id='word_1_254' title='bbox 1039 3563 1079 3606; x_wconf 92' lang='lat' dir='ltr'><strong>ne</strong></span> 
     </span>
     <span class='ocr_line' id='line_1_35' title="bbox 64 3642 1081 3727; baseline -0.002 -19"><span class='ocrx_word' id='word_1_255' title='bbox 64 3645 213 3710; x_wconf 73' lang='lat' dir='ltr'><strong>Ecclesiae</strong></span> <span class='ocrx_word' id='word_1_256' title='bbox 227 3642 426 3726; x_wconf 81' lang='lat' dir='ltr'><strong>parochiales</strong></span> <span class='ocrx_word' id='word_1_257' title='bbox 439 3643 473 3706; x_wconf 87' lang='lat' dir='ltr'><strong>in</strong></span> <span class='ocrx_word' id='word_1_258' title='bbox 486 3649 648 3726; x_wconf 89' lang='lat' dir='ltr'><strong>posterum</strong></span> <span class='ocrx_word' id='word_1_259' title='bbox 661 3649 832 3724; x_wconf 86' lang='lat' dir='ltr'><strong>graventur</strong></span> <span class='ocrx_word' id='word_1_260' title='bbox 844 3643 992 3706; x_wconf 88' lang='lat' dir='ltr'><strong>oneribus</strong></span> <span class='ocrx_word' id='word_1_261' title='bbox 1005 3663 1081 3727; x_wconf 52' lang='lat' dir='ltr'><strong>pena</strong></span> 
     </span>
     <span class='ocr_line' id='line_1_36' title="bbox 65 3742 1081 3826; baseline -0.002 -19"><span class='ocrx_word' id='word_1_262' title='bbox 65 3747 202 3822; x_wconf 89' lang='lat' dir='ltr'><strong>sionum,</strong></span> <span class='ocrx_word' id='word_1_263' title='bbox 224 3749 309 3806; x_wconf 89' lang='lat' dir='ltr'><strong>etue</strong></span> <span class='ocrx_word' id='word_1_264' title='bbox 323 3742 533 3807; x_wconf 82' lang='lat' dir='ltr'><strong>admittantur</strong></span> <span class='ocrx_word' id='word_1_265' title='bbox 546 3743 1015 3822; x_wconf 64' lang='lat' dir='ltr'><strong>resignavimusbeneficiorum</strong></span> <span class='ocrx_word' id='word_1_266' title='bbox 1027 3765 1081 3826; x_wconf 90' lang='lat' dir='ltr'><strong>pa·</strong></span> 
     </span>
    </p>
   </div>
   <div class='ocr_carea' id='block_1_5' title="bbox 0 0 1341 4268">
    <p class='ocr_par' dir='ltr' id='par_1_9' title="bbox 0 0 1341 4268">
     <span class='ocr_line' id='line_1_37' title="bbox 0 0 1341 4268; baseline 0 0"><span class='ocrx_word' id='word_1_267' title='bbox 0 0 1341 4268; x_wconf 95' lang='lat' dir='ltr'><strong> </strong></span> 
     </span>
    </p>
   </div>
  </div>
 </body>
</html>
