2568 4272
153 276 222 324 sur.
242 276 270 322 V.
293 276 330 322 mr
348 273 600 323 ortlot'llobluus
623 274 736 323 STATUS
756 276 919 324 nummosi.
992 268 1048 323 ’ΖΠ

23 411 94 453 vam
112 393 262 454 accedere
274 391 448 470 superioris
463 391 725 470 acceptationem,
743 391 803 453 nisi
818 392 971 471 superior,
989 410 1043 454 co-

26 493 114 570 gnita
138 493 297 567 nullitate,
319 511 412 553 sunm
433 508 622 552 consensum
642 491 850 565 revocaverit,
874 491 949 570 quia
968 509 1047 552 con-

27 609 136 651 sensus
151 591 248 652 semel
264 591 356 652 datus
368 606 573 669 perseverare
587 593 749 662 censetur3
767 606 824 649 nec
839 587 1048 668 requiruntur

29 690 65 749 de
80 707 164 749 novo
181 689 382 751 caeremoniae
400 686 615 768 professionis,
633 688 729 748 etiam
749 686 1001 765 in'religionibus
1015 687 1048 747 in

31 786 146 866 quibus
167 786 323 865 abrogata
347 791 395 848 est
408 785 562 866 professio
580 785 688 859 tacita,
705 785 732 844 si
750 791 857 846 tamen
872 785 996 846 occulta
1011 785 1051 845 sit

31 885 158 946 nullitas
172 885 288 963 prioris
303 883 520 965 professionis.

89 985 225 1063 Oportet
243 988 278 1044 ut
292 983 459 1061 religiosus
474 981 595 1044 noverit
616 999 705 1042 suam
724 981 862 1060 primam
878 982 1049 1060 professio-

7 1141 12 1156 ,
33 1102 102 1143 uem
120 1082 218 1142 fuisse
234 1081 425 1154 invalidam;
449 1080 526 1160 quia
541 1079 621 1141 sicut
638 1080 678 1141 ad
698 1080 923 1158 profitendum,
945 1081 990 1142 ita
1009 1081 1050 1142 ad

35 1180 277 1242 ratihabendam
290 1177 517 1258 professionem
532 1177 702 1257 requiritur
714 1196 885 1239 consensus
901 1178 1051 1256 profiten-

36 1279 86 1351 tis;
108 1296 125 1334 n
142 1277 232 1356 atqui
251 1275 433 1356 ignorantis
454 1275 560 1335 nullus
581 1280 627 1334 cst
650 1293 834 1349 consensus,
858 1293 929 1335 cum
950 1276 1051 1354 ignoti

39 1399 52 1432 v
62 1375 152 1436 nulla
160 1375 320 1450 voluntas,
331 1393 390 1435 nec
406 1372 528 1452 aliquid
541 1373 641 1450 magis
652 1373 845 1434 contrarium
863 1373 903 1433 sit
917 1391 1050 1435 consen-

43 1496 55 1532 u
67 1473 114 1534 sui
131 1491 229 1553 quam
244 1490 342 1533 error.
358 1494 372 1530 n
391 1472 495 1532 Verba
505 1475 578 1530 sunt
589 1469 804 1542 Reiffenstuel‚
822 1471 876 1550 qui
892 1470 1052 1532 concludit

39 1570 256 1633 renovationes
270 1574 433 1643 votorum,
446 1586 537 1649 quas,
548 1585 588 1628 ex
603 1586 691 1629 more
707 1568 755 1628 sui
769 1568 915 1643 instituti,
932 1568 1053 1629 faciunt

40 1688 117 1748 saepe
132 1668 285 1746 religiosi,
299 1667 415 1728 aliosve
425 1671 515 1727 actus
530 1666 586 1745 qui
601 1667 694 1726 tacite
711 1665 794 1726 hanc
811 1663 1052 1728 renovationem

40 1767 200 1839 inducunt,
218 1785 282 1827 non
302 1765 446 1826 sufficere
462 1763 616 1843 quamdiu
632 1763 729 1825 iidem
749 1762 889 1843 religiosi
903 1764 1052 1842 ignorant

42 1865 221 1926 nullitatcm
244 1881 308 1926 succ
324 1863 541 1942 professionis,
562 1861 623 1922 nisi
640 1880 678 1923 ea
700 1863 762 1922 sint
780 1867 885 1922 mente
905 1867 941 1922 ut
955 1861 1054 1922 velint

43 1967 113 2023 vota
128 1962 331 2037 confirmare,
351 1960 410 2022 etsi
429 1961 469 2020 ab
484 1959 586 2030 initio,
603 1977 643 2020 ex
659 1977 861 2038 quacumque
875 1975 980 2034 causa,
997 1978 1055 2020 sua

45 2059 194 2138 professio
216 2059 357 2120 invalida
377 2059 480 2118 fucrit.
507 2057 563 2138 (Du
583 2061 815 2130 Rucommsos,
839 2055 882 2116 nl·
902 2058 1051 2118 sla-sto.

46 2158 190 2233 ferroris,
207 2165 238 2220 v⁰
253 2157 403 2236 Professc'o
414 2155 573 2236 reputaris,
590 2163 625 2215 ηο
639 2155 703 2234 86.)

100 2257 133 2318 si
147 2256 315 2334 religiosus
336 2254 417 2316 nolit
437 2259 538 2315 ratam
561 2253 678 2314 babere
699 2271 790 2313 suam
812 2253 1054 2331 professionem,

47 2353 212 2416 inducetur
234 2353 316 2414 actio
338 2352 504 2426 nullitatis,
517 2350 611 2431 juxta
629 2352 764 2411 formam
784 2351 958 2411 canonibus
973 2369 1055 2429 prae-

48 2452 195 2531 scriptam
219 2469 315 2530 quam
343 2450 570 2528 explicabimus
587 2449 619 2508 in
634 2450 685 2510 lv·
702 2458 804 2529 parte,
821 2448 860 2510 de
878 2446 983 2510 ordine
998 2465 1058 2509 ser-

48 2549 137 2610 vando
151 2550 185 2610 in
193 2548 323 2629 judiciis
338 2545 546 2628 Regulors'um.

79 2749 250 2808 Anrmvsus
267 2763 299 2824 v.
323 2779 362 2789 —
384 2747 430 2805 Dr
453 2740 705 2807 osmesrronmus
726 2761 841 2808 srsrvs
863 2761 1023 2808 nemorosi.

105 2941 337 3022 Exponendum
356 2939 443 3001 venit
463 2941 493 2999 1ο
510 2958 580 3020 quae
601 2941 810 3019 obligationes
830 2948 1002 3022 sequantur
1021 2961 1060 3003 ex

54 3041 213 3101 emissione
230 3044 377 3100 votorum
386 3057 395 3113 3
411 3040 445 3098 2⁰
459 3057 539 3117 quas
554 3039 686 3118 insuper
700 3040 910 3117 obligationes
921 3038 1061 3101 Ecclesia

53 3137 233 3218 imposuerit
256 3135 403 3215 professis
424 3135 522 3196 vitam
545 3135 741 3213 religiosam;
764 3138 797 3198 3⁰
817 3137 977 3217 quomodo
998 3137 1058 3197 im·

55 3236 173 3311 mutari,
190 3235 255 3296 imo
272 3251 395 3295 cessare
411 3233 533 3312 possint
546 3233 610 3295 illae
624 3233 843 3311 obligationes.

52 3442 56 3448 '
84 3439 96 3513 ξ
112 3437 138 3496 l.
157 3413 444 3515 Ocae'obliqatz'ones
458 3443 624 3525 sequantur
638 3453 676 3497 ex
689 3437 764 3497 votis
776 3443 873 3500 status
887 3433 1031 3516 religiosi.

53 3645 56 3653 ·
113 3617 181 3678 tlt.
197 3615 273 3677 -Ι,
288 3612 548 3696 superdoctus
564 3624 665 3678 cotum
680 3615 850 3680 castitatis?

119 3713 230 3775 Votum
251 3711 415 3788 castitatis,
432 3713 497 3776 sive
512 3714 651 3777 solemne
672 3715 737 3777 sive
759 3716 895 3796 simplex
916 3714 1064 3776 emissum

829 3835 922 3915 ¹re
