<?xml version="1.0" encoding="UTF-8"?>
<!DOCTYPE html PUBLIC "-//W3C//DTD XHTML 1.0 Transitional//EN"
    "http://www.w3.org/TR/xhtml1/DTD/xhtml1-transitional.dtd">
<html xmlns="http://www.w3.org/1999/xhtml" xml:lang="en" lang="en">
 <head>
  <title>
</title>
<meta http-equiv="Content-Type" content="text/html;charset=utf-8" />
  <meta name='ocr-system' content='tesseract 3.04.00' />
  <meta name='ocr-capabilities' content='ocr_page ocr_carea ocr_par ocr_line ocrx_word'/>
</head>
<body>
  <div class='ocr_page' id='page_1' title='image "./praelectionesju00murrgoog_0333.png"; bbox 0 0 2568 4272; ppageno 0'>
   <div class='ocr_carea' id='block_1_1' title="bbox 237 284 1257 370">
    <p class='ocr_par' dir='ltr' id='par_1_1' title="bbox 237 284 1257 370">
     <span class='ocr_line' id='line_1_1' title="bbox 237 284 1257 370; baseline -0.002 -33"><span class='ocrx_word' id='word_1_1' title='bbox 237 284 288 338; x_wconf 80' lang='grc' dir='ltr'><strong>3ἳο</strong></span> <span class='ocrx_word' id='word_1_2' title='bbox 577 289 650 336; x_wconf 77' lang='lat' dir='ltr'><strong>PARS</strong></span> <span class='ocrx_word' id='word_1_3' title='bbox 670 287 703 337; x_wconf 88' lang='lat' dir='ltr'><strong>ll.</strong></span> <span class='ocrx_word' id='word_1_4' title='bbox 726 288 914 337; x_wconf 74' lang='lat' dir='ltr'><strong>andastaua.</strong></span> <span class='ocrx_word' id='word_1_5' title='bbox 1256 333 1257 370; x_wconf 55' lang='lat' dir='ltr'><strong>v</strong></span> 
     </span>
    </p>
   </div>
   <div class='ocr_carea' id='block_1_2' title="bbox 204 404 1257 1566">
    <p class='ocr_par' dir='ltr' id='par_1_2' title="bbox 234 381 1257 672">
     <span class='ocr_line' id='line_1_2' title="bbox 236 404 1242 488; baseline 0 -20"><span class='ocrx_word' id='word_1_6' title='bbox 236 407 387 488; x_wconf 83' lang='lat' dir='ltr'>quamdiu</span> <span class='ocrx_word' id='word_1_7' title='bbox 402 406 534 486; x_wconf 85' lang='lat' dir='ltr'><strong>professi</strong></span> <span class='ocrx_word' id='word_1_8' title='bbox 546 406 579 466; x_wconf 93' lang='lat' dir='ltr'><strong>in</strong></span> <span class='ocrx_word' id='word_1_9' title='bbox 594 404 739 466; x_wconf 88' lang='lat' dir='ltr'><strong>Instituta</strong></span> <span class='ocrx_word' id='word_1_10' title='bbox 754 410 935 482; x_wconf 82' lang='lat' dir='ltr'><strong>remancnt3</strong></span> <span class='ocrx_word' id='word_1_11' title='bbox 960 411 991 468; x_wconf 89' lang='lat' dir='ltr'><strong>et</strong></span> <span class='ocrx_word' id='word_1_12' title='bbox 1005 411 1081 486; x_wconf 89' lang='lat' dir='ltr'><strong>post</strong></span> <span class='ocrx_word' id='word_1_13' title='bbox 1095 425 1242 486; x_wconf 83' lang='lat' dir='ltr'><strong>egressum</strong></span> 
     </span>
     <span class='ocr_line' id='line_1_3' title="bbox 235 493 1257 584; baseline 0 -18"><span class='ocrx_word' id='word_1_14' title='bbox 235 511 335 567; x_wconf 87' lang='lat' dir='ltr'><strong>cessat</strong></span> <span class='ocrx_word' id='word_1_15' title='bbox 356 523 452 566; x_wconf 85' lang='lat' dir='ltr'><strong>causa</strong></span> <span class='ocrx_word' id='word_1_16' title='bbox 474 509 604 584; x_wconf 89' lang='lat' dir='ltr'><strong>propter</strong></span> <span class='ocrx_word' id='word_1_17' title='bbox 629 520 725 582; x_wconf 89' lang='lat' dir='ltr'><strong>quam</strong></span> <span class='ocrx_word' id='word_1_18' title='bbox 739 503 832 564; x_wconf 71' lang='lat' dir='ltr'><strong>&#39;illius</strong></span> <span class='ocrx_word' id='word_1_19' title='bbox 854 504 1040 565; x_wconf 83' lang='lat' dir='ltr'><strong>exercitium</strong></span> <span class='ocrx_word' id='word_1_20' title='bbox 1065 493 1257 584; x_wconf 74' lang='lat' dir='ltr'><strong>suspensum</strong></span> 
     </span>
     <span class='ocr_line' id='line_1_4' title="bbox 234 604 1257 672; baseline -0.002 -8"><span class='ocrx_word' id='word_1_21' title='bbox 234 604 368 666; x_wconf 63' lang='lat' dir='ltr'><strong>fueraut</strong></span> <span class='ocrx_word' id='word_1_22' title='bbox 534 609 536 614; x_wconf 79' lang='grc'><strong>“</strong></span> <span class='ocrx_word' id='word_1_23' title='bbox 665 634 667 637; x_wconf 88' lang='grc'><em>·</em></span> <span class='ocrx_word' id='word_1_24' title='bbox 1256 613 1257 672; x_wconf 82' lang='lat' dir='ltr'>j</span> 
     </span>
    </p>

    <p class='ocr_par' dir='ltr' id='par_1_3' title="bbox 204 699 1257 1566">
     <span class='ocr_line' id='line_1_5' title="bbox 295 699 1257 782; baseline 0 -20"><span class='ocrx_word' id='word_1_25' title='bbox 295 703 364 764; x_wconf 70' lang='grc'><strong>496.</strong></span> <span class='ocrx_word' id='word_1_26' title='bbox 377 733 415 748; x_wconf 91' lang='lat'>-</span> <span class='ocrx_word' id='word_1_27' title='bbox 430 702 481 762; x_wconf 87' lang='grc' dir='ltr'>ΙΙΙ.</span> <span class='ocrx_word' id='word_1_28' title='bbox 491 699 600 774; x_wconf 86' lang='lat' dir='ltr'>Quoad</span> <span class='ocrx_word' id='word_1_29' title='bbox 613 699 749 780; x_wconf 75' lang='lat' dir='ltr'><strong>effictum</strong></span> <span class='ocrx_word' id='word_1_30' title='bbox 761 699 945 781; x_wconf 78' lang='lat' dir='ltr'><strong>parochiale,</strong></span> <span class='ocrx_word' id='word_1_31' title='bbox 960 703 1092 780; x_wconf 88' lang='lat' dir='ltr'><strong>quando</strong></span> <span class='ocrx_word' id='word_1_32' title='bbox 1105 702 1244 780; x_wconf 88' lang='lat' dir='ltr'><strong>parochia</strong></span> <span class='ocrx_word' id='word_1_33' title='bbox 1256 739 1257 782; x_wconf 56' lang='lat'><strong>,</strong></span> 
     </span>
     <span class='ocr_line' id='line_1_6' title="bbox 235 797 1257 878; baseline -0.003 -18"><span class='ocrx_word' id='word_1_34' title='bbox 235 799 324 861; x_wconf 90' lang='lat' dir='ltr'><strong>unita</strong></span> <span class='ocrx_word' id='word_1_35' title='bbox 341 804 388 860; x_wconf 90' lang='lat' dir='ltr'><strong>est</strong></span> <span class='ocrx_word' id='word_1_36' title='bbox 406 799 600 860; x_wconf 89' lang='lat' dir='ltr'><strong>monasterio</strong></span> <span class='ocrx_word' id='word_1_37' title='bbox 626 798 756 859; x_wconf 89' lang='lat' dir='ltr'><strong>alterive</strong></span> <span class='ocrx_word' id='word_1_38' title='bbox 780 797 888 858; x_wconf 90' lang='lat' dir='ltr'><strong>domui</strong></span> <span class='ocrx_word' id='word_1_39' title='bbox 907 798 1078 878; x_wconf 76' lang='lat' dir='ltr'><strong>religiosae,</strong></span> <span class='ocrx_word' id='word_1_40' title='bbox 1103 799 1257 876; x_wconf 57' lang='lat' dir='ltr'><strong>regularis}</strong></span> 
     </span>
     <span class='ocr_line' id='line_1_7' title="bbox 204 896 1245 979; baseline -0.001 -21"><span class='ocrx_word' id='word_1_41' title='bbox 204 896 208 902; x_wconf 78' lang='grc'><strong>’</strong></span> <span class='ocrx_word' id='word_1_42' title='bbox 235 917 330 979; x_wconf 83' lang='lat' dir='ltr'><strong>quern</strong></span> <span class='ocrx_word' id='word_1_43' title='bbox 343 897 485 977; x_wconf 86' lang='lat' dir='ltr'><strong>superior</strong></span> <span class='ocrx_word' id='word_1_44' title='bbox 495 901 667 958; x_wconf 91' lang='lat' dir='ltr'><strong>conventus</strong></span> <span class='ocrx_word' id='word_1_45' title='bbox 681 896 814 976; x_wconf 87' lang='lat' dir='ltr'><strong>deputat</strong></span> <span class='ocrx_word' id='word_1_46' title='bbox 828 897 866 957; x_wconf 91' lang='lat' dir='ltr'><strong>ad</strong></span> <span class='ocrx_word' id='word_1_47' title='bbox 878 915 993 958; x_wconf 90' lang='lat' dir='ltr'><strong>munus</strong></span> <span class='ocrx_word' id='word_1_48' title='bbox 1008 897 1186 978; x_wconf 82' lang='lat' dir='ltr'><strong>pastorale,</strong></span> <span class='ocrx_word' id='word_1_49' title='bbox 1194 917 1245 957; x_wconf 91' lang='lat' dir='ltr'><strong>nou</strong></span> 
     </span>
     <span class='ocr_line' id='line_1_8' title="bbox 235 994 1244 1076; baseline -0.002 -20"><span class='ocrx_word' id='word_1_50' title='bbox 235 1000 339 1076; x_wconf 89' lang='lat' dir='ltr'><strong>potest</strong></span> <span class='ocrx_word' id='word_1_51' title='bbox 350 1013 459 1056; x_wconf 84' lang='lat' dir='ltr'><strong>curam</strong></span> <span class='ocrx_word' id='word_1_52' title='bbox 470 995 648 1055; x_wconf 89' lang='lat' dir='ltr'><strong>animarum</strong></span> <span class='ocrx_word' id='word_1_53' title='bbox 661 1012 822 1054; x_wconf 83' lang='lat' dir='ltr'><strong>assumere</strong></span> <span class='ocrx_word' id='word_1_54' title='bbox 836 995 954 1075; x_wconf 87' lang='lat' dir='ltr'><strong>absque</strong></span> <span class='ocrx_word' id='word_1_55' title='bbox 969 995 1095 1075; x_wconf 89' lang='lat' dir='ltr'><strong>praevia</strong></span> <span class='ocrx_word' id='word_1_56' title='bbox 1111 994 1244 1074; x_wconf 80' lang='lat' dir='ltr'><strong>Episcopi</strong></span> 
     </span>
     <span class='ocr_line' id='line_1_9' title="bbox 235 1083 1257 1174; baseline -0.004 -19"><span class='ocrx_word' id='word_1_57' title='bbox 235 1093 475 1174; x_wconf 76' lang='lat' dir='ltr'><strong>approbatione.</strong></span> <span class='ocrx_word' id='word_1_58' title='bbox 492 1095 547 1153; x_wconf 90' lang='lat' dir='ltr'><strong>Est</strong></span> <span class='ocrx_word' id='word_1_59' title='bbox 561 1097 715 1172; x_wconf 87' lang='lat' dir='ltr'><strong>praeterea</strong></span> <span class='ocrx_word' id='word_1_60' title='bbox 728 1093 869 1172; x_wconf 87' lang='lat' dir='ltr'><strong>ejusdem</strong></span> <span class='ocrx_word' id='word_1_61' title='bbox 879 1093 1027 1173; x_wconf 83' lang='lat' dir='ltr'><strong>Episcopi</strong></span> <span class='ocrx_word' id='word_1_62' title='bbox 1043 1083 1257 1172; x_wconf 67' lang='lat' dir='ltr'><strong>jurisdictioni</strong></span> 
     </span>
     <span class='ocr_line' id='line_1_10' title="bbox 235 1191 1242 1272; baseline 0 -20"><span class='ocrx_word' id='word_1_63' title='bbox 235 1193 395 1270; x_wconf 89' lang='lat' dir='ltr'><strong>subjectus</strong></span> <span class='ocrx_word' id='word_1_64' title='bbox 405 1192 437 1252; x_wconf 92' lang='lat' dir='ltr'><strong>in</strong></span> <span class='ocrx_word' id='word_1_65' title='bbox 451 1192 597 1252; x_wconf 89' lang='lat' dir='ltr'><strong>omnibus</strong></span> <span class='ocrx_word' id='word_1_66' title='bbox 609 1191 711 1252; x_wconf 90' lang='lat' dir='ltr'><strong>causis</strong></span> <span class='ocrx_word' id='word_1_67' title='bbox 727 1196 758 1251; x_wconf 90' lang='lat' dir='ltr'><strong>et</strong></span> <span class='ocrx_word' id='word_1_68' title='bbox 768 1192 903 1269; x_wconf 83' lang='lat' dir='ltr'><strong>negotiis</strong></span> <span class='ocrx_word' id='word_1_69' title='bbox 919 1192 1087 1272; x_wconf 79' lang='lat' dir='ltr'><strong>regiminis</strong></span> <span class='ocrx_word' id='word_1_70' title='bbox 1104 1191 1242 1265; x_wconf 82' lang='lat' dir='ltr'><strong>ecclesia,</strong></span> 
     </span>
     <span class='ocr_line' id='line_1_11' title="bbox 236 1289 1243 1369; baseline -0.003 -19"><span class='ocrx_word' id='word_1_71' title='bbox 236 1291 314 1350; x_wconf 88' lang='lat' dir='ltr'><strong>adeo</strong></span> <span class='ocrx_word' id='word_1_72' title='bbox 330 1296 365 1350; x_wconf 90' lang='lat' dir='ltr'><strong>ut</strong></span> <span class='ocrx_word' id='word_1_73' title='bbox 378 1289 532 1369; x_wconf 89' lang='lat' dir='ltr'><strong>quidquid</strong></span> <span class='ocrx_word' id='word_1_74' title='bbox 544 1289 718 1369; x_wconf 79' lang='lat' dir='ltr'><strong>Episcopus</strong></span> <span class='ocrx_word' id='word_1_75' title='bbox 734 1307 753 1349; x_wconf 87' lang='lat' dir='ltr'><strong>a</strong></span> <span class='ocrx_word' id='word_1_76' title='bbox 766 1289 907 1368; x_wconf 89' lang='lat' dir='ltr'><strong>parocho</strong></span> <span class='ocrx_word' id='word_1_77' title='bbox 924 1290 1070 1350; x_wconf 78' lang='lat' dir='ltr'><strong>saeculari</strong></span> <span class='ocrx_word' id='word_1_78' title='bbox 1088 1290 1243 1369; x_wconf 86' lang='lat' dir='ltr'><strong>exquirere</strong></span> 
     </span>
     <span class='ocr_line' id='line_1_12' title="bbox 235 1385 1257 1468; baseline -0.001 -20"><span class='ocrx_word' id='word_1_79' title='bbox 235 1389 316 1449; x_wconf 89' lang='lat' dir='ltr'><strong>solet</strong></span> <span class='ocrx_word' id='word_1_80' title='bbox 329 1387 368 1449; x_wconf 91' lang='lat' dir='ltr'><strong>ad</strong></span> <span class='ocrx_word' id='word_1_81' title='bbox 384 1394 504 1448; x_wconf 88' lang='lat' dir='ltr'><strong>rectum</strong></span> <span class='ocrx_word' id='word_1_82' title='bbox 519 1387 660 1464; x_wconf 79' lang='lat' dir='ltr'><strong>regimen</strong></span> <span class='ocrx_word' id='word_1_83' title='bbox 675 1385 846 1466; x_wconf 84' lang='lat' dir='ltr'><strong>parochiae,</strong></span> <span class='ocrx_word' id='word_1_84' title='bbox 863 1387 896 1448; x_wconf 90' lang='lat' dir='ltr'><strong>id</strong></span> <span class='ocrx_word' id='word_1_85' title='bbox 911 1405 1004 1448; x_wconf 91' lang='lat' dir='ltr'><strong>omne</strong></span> <span class='ocrx_word' id='word_1_86' title='bbox 1016 1407 1035 1448; x_wconf 91' lang='lat' dir='ltr'><strong>a</strong></span> <span class='ocrx_word' id='word_1_87' title='bbox 1049 1385 1195 1468; x_wconf 87' lang='lat' dir='ltr'><strong>parocho</strong></span> <span class='ocrx_word' id='word_1_88' title='bbox 1207 1407 1257 1447; x_wconf 51' lang='lat' dir='ltr'><strong>re-¹</strong></span> 
     </span>
     <span class='ocr_line' id='line_1_13' title="bbox 236 1479 1257 1566; baseline -0.003 -20"><span class='ocrx_word' id='word_1_89' title='bbox 236 1487 339 1564; x_wconf 80' lang='lat' dir='ltr'><strong>gulari</strong></span> <span class='ocrx_word' id='word_1_90' title='bbox 358 1485 521 1565; x_wconf 86' lang='lat' dir='ltr'><strong>exquirere</strong></span> <span class='ocrx_word' id='word_1_91' title='bbox 541 1485 650 1563; x_wconf 88' lang='lat' dir='ltr'><strong>possit.</strong></span> <span class='ocrx_word' id='word_1_92' title='bbox 675 1485 835 1545; x_wconf 86' lang='lat' dir='ltr'><strong>Parachus</strong></span> <span class='ocrx_word' id='word_1_93' title='bbox 854 1485 952 1564; x_wconf 83' lang='lat' dir='ltr'><strong>igitur</strong></span> <span class='ocrx_word' id='word_1_94' title='bbox 970 1486 1133 1566; x_wconf 83' lang='lat' dir='ltr'><strong>regularis</strong></span> <span class='ocrx_word' id='word_1_95' title='bbox 1154 1479 1257 1554; x_wconf 79' lang='lat' dir='ltr'><strong>subest}</strong></span> 
     </span>
    </p>
   </div>
   <div class='ocr_carea' id='block_1_3' title="bbox 127 1576 1241 1663">
    <p class='ocr_par' dir='ltr' id='par_1_4' title="bbox 127 1576 1241 1663">
     <span class='ocr_line' id='line_1_14' title="bbox 127 1576 1241 1663; baseline -0.002 -19"><span class='ocrx_word' id='word_1_96' title='bbox 127 1576 129 1580; x_wconf 68' lang='grc'><strong>’</strong></span> <span class='ocrx_word' id='word_1_97' title='bbox 208 1641 210 1644; x_wconf 77' lang='grc'>,</span> <span class='ocrx_word' id='word_1_98' title='bbox 235 1583 407 1644; x_wconf 82' lang='lat' dir='ltr'><strong>visitationi</strong></span> <span class='ocrx_word' id='word_1_99' title='bbox 430 1582 619 1661; x_wconf 87' lang='lat' dir='ltr'><strong>Episcopali‚</strong></span> <span class='ocrx_word' id='word_1_100' title='bbox 637 1583 720 1642; x_wconf 90' lang='lat' dir='ltr'><strong>iniis</strong></span> <span class='ocrx_word' id='word_1_101' title='bbox 742 1601 812 1663; x_wconf 87' lang='lat' dir='ltr'><strong>quae</strong></span> <span class='ocrx_word' id='word_1_102' title='bbox 833 1601 942 1644; x_wconf 89' lang='lat' dir='ltr'><strong>curam</strong></span> <span class='ocrx_word' id='word_1_103' title='bbox 964 1585 1151 1645; x_wconf 87' lang='lat' dir='ltr'><strong>animarum</strong></span> <span class='ocrx_word' id='word_1_104' title='bbox 1166 1590 1241 1644; x_wconf 89' lang='lat' dir='ltr'><strong>atsa-</strong></span> 
     </span>
    </p>
   </div>
   <div class='ocr_carea' id='block_1_4' title="bbox 235 1678 1257 3530">
    <p class='ocr_par' dir='ltr' id='par_1_5' title="bbox 235 1678 1243 2038">
     <span class='ocr_line' id='line_1_15' title="bbox 236 1678 1241 1761; baseline -0.003 -19"><span class='ocrx_word' id='word_1_105' title='bbox 236 1685 471 1742; x_wconf 87' lang='lat' dir='ltr'><strong>cramentorum</strong></span> <span class='ocrx_word' id='word_1_106' title='bbox 495 1678 800 1741; x_wconf 87' lang='lat' dir='ltr'><strong>administrationem</strong></span> <span class='ocrx_word' id='word_1_107' title='bbox 830 1685 989 1760; x_wconf 84' lang='lat' dir='ltr'><strong>spectant3</strong></span> <span class='ocrx_word' id='word_1_108' title='bbox 1014 1687 1046 1742; x_wconf 90' lang='lat' dir='ltr'><strong>et</strong></span> <span class='ocrx_word' id='word_1_109' title='bbox 1067 1682 1241 1761; x_wconf 85' lang='lat' dir='ltr'><strong>Episcopus,</strong></span> 
     </span>
     <span class='ocr_line' id='line_1_16' title="bbox 236 1779 1242 1860; baseline -0.001 -20"><span class='ocrx_word' id='word_1_110' title='bbox 236 1781 292 1842; x_wconf 89' lang='lat' dir='ltr'><strong>ubi</strong></span> <span class='ocrx_word' id='word_1_111' title='bbox 305 1779 428 1840; x_wconf 91' lang='lat' dir='ltr'><strong>muneri</strong></span> <span class='ocrx_word' id='word_1_112' title='bbox 443 1797 499 1840; x_wconf 91' lang='lat' dir='ltr'><strong>suo</strong></span> <span class='ocrx_word' id='word_1_113' title='bbox 510 1779 659 1839; x_wconf 84' lang='lat' dir='ltr'><strong>defecisse</strong></span> <span class='ocrx_word' id='word_1_114' title='bbox 682 1779 773 1840; x_wconf 90' lang='lat' dir='ltr'><strong>illum</strong></span> <span class='ocrx_word' id='word_1_115' title='bbox 793 1781 992 1860; x_wconf 85' lang='lat' dir='ltr'><strong>compererit,</strong></span> <span class='ocrx_word' id='word_1_116' title='bbox 1009 1781 1242 1860; x_wconf 87' lang='lat' dir='ltr'><strong>opportunede-</strong></span> 
     </span>
     <span class='ocr_line' id='line_1_17' title="bbox 236 1877 1243 1958; baseline -0.003 -19"><span class='ocrx_word' id='word_1_117' title='bbox 236 1883 323 1939; x_wconf 90' lang='lat' dir='ltr'><strong>creta</strong></span> <span class='ocrx_word' id='word_1_118' title='bbox 351 1878 499 1953; x_wconf 85' lang='lat' dir='ltr'><strong>condere,</strong></span> <span class='ocrx_word' id='word_1_119' title='bbox 526 1895 563 1937; x_wconf 91' lang='lat' dir='ltr'><strong>ac</strong></span> <span class='ocrx_word' id='word_1_120' title='bbox 592 1877 720 1938; x_wconf 89' lang='lat' dir='ltr'><strong>meritas</strong></span> <span class='ocrx_word' id='word_1_121' title='bbox 745 1877 777 1938; x_wconf 91' lang='lat' dir='ltr'><strong>in</strong></span> <span class='ocrx_word' id='word_1_122' title='bbox 806 1878 953 1939; x_wconf 90' lang='lat' dir='ltr'><strong>eumdem</strong></span> <span class='ocrx_word' id='word_1_123' title='bbox 979 1897 1095 1958; x_wconf 72' lang='lat' dir='ltr'><strong>poenas</strong></span> <span class='ocrx_word' id='word_1_124' title='bbox 1123 1883 1243 1940; x_wconf 86' lang='lat' dir='ltr'><strong>statuere</strong></span> 
     </span>
     <span class='ocr_line' id='line_1_18' title="bbox 235 1977 330 2038; baseline -0.021 0"><span class='ocrx_word' id='word_1_125' title='bbox 235 1977 330 2038; x_wconf 91' lang='lat' dir='ltr'><strong>valet.</strong></span> 
     </span>
    </p>

    <p class='ocr_par' dir='ltr' id='par_1_6' title="bbox 235 2073 1257 2821">
     <span class='ocr_line' id='line_1_19' title="bbox 297 2073 1243 2155; baseline -0.005 -20"><span class='ocrx_word' id='word_1_126' title='bbox 297 2075 373 2136; x_wconf 84' lang='lat' dir='ltr'><strong>Cum</strong></span> <span class='ocrx_word' id='word_1_127' title='bbox 413 2073 549 2134; x_wconf 86' lang='lat' dir='ltr'><strong>Parochi</strong></span> <span class='ocrx_word' id='word_1_128' title='bbox 577 2073 738 2154; x_wconf 84' lang='lat' dir='ltr'><strong>regulares</strong></span> <span class='ocrx_word' id='word_1_129' title='bbox 767 2074 829 2135; x_wconf 89' lang='lat' dir='ltr'><strong>sint</strong></span> <span class='ocrx_word' id='word_1_130' title='bbox 855 2074 1051 2150; x_wconf 85' lang='lat' dir='ltr'><strong>amovibiles‚</strong></span> <span class='ocrx_word' id='word_1_131' title='bbox 1083 2076 1243 2155; x_wconf 85' lang='lat' dir='ltr'><strong>Episcopus</strong></span> 
     </span>
     <span class='ocr_line' id='line_1_20' title="bbox 236 2171 1241 2253; baseline -0.004 -19"><span class='ocrx_word' id='word_1_132' title='bbox 236 2178 340 2253; x_wconf 89' lang='lat' dir='ltr'><strong>potest</strong></span> <span class='ocrx_word' id='word_1_133' title='bbox 355 2172 396 2234; x_wconf 87' lang='lat' dir='ltr'><strong>ad</strong></span> <span class='ocrx_word' id='word_1_134' title='bbox 415 2171 543 2233; x_wconf 91' lang='lat' dir='ltr'><strong>illorum</strong></span> <span class='ocrx_word' id='word_1_135' title='bbox 559 2172 767 2232; x_wconf 90' lang='lat' dir='ltr'><strong>remotionem</strong></span> <span class='ocrx_word' id='word_1_136' title='bbox 783 2173 953 2250; x_wconf 91' lang='lat' dir='ltr'><strong>procedere</strong></span> <span class='ocrx_word' id='word_1_137' title='bbox 971 2173 1037 2234; x_wconf 89' lang='lat' dir='ltr'><strong>sina</strong></span> <span class='ocrx_word' id='word_1_138' title='bbox 1053 2191 1181 2234; x_wconf 90' lang='lat' dir='ltr'><strong>assensu</strong></span> <span class='ocrx_word' id='word_1_139' title='bbox 1199 2191 1241 2231; x_wconf 93' lang='lat' dir='ltr'><strong>su-</strong></span> 
     </span>
     <span class='ocr_line' id='line_1_21' title="bbox 235 2269 1240 2352; baseline -0.005 -20"><span class='ocrx_word' id='word_1_140' title='bbox 235 2271 366 2351; x_wconf 85' lang='lat' dir='ltr'><strong>perioris</strong></span> <span class='ocrx_word' id='word_1_141' title='bbox 380 2269 546 2348; x_wconf 83' lang='lat' dir='ltr'><strong>regularis,</strong></span> <span class='ocrx_word' id='word_1_142' title='bbox 562 2271 638 2349; x_wconf 93' lang='lat' dir='ltr'><strong>quin</strong></span> <span class='ocrx_word' id='word_1_143' title='bbox 648 2271 795 2330; x_wconf 85' lang='lat' dir='ltr'><strong>teneatur</strong></span> <span class='ocrx_word' id='word_1_144' title='bbox 809 2289 920 2331; x_wconf 88' lang='lat' dir='ltr'><strong>causas</strong></span> <span class='ocrx_word' id='word_1_145' title='bbox 935 2271 983 2331; x_wconf 93' lang='lat' dir='ltr'><strong>sui</strong></span> <span class='ocrx_word' id='word_1_146' title='bbox 990 2272 1106 2352; x_wconf 88' lang='lat' dir='ltr'><strong>judicii</strong></span> <span class='ocrx_word' id='word_1_147' title='bbox 1122 2269 1240 2351; x_wconf 89' lang='lat' dir='ltr'><strong>aperire,</strong></span> 
     </span>
     <span class='ocr_line' id='line_1_22' title="bbox 236 2367 1257 2448; baseline -0.004 -18"><span class='ocrx_word' id='word_1_148' title='bbox 236 2370 336 2430; x_wconf 90' lang='lat' dir='ltr'><strong>multo</strong></span> <span class='ocrx_word' id='word_1_149' title='bbox 352 2368 456 2429; x_wconf 90' lang='lat' dir='ltr'><strong>minus</strong></span> <span class='ocrx_word' id='word_1_150' title='bbox 474 2368 622 2448; x_wconf 85' lang='lat' dir='ltr'><strong>probare.</strong></span> <span class='ocrx_word' id='word_1_151' title='bbox 641 2369 695 2428; x_wconf 90' lang='lat' dir='ltr'><strong>Jus</strong></span> <span class='ocrx_word' id='word_1_152' title='bbox 714 2367 974 2448; x_wconf 78' lang='lat' dir='ltr'><strong>idcm&#39;reciproce</strong></span> <span class='ocrx_word' id='word_1_153' title='bbox 990 2370 1147 2430; x_wconf 85' lang='lat' dir='ltr'><strong>asseritur</strong></span> <span class='ocrx_word' id='word_1_154' title='bbox 1163 2386 1240 2446; x_wconf 91' lang='lat' dir='ltr'><strong>supe·</strong></span> <span class='ocrx_word' id='word_1_155' title='bbox 1256 2395 1257 2400; x_wconf 41' lang='lat'>¹</span> 
     </span>
     <span class='ocr_line' id='line_1_23' title="bbox 237 2465 1240 2546; baseline -0.002 -20"><span class='ocrx_word' id='word_1_156' title='bbox 237 2467 312 2528; x_wconf 88' lang='lat' dir='ltr'><strong>riori</strong></span> <span class='ocrx_word' id='word_1_157' title='bbox 327 2466 504 2546; x_wconf 88' lang='lat' dir='ltr'><strong>regulariin</strong></span> <span class='ocrx_word' id='word_1_158' title='bbox 516 2484 607 2525; x_wconf 88' lang='lat' dir='ltr'><strong>suurn</strong></span> <span class='ocrx_word' id='word_1_159' title='bbox 618 2465 789 2526; x_wconf 88' lang='lat' dir='ltr'><strong>subditum.</strong></span> <span class='ocrx_word' id='word_1_160' title='bbox 798 2467 845 2526; x_wconf 90' lang='lat' dir='ltr'><strong>lta</strong></span> <span class='ocrx_word' id='word_1_161' title='bbox 857 2466 971 2528; x_wconf 91' lang='lat' dir='ltr'><strong>indixit</strong></span> <span class='ocrx_word' id='word_1_162' title='bbox 978 2466 1167 2528; x_wconf 87' lang='lat' dir='ltr'><strong>Benedictus</strong></span> <span class='ocrx_word' id='word_1_163' title='bbox 1176 2466 1240 2535; x_wconf 85' lang='lat' dir='ltr'><strong>x1v,</strong></span> 
     </span>
     <span class='ocr_line' id='line_1_24' title="bbox 237 2562 1257 2643; baseline -0.003 -19"><span class='ocrx_word' id='word_1_164' title='bbox 237 2565 341 2625; x_wconf 85' lang='lat' dir='ltr'><strong>Const.</strong></span> <span class='ocrx_word' id='word_1_165' title='bbox 362 2562 547 2638; x_wconf 81' lang='lat' dir='ltr'><strong>Firmcudia,</strong></span> <span class='ocrx_word' id='word_1_166' title='bbox 565 2581 638 2624; x_wconf 89' lang='lat' dir='ltr'><strong>ann.</strong></span> <span class='ocrx_word' id='word_1_167' title='bbox 657 2564 750 2637; x_wconf 75' lang='lat' dir='ltr'><strong>llll3</strong></span> <span class='ocrx_word' id='word_1_168' title='bbox 768 2564 822 2643; x_wconf 91' lang='lat' dir='ltr'><strong>qui</strong></span> <span class='ocrx_word' id='word_1_169' title='bbox 837 2565 930 2625; x_wconf 91' lang='lat' dir='ltr'><strong>simul</strong></span> <span class='ocrx_word' id='word_1_170' title='bbox 947 2564 1122 2643; x_wconf 86' lang='lat' dir='ltr'><strong>explicavit</strong></span> <span class='ocrx_word' id='word_1_171' title='bbox 1137 2566 1168 2626; x_wconf 90' lang='lat' dir='ltr'><strong>in</strong></span> <span class='ocrx_word' id='word_1_172' title='bbox 1182 2581 1239 2643; x_wconf 85' lang='lat' dir='ltr'><strong>qua</strong></span> <span class='ocrx_word' id='word_1_173' title='bbox 1256 2587 1257 2602; x_wconf 69' lang='lat'><em>2</em></span> 
     </span>
     <span class='ocr_line' id='line_1_25' title="bbox 237 2661 1240 2742; baseline -0.003 -21"><span class='ocrx_word' id='word_1_174' title='bbox 237 2662 425 2723; x_wconf 88' lang='lat' dir='ltr'><strong>extendatur</strong></span> <span class='ocrx_word' id='word_1_175' title='bbox 439 2663 576 2723; x_wconf 85' lang='lat' dir='ltr'><strong>visitatio</strong></span> <span class='ocrx_word' id='word_1_176' title='bbox 590 2661 786 2741; x_wconf 85' lang='lat' dir='ltr'><strong>Episcopalis</strong></span> <span class='ocrx_word' id='word_1_177' title='bbox 802 2663 1026 2742; x_wconf 88' lang='lat' dir='ltr'><strong>parochiarum</strong></span> <span class='ocrx_word' id='word_1_178' title='bbox 1044 2662 1240 2741; x_wconf 83' lang='lat' dir='ltr'><strong>Regularibus</strong></span> 
     </span>
     <span class='ocr_line' id='line_1_26' title="bbox 238 2759 488 2821; baseline 0.012 -3"><span class='ocrx_word' id='word_1_179' title='bbox 238 2759 488 2821; x_wconf 89' lang='lat' dir='ltr'><strong>commissarum.</strong></span> 
     </span>
    </p>

    <p class='ocr_par' dir='ltr' id='par_1_7' title="bbox 240 2857 1240 3017">
     <span class='ocr_line' id='line_1_27' title="bbox 297 2857 1240 2938; baseline -0.003 -20"><span class='ocrx_word' id='word_1_180' title='bbox 297 2858 347 2920; x_wconf 91' lang='lat' dir='ltr'><strong>IV.</strong></span> <span class='ocrx_word' id='word_1_181' title='bbox 378 2857 487 2929; x_wconf 85' lang='lat' dir='ltr'><strong>Quoad</strong></span> <span class='ocrx_word' id='word_1_182' title='bbox 512 2875 630 2918; x_wconf 80' lang='lat' dir='ltr'><strong>sucrum</strong></span> <span class='ocrx_word' id='word_1_183' title='bbox 651 2859 863 2933; x_wconf 69' lang='lat' dir='ltr'><strong>ministerium,</strong></span> <span class='ocrx_word' id='word_1_184' title='bbox 885 2865 974 2920; x_wconf 86' lang='lat' dir='ltr'><strong>extra</strong></span> <span class='ocrx_word' id='word_1_185' title='bbox 1000 2859 1143 2921; x_wconf 78' lang='lat' dir='ltr'><strong>officium</strong></span> <span class='ocrx_word' id='word_1_186' title='bbox 1165 2874 1240 2938; x_wconf 91' lang='lat' dir='ltr'><strong>paro·</strong></span> 
     </span>
     <span class='ocr_line' id='line_1_28' title="bbox 240 2955 352 3017; baseline -0.009 0"><span class='ocrx_word' id='word_1_187' title='bbox 240 2955 352 3017; x_wconf 91' lang='lat' dir='ltr'><strong>chiale.</strong></span> 
     </span>
    </p>

    <p class='ocr_par' dir='ltr' id='par_1_8' title="bbox 239 3053 1238 3530">
     <span class='ocr_line' id='line_1_29' title="bbox 298 3053 1238 3134; baseline -0.002 -18"><span class='ocrx_word' id='word_1_188' title='bbox 298 3053 465 3134; x_wconf 77' lang='lat' dir='ltr'><strong>Gregorius</strong></span> <span class='ocrx_word' id='word_1_189' title='bbox 478 3055 530 3116; x_wconf 86' lang='lat' dir='ltr'><strong>XV</strong></span> <span class='ocrx_word' id='word_1_190' title='bbox 542 3055 651 3115; x_wconf 89' lang='lat' dir='ltr'><strong>statuit</strong></span> <span class='ocrx_word' id='word_1_191' title='bbox 661 3055 752 3114; x_wconf 75' lang='lat' dir='ltr'><strong>(lona.</strong></span> <span class='ocrx_word' id='word_1_192' title='bbox 766 3054 973 3128; x_wconf 72' lang='lat' dir='ltr'><strong>Insecutubili,</strong></span> <span class='ocrx_word' id='word_1_193' title='bbox 987 3075 1038 3118; x_wconf 91' lang='lat' dir='ltr'><strong>an.</strong></span> <span class='ocrx_word' id='word_1_194' title='bbox 1052 3058 1133 3119; x_wconf 66' lang='lat'><strong>1622</strong></span> <span class='ocrx_word' id='word_1_195' title='bbox 1145 3075 1152 3118; x_wconf 95' lang='lat'><strong>:</strong></span> <span class='ocrx_word' id='word_1_196' title='bbox 1164 3079 1179 3112; x_wconf 95' lang='lat'>«</span> <span class='ocrx_word' id='word_1_197' title='bbox 1190 3057 1238 3114; x_wconf 82' lang='lat' dir='ltr'><strong>lte·</strong></span> 
     </span>
     <span class='ocr_line' id='line_1_30' title="bbox 239 3151 1236 3232; baseline -0.002 -22"><span class='ocrx_word' id='word_1_198' title='bbox 239 3177 254 3211; x_wconf 87' lang='lat'>«</span> <span class='ocrx_word' id='word_1_199' title='bbox 272 3153 398 3232; x_wconf 84' lang='lat' dir='ltr'><strong>gulares</strong></span> <span class='ocrx_word' id='word_1_200' title='bbox 417 3152 450 3212; x_wconf 92' lang='lat' dir='ltr'><strong>in</strong></span> <span class='ocrx_word' id='word_1_201' title='bbox 479 3151 704 3212; x_wconf 82' lang='lat' dir='ltr'><strong>suisecclesiis</strong></span> <span class='ocrx_word' id='word_1_202' title='bbox 724 3153 897 3232; x_wconf 80' lang='lat' dir='ltr'><strong>praedicare</strong></span> <span class='ocrx_word' id='word_1_203' title='bbox 915 3153 1069 3232; x_wconf 84' lang='lat' dir='ltr'><strong>volentes,</strong></span> <span class='ocrx_word' id='word_1_204' title='bbox 1091 3173 1125 3216; x_wconf 90' lang='lat' dir='ltr'><strong>se</strong></span> <span class='ocrx_word' id='word_1_205' title='bbox 1146 3169 1236 3215; x_wconf 89' lang='lat' dir='ltr'><strong>coram</strong></span> 
     </span>
     <span class='ocr_line' id='line_1_31' title="bbox 241 3249 1237 3332; baseline 0 -26"><span class='ocrx_word' id='word_1_206' title='bbox 241 3278 256 3307; x_wconf 62' lang='grc' dir='ltr'><strong>(ι</strong></span> <span class='ocrx_word' id='word_1_207' title='bbox 268 3249 430 3330; x_wconf 88' lang='lat' dir='ltr'><strong>Episcopis</strong></span> <span class='ocrx_word' id='word_1_208' title='bbox 449 3254 641 3329; x_wconf 75' lang='lat' dir='ltr'><strong>prasentare</strong></span> <span class='ocrx_word' id='word_1_209' title='bbox 652 3257 683 3309; x_wconf 89' lang='lat' dir='ltr'><strong>et</strong></span> <span class='ocrx_word' id='word_1_210' title='bbox 697 3249 737 3310; x_wconf 89' lang='lat' dir='ltr'><strong>ab</strong></span> <span class='ocrx_word' id='word_1_211' title='bbox 758 3251 796 3310; x_wconf 92' lang='lat' dir='ltr'><strong>iis</strong></span> <span class='ocrx_word' id='word_1_212' title='bbox 824 3251 1077 3313; x_wconf 87' lang='lat' dir='ltr'><strong>benedictionem</strong></span> <span class='ocrx_word' id='word_1_213' title='bbox 1093 3259 1193 3332; x_wconf 87' lang='lat' dir='ltr'><strong>patere</strong></span> <span class='ocrx_word' id='word_1_214' title='bbox 1203 3255 1237 3308; x_wconf 90' lang='lat' dir='ltr'><strong>te·</strong></span> 
     </span>
     <span class='ocr_line' id='line_1_32' title="bbox 240 3347 1233 3426; baseline -0.001 -20"><span class='ocrx_word' id='word_1_215' title='bbox 240 3375 256 3407; x_wconf 91' lang='lat'>«</span> <span class='ocrx_word' id='word_1_216' title='bbox 269 3354 421 3423; x_wconf 83' lang='lat' dir='ltr'><strong>neantur3</strong></span> <span class='ocrx_word' id='word_1_217' title='bbox 452 3348 485 3408; x_wconf 91' lang='lat' dir='ltr'><strong>in</strong></span> <span class='ocrx_word' id='word_1_218' title='bbox 500 3347 638 3409; x_wconf 89' lang='lat' dir='ltr'><strong>ecclesiis</strong></span> <span class='ocrx_word' id='word_1_219' title='bbox 653 3366 724 3426; x_wconf 83' lang='lat' dir='ltr'><strong>quae</strong></span> <span class='ocrx_word' id='word_1_220' title='bbox 749 3367 878 3409; x_wconf 89' lang='lat' dir='ltr'><strong>suorum</strong></span> <span class='ocrx_word' id='word_1_221' title='bbox 900 3349 1049 3411; x_wconf 91' lang='lat' dir='ltr'><strong>ordinum</strong></span> <span class='ocrx_word' id='word_1_222' title='bbox 1075 3371 1139 3412; x_wconf 90' lang='lat' dir='ltr'><strong>non</strong></span> <span class='ocrx_word' id='word_1_223' title='bbox 1164 3351 1233 3416; x_wconf 90' lang='lat' dir='ltr'><strong>suut,</strong></span> 
     </span>
     <span class='ocr_line' id='line_1_33' title="bbox 240 3445 1233 3530; baseline 0 -26"><span class='ocrx_word' id='word_1_224' title='bbox 240 3473 256 3505; x_wconf 86' lang='lat'>«</span> <span class='ocrx_word' id='word_1_225' title='bbox 271 3447 360 3510; x_wconf 93' lang='lat' dir='ltr'><strong>nullo</strong></span> <span class='ocrx_word' id='word_1_226' title='bbox 384 3447 479 3508; x_wconf 90' lang='lat' dir='ltr'><strong>modo</strong></span> <span class='ocrx_word' id='word_1_227' title='bbox 495 3445 668 3527; x_wconf 83' lang='lat' dir='ltr'><strong>praedicare</strong></span> <span class='ocrx_word' id='word_1_228' title='bbox 683 3447 816 3525; x_wconf 87' lang='lat' dir='ltr'><strong>possint,</strong></span> <span class='ocrx_word' id='word_1_229' title='bbox 838 3449 903 3508; x_wconf 90' lang='lat' dir='ltr'><strong>sine</strong></span> <span class='ocrx_word' id='word_1_230' title='bbox 927 3447 1055 3512; x_wconf 88' lang='lat' dir='ltr'><strong>licentia</strong></span> <span class='ocrx_word' id='word_1_231' title='bbox 1079 3445 1233 3530; x_wconf 88' lang='lat' dir='ltr'><strong>Episcopi:</strong></span> 
     </span>
    </p>
   </div>
   <div class='ocr_carea' id='block_1_5' title="bbox 238 3593 1233 3827">
    <p class='ocr_par' dir='ltr' id='par_1_9' title="bbox 238 3593 1233 3827">
     <span class='ocr_line' id='line_1_34' title="bbox 286 3593 1233 3676; baseline -0.004 -18"><span class='ocrx_word' id='word_1_232' title='bbox 286 3612 308 3659; x_wconf 85' lang='lat' dir='ltr'><strong>t.</strong></span> <span class='ocrx_word' id='word_1_233' title='bbox 340 3607 378 3658; x_wconf 87' lang='lat' dir='ltr'><strong>Gl.</strong></span> <span class='ocrx_word' id='word_1_234' title='bbox 396 3607 558 3656; x_wconf 84' lang='lat' dir='ltr'><strong>decisionem</strong></span> <span class='ocrx_word' id='word_1_235' title='bbox 576 3607 602 3656; x_wconf 87' lang='lat' dir='ltr'><strong>S.</strong></span> <span class='ocrx_word' id='word_1_236' title='bbox 623 3607 705 3672; x_wconf 76' lang='lat' dir='ltr'><strong>(long.</strong></span> <span class='ocrx_word' id='word_1_237' title='bbox 724 3608 835 3658; x_wconf 80' lang='lat' dir='ltr'><strong>concilii</strong></span> <span class='ocrx_word' id='word_1_238' title='bbox 853 3610 880 3658; x_wconf 91' lang='lat' dir='ltr'><strong>in</strong></span> <span class='ocrx_word' id='word_1_239' title='bbox 901 3623 983 3660; x_wconf 84' lang='lat' dir='ltr'><strong>causa</strong></span> <span class='ocrx_word' id='word_1_240' title='bbox 1007 3593 1121 3661; x_wconf 66' lang='lat' dir='ltr'><strong>Reatina</strong></span> <span class='ocrx_word' id='word_1_241' title='bbox 1139 3614 1176 3676; x_wconf 74' lang='lat' dir='ltr'><strong>(a⁰</strong></span> <span class='ocrx_word' id='word_1_242' title='bbox 1189 3609 1233 3664; x_wconf 81' lang='lat' dir='ltr'><strong>ue,</strong></span> 
     </span>
     <span class='ocr_line' id='line_1_35' title="bbox 238 3682 1232 3752; baseline 0.002 -19"><span class='ocrx_word' id='word_1_243' title='bbox 238 3688 259 3734; x_wconf 91' lang='lat' dir='ltr'><strong>t.</strong></span> <span class='ocrx_word' id='word_1_244' title='bbox 270 3685 291 3744; x_wconf 89' lang='grc' dir='ltr'><strong>Ι,</strong></span> <span class='ocrx_word' id='word_1_245' title='bbox 302 3699 327 3747; x_wconf 92' lang='lat' dir='ltr'><strong>p.</strong></span> <span class='ocrx_word' id='word_1_246' title='bbox 340 3685 395 3744; x_wconf 80' lang='lat'>286)</span> <span class='ocrx_word' id='word_1_247' title='bbox 407 3698 414 3742; x_wconf 80' lang='lat'>3</span> <span class='ocrx_word' id='word_1_248' title='bbox 424 3682 503 3733; x_wconf 86' lang='lat' dir='ltr'><strong>aliam</strong></span> <span class='ocrx_word' id='word_1_249' title='bbox 523 3682 686 3732; x_wconf 85' lang='lat' dir='ltr'><strong>decisionem</strong></span> <span class='ocrx_word' id='word_1_250' title='bbox 702 3683 730 3732; x_wconf 91' lang='lat' dir='ltr'><strong>in</strong></span> <span class='ocrx_word' id='word_1_251' title='bbox 745 3684 841 3734; x_wconf 86' lang='lat' dir='ltr'><strong>eodem</strong></span> <span class='ocrx_word' id='word_1_252' title='bbox 856 3699 937 3735; x_wconf 89' lang='lat' dir='ltr'><strong>sensu</strong></span> <span class='ocrx_word' id='word_1_253' title='bbox 953 3686 1027 3736; x_wconf 84' lang='lat' dir='ltr'><strong>dedit</strong></span> <span class='ocrx_word' id='word_1_254' title='bbox 1035 3687 1061 3738; x_wconf 87' lang='lat' dir='ltr'><strong>S.</strong></span> <span class='ocrx_word' id='word_1_255' title='bbox 1072 3688 1153 3752; x_wconf 84' lang='lat' dir='ltr'><strong>Cong.</strong></span> <span class='ocrx_word' id='word_1_256' title='bbox 1163 3684 1232 3748; x_wconf 75' lang='lat' dir='ltr'><strong>Epist·</strong></span> 
     </span>
     <span class='ocr_line' id='line_1_36' title="bbox 241 3757 1153 3827; baseline 0.004 -19"><span class='ocrx_word' id='word_1_257' title='bbox 241 3761 267 3807; x_wconf 89' lang='lat' dir='ltr'><strong>et</strong></span> <span class='ocrx_word' id='word_1_258' title='bbox 280 3757 464 3819; x_wconf 82' lang='lat' dir='ltr'><strong>Regularium,</strong></span> <span class='ocrx_word' id='word_1_259' title='bbox 480 3757 523 3808; x_wconf 88' lang='lat' dir='ltr'><strong>die</strong></span> <span class='ocrx_word' id='word_1_260' title='bbox 538 3761 552 3808; x_wconf 88' lang='grc'><strong>6</strong></span> <span class='ocrx_word' id='word_1_261' title='bbox 567 3757 630 3807; x_wconf 88' lang='lat' dir='ltr'><strong>maii</strong></span> <span class='ocrx_word' id='word_1_262' title='bbox 647 3758 716 3822; x_wconf 68' lang='lat'><strong>1864.</strong></span> <span class='ocrx_word' id='word_1_263' title='bbox 734 3759 855 3823; x_wconf 80' lang='lat' dir='ltr'><strong>Bizzarri,</strong></span> <span class='ocrx_word' id='word_1_264' title='bbox 872 3759 1043 3824; x_wconf 83' lang='lat' dir='ltr'><strong>Collectauea,</strong></span> <span class='ocrx_word' id='word_1_265' title='bbox 1058 3777 1085 3827; x_wconf 89' lang='lat' dir='ltr'><strong>p.</strong></span> <span class='ocrx_word' id='word_1_266' title='bbox 1101 3765 1153 3815; x_wconf 84' lang='grc'><strong>766.</strong></span> 
     </span>
    </p>
   </div>
   <div class='ocr_carea' id='block_1_6' title="bbox 0 0 1290 4272">
    <p class='ocr_par' dir='ltr' id='par_1_10' title="bbox 0 0 1290 4272">
     <span class='ocr_line' id='line_1_37' title="bbox 0 0 1290 4272; baseline 0 0"><span class='ocrx_word' id='word_1_267' title='bbox 0 0 1290 4272; x_wconf 95' lang='lat' dir='ltr'><strong> </strong></span> 
     </span>
    </p>
   </div>
  </div>
 </body>
</html>
