2588 4276
238 214 291 272 254
573 218 650 266 PARS
668 217 700 266 11.
722 217 914 266 nicolanus.

238 357 324 412 nem,
340 356 404 399 non
418 335 539 415 possint
550 339 623 396 actu
635 352 772 414 praeesse
787 353 843 396 suo
855 333 1064 414 episcopatui.
1081 334 1245 416 (86166611-

238 437 382 518 grueher,
399 448 434 494 60
449 434 500 507 32,
516 450 554 492 nn
567 431 806 512 Rscumnraus.)

295 536 366 596 459.
387 533 497 592 -1110
521 529 630 592 Utrum
649 529 823 612 beneficiati
842 539 871 590 et
892 531 996 591 caeteri
1010 529 1119 592 clerici
1132 534 1239 614 possent

141 691 143 694 ,
236 633 412 713 religionem
430 627 557 710 ingredi,
574 647 635 690 666
652 627 771 690 obtenta
788 627 875 706 prius
889 628 936 722 661
950 629 1117 710 respective
1127 631 1240 711 prelati

237 727 381 793 licentra?

295 830 318 889 1.
334 826 501 906 Presbyter
513 824 653 902 regimen
669 823 818 886 Ecclesiae
835 823 963 886 aliudve
974 824 1185 886 ministerium
1199 827 1238 888 di-

235 925 386 986 missurus
402 924 495 985 debet
509 922 674 984 eonsilium
690 941 781 982 suum
795 922 927 1002 ejusque
940 923 1088 1003 capiendi
1098 923 1237 1000 rationes,

235 1028 389 1102 quantum
406 1039 520 1082 eorum
547 1024 662 1080 661666
683 1020 754 1095 1661,
781 1019 907 1099 aperire
927 1021 1095 1101 Episcopo.
1122 1022 1165 1082 De
1186 1021 1237 1082 hoc

151 1197 154 1200 Ι
234 1140 318 1182 nemo
341 1119 472 1191 dubitat,
497 1118 541 1178 ait
563 1117 750 1178 Benedictus
773 1118 850 1190 XIV,
875 1117 930 1196 qui
950 1116 1068 1180 addit:
1096 1139 1112 1176 11
1133 1120 1167 1179 16
1187 1120 1238 1179 hoc

236 1242 251 1275 1
262 1238 329 1279 666
345 1222 410 1278 tam
431 1215 536 1277 officio
555 1220 586 1276 61
601 1214 763 1276 honestati
775 1233 873 1295 quam
888 1215 967 1292 legis
988 1216 1144 1276 naturalis
1164 1235 1237 1296 prae·

239 1340 253 1376 1
268 1321 359 1396 cepto
388 1313 570 1374 satisfaciet.
600 1314 678 1374 Cum
705 1312 789 1373 enim
812 1313 992 1392 presbyteri
1014 1313 1235 1376 inanimatum

236 1431 353 1487 116666,
377 1412 509 1490 aliisque
532 1411 680 1490 gravibus
701 1410 885 1471 muneribus
907 1411 948 1471 ad
973 1411 1134 1490 pastorale
1157 1413 1233 1490 regi-

235 1538 249 1571 «
264 1531 338 1572 men
359 1509 588 1590 spectantibus
613 1509 760 1588 Episcopi
782 1508 918 1569 ministri
942 1509 1022 1584 sint;
1043 1509 1088 1570 ita
1109 1528 1180 1570 cum
1201 1529 1235 1570 eo

203 1627 205 1629 ·
233 1633 249 1666 «
262 1629 295 1670 se
315 1627 422 1687 gerere
443 1608 570 1682 debent,
592 1607 673 1667 6116
696 1606 875 1666 animarum
896 1625 974 1685 quas
993 1607 1054 1686 ipsi
1073 1609 1229 1687 regebant,

234 1731 249 1763 «
264 1713 294 1768 et
314 1706 514 1784 negotiorum
538 1723 608 1784 quae
631 1704 905 1780 administrabant,
932 1705 1172 1766 necessitatibus
1190 1725 1236 1785 op·

235 1830 249 1862 1
265 1811 400 1884 portune
429 1803 591 1865 consulere
620 1802 735 1864 valeat.
766 1825 781 1857 n
809 1801 914 1883 (Brev.
941 1805 1052 1885 Apost.
1083 1802 1141 1864 Ec
1174 1823 1233 1886 quo,

231 1913 267 1963 n⁰
279 1921 351 1976 xxv,
366 1921 417 1962 66.
434 1902 523 1973 1717,
541 1900 581 1960 ad
594 1899 685 1962 Card.
702 1899 892 1980 Quirinum.)

290 2002 328 2062 ll.
350 1999 523 2078 Episcopus
547 2015 610 2058 non
632 1997 736 2071 debet,
762 2015 819 2057 666
846 2003 963 2076 potest,
987 1998 1177 2076 regulariter
1196 2000 1233 2060 lo·
1286 2013 1287 2016 ’

231 2097 369 2178 quando,
395 2115 486 2156 suum
510 2113 672 2156 assensum
696 2095 852 2173 denegare
876 2094 991 2156 clerico
1011 2097 1187 2175 postulanti
1205 2097 1235 2157 li·
1286 2097 1287 2104 ’

229 2199 342 2258 berum
360 2195 536 2274 ingressum
556 2192 729 2271 religionis.
749 2194 844 2253 Proh.
866 2196 897 2252 l⁰
912 2195 960 2254 Ex
979 2213 1049 2274 cap.
1070 2193 1234 2270 Duceret,

229 2299 259 2370 2,
282 2296 584 2371 caus.X1x,quaest.
613 2308 647 2364 11,
673 2291 705 2350 in
731 2308 794 2368 quo
817 2291 963 2352 Urbanus
985 2293 1076 2371 Papa
1097 2295 1234 2355 statuit:
1285 2337 1286 2384 ,

231 2393 296 2455 «Si
319 2391 389 2471 quis
411 2391 443 2450 in
467 2389 607 2450 Ecclesia
628 2407 695 2464 sua,
720 2389 778 2448 sub
802 2388 969 2468 Episcopo,
993 2390 1150 2468 populum
1171 2391 1235 2452 reti·

230 2496 326 2566 1661,
352 2494 383 2549 61
406 2487 599 2549 saeeulariter
620 2486 707 2560 vivit,
727 2487 753 2545 61
775 2487 902 2546 afflatus
927 2487 1046 2564 Spiritu
1067 2495 1185 2566 sancto,
1207 2490 1235 2550 in
1284 2539 1285 2542 ,

195 2589 196 2594 ’
232 2613 246 2642 1
262 2588 368 2666 aliquo
393 2584 604 2660 monasterio,
632 2584 683 2644 vel
712 2583 851 2662 regulari
880 2585 1035 2660 canonia,
1059 2587 1180 2648 salvare
1207 2607 1234 2649 se
1284 2573 1285 2657 1

232 2711 246 2742 o
258 2684 430 2746 voluerit...
451 2682 547 2744 etiam
567 2699 624 2741 suo
641 2681 797 2761 Episcopo
820 2682 1067 2760 contradicente,
1089 2690 1141 2746 661
1159 2685 1235 2746 liber

230 2809 245 2842 1
261 2788 369 2844 666166
388 2781 585 2842 66616611616.
603 2802 619 2834 »
634 2781 666 2842 2⁰
677 2779 875 2839 Auctoritate
893 2781 972 2853 Du,
990 2781 1045 2859 qui
1060 2785 1231 2844 communi·
1283 2793 1284 2822 ÷

226 2881 402 2944 tardarent
421 2884 539 2940 certam
557 2895 624 2938 6666
644 2876 825 2936 libertatem
845 2875 966 2936 clericis
981 2878 1168 2956 religionem
1185 2882 1230 2941 in·

227 2977 399 3056 grediendi,
423 2995 480 3037 nec
504 2976 543 3035 de
566 2993 604 3036 eo
627 2978 757 3035 movent
780 2975 1048 3050 controversiam;
1076 2978 1158 3039 unde
1177 2979 1231 3039 Be·
1282 3007 1283 3022 1

226 3077 369 3138 nedictus
382 3075 450 3137 XIV
460 3075 493 3134 in
506 3093 563 3134 suo
576 3073 666 3134 Brevi
681 3072 757 3133 dicit
771 3089 779 3132 ι
798 3097 813 3126 1
827 3073 859 3134 Si
874 3073 1049 3151 denegetur
1061 3076 1231 3154 permissio,

227 3173 440 3254 «hujusmodi
460 3172 629 3247 dissensus„
662 3190 701 3232 ex
731 3171 973 3231 auctoritatibus
1000 3191 1096 3251 supra
1124 3174 1230 3246 citatis,

229 3296 243 3333 11
258 3273 477 3354 presbyterum
499 3288 563 3330 non
587 3269 774 3348 adstringet,
795 3269 964 3348 quominus
983 3271 1168 3348 religionem
1190 3274 1230 3332 in·

226 3370 343 3450 «gredi
358 3369 472 3430 valeat.
490 3391 507 3424 »
524 3369 556 3428 3ο
571 3367 662 3428 Ratio
678 3372 724 3428 661
744 3367 827 3445 quod
842 3367 895 3446 jus
914 3369 1103 3430 canonicum
1117 3369 1230 3431 clericis

224 3485 362 3530 asserere
388 3466 489 3527 voluit
510 3464 691 3526 libertatem
713 3463 854 3525 sectandi
880 3465 980 3525 vitam
1001 3467 1225 3544 perfectiorem.
1280 3543 1281 3548 ἵ

222 3566 353 3645 ipsimet
367 3563 518 3642 religiosi,
532 3567 568 3624 ut
586 3562 670 3622 inira
685 3567 873 3641 exponetur,
889 3568 1022 3642 possunt
1042 3564 1173 3626 transire
1192 3565 1226 3626 611

222 3664 409 3744 religionem
431 3655 630 3736 strictiorem,
653 3659 780 3722 tametsi
797 3659 1011 3723 obedientiam
1029 3663 1182 3744 superiori
1200 3669 1226 3726 61
