2582 4278
173 252 239 299 ABE,
260 253 287 299 V.
309 252 386 301 tulta
405 251 618 300 castrobono!
638 253 674 299 Et·
693 251 915 300 cubonlcttttttt.
992 245 1043 299 163

50 368 223 435 concordati
237 369 277 430 ad
289 375 478 449 praesentem
487 374 614 432 aetutem
624 387 720 448 quum
733 377 863 430 suorum
873 368 1050 447 praedeoes·

48 487 141 531 sorum
163 466 286 528 saeculis
310 466 454 546 proxime
475 466 601 546 elapsis.
630 467 831 546 Compertum
856 465 968 547 cuique
994 472 1043 528 est
1083 520 1093 540 ,

47 567 204 647 Episcopos
224 583 289 626 non
305 583 336 626 se
352 565 531 626 existimare
551 564 621 645 lege
641 563 809 627 adstrictos
828 565 861 624 in
880 563 1040 644 plerisque

48 662 177 744 negotiis,
194 663 249 722 scd
266 663 381 724 liberos
401 667 496 742 prout
514 662 575 724 sibi
597 663 813 742 opportunum
831 661 967 736 videtur,
981 681 1042 742 pro

49 759 190 841 adjunctis
207 779 325 836 rerum,
340 765 396 824 eut
410 760 542 824 consilia
554 779 684 822 suorum
697 760 871 840 respective
886 760 1040 840 capitulo-

48 877 105 938 rum
117 859 277 937 postulare
291 859 324 920 in
340 858 492 940 regimine
508 857 662 933 dioecesis,
679 863 735 920 aut
749 878 768 920 a
783 857 922 919 consiliis
936 857 1045 938 exqui-

47 956 137 1018 rendis
150 957 324 1018 abstinere.

95 1055 151 1114 Res
163 1072 202 1115 eo
219 1054 412 1116 devenerunt
426 1061 462 1116 ut
477 1053 605 1122 difficile
618 1055 779 1134 designari
792 1054 891 1134 possit
905 1071 964 1132 pro
975 1071 1046 1114 nos-

47 1152 92 1212 tris
101 1150 282 1231 provinciis,
298 1153 352 1232 qui
369 1153 478 1215 sintin
493 1154 599 1234 specie
618 1171 709 1216 casus
728 1171 768 1214 ex
782 1169 878 1232 supra
895 1151 1044 1213 indicatis

49 1267 113 1327 qnos
123 1249 298 1331 Episcopus
316 1269 380 1314 non
397 1252 502 1314 valeat
522 1251 670 1332 expedire
688 1252 867 1313 inconsulto
889 1249 1044 1329 capitulo,

49 1346 73 1406 in
82 1345 114 1406 iis
126 1365 199 1427 quae
212 1353 287 1409 sunt
296 1347 457 1428 regiminis
470 1349 622 1412 diocesis.
637 1351 707 1411 Non
716 1349 790 1412 inde
808 1345 979 1410 concludas
993 1365 1049 1407 ne-

50 1450 135 1504 turam
151 1452 184 1506 et
197 1445 443 1510 destinationem
461 1449 674 1529 capitulorum
690 1447 875 1508 immutatas
889 1446 996 1520 fuisse,
1015 1449 1047 1506 et

50 1541 188 1603 incassum
215 1547 383 1623 postremis
400 1547 598 1626 temporibus
616 1547 671 1608 SS.
691 1545 860 1606 Pontifices
877 1561 915 1604 ee
929 1543 1053 1604 instau-

51 1657 118 1700 rasse
132 1645 167 1700 ut
185 1642 393 1720 providerent
409 1643 540 1706 consilio
559 1643 788 1723 Episcoporum
823 1648 917 1722 atque
935 1640 1046 1702 Eccle-

52 1735 150 1798 sierum
160 1739 439 1803 administrationi.
453 1741 600 1822 capitula
611 1746 685 1803 sunt
694 1739 850 1802 hodierna
862 1743 966 1812 rotate,
981 1755 1046 1799 non

52 1852 122 1894 secus
134 1854 171 1896 ac
187 1837 314 1899 sacculis
328 1840 505 1920 praetoritis‚
521 1839 668 1900 instituta
682 1844 718 1900 ut
731 1839 922 1918 Episcopum
934 1837 1049 1916 juvent

52 1931 237 2011 inregimine
252 1935 409 2012 dioecesis,
434 1937 587 2018 illumque
611 1935 779 2016 suppleant
800 1936 873 1997 sede
892 1937 1044 2008 vacante;

54 2029 209 2110 Episcopus
225 2051 350 2112 semper
370 2041 484 2114 potest,
499 2036 565 2097 imo
584 2035 681 2096 etiam
701 2034 797 2095 debet
814 2032 980 2096 consulere
999 2048 1048 2092 ce·

54 2127 170 2204 pitulum
185 2149 253 2192 suae
265 2131 414 2194 Ecclesiae
424 2132 616 2196 cathedralis
625 2132 754 2214 quando
768 2133 814 2193 ita
826 2130 968 2210 exposcit
979 2146 1051 2208 gra·

53 2224 115 2285 vitas
124 2244 310 2303 causarum3
323 2234 365 2304 et,
376 2231 535 2311 Episcopo
547 2231 739 2311 postulante,
752 2228 926 2308 capitulum
936 2225 1052 2287 exolli-

54 2320 90 2382 cio
102 2313 226 2386 tenetur
240 2345 353 2407 operes
367 2327 551 2408 impendere
566 2327 704 2390 utillum
719 2327 784 2389 suis
802 2324 938 2388 consiliis
953 2328 1051 2401 atque
1115 2391 1117 2396 ,

21 2483 22 2496 1
54 2435 190 2482 concursu
206 2423 347 2502 adjuvet.

21 2527 22 2576 t
98 2517 146 2582 lv.
162 2521 346 2599 lnuegotiis
358 2541 429 2602 quae
440 2523 481 2584 sd
490 2524 663 2586 Ecclesiam
675 2521 891 2584 cathedralem
901 2518 1048 2591 attinent,

21 2647 22 2670 t
54 2618 126 2675 vetus
146 2616 317 2696 disciplina
334 2621 400 2682 vim
417 2639 507 2682 suem
526 2622 628 2700 magis
650 2620 798 2683 servavit.
821 2619 868 2678 Ex
881 2617 952 2696 jure
968 2633 1056 2677 com·

54 2713 136 2786 nuni,
160 2716 377 2795 receptissima
405 2719 571 2782 doctorum
593 2718 760 2794 sententia,
785 2722 816 2778 et
837 2715 1049 2777 Ecclesiarum

21 2847 23 2904 ,
53 2806 276 2892 firmatapraxi,
294 2815 527 2879 administratio
536 2817 673 2897 pertinet
683 2813 865 2877 cumulatius
877 2814 919 2874 ad
932 2811 1055 2890 capitu·

21 2971 22 2980 ¹
54 2902 106 2966 lum
119 2927 191 2970 cum
207 2911 375 2992 Episcopo,
388 2913 472 2976 adeo
488 2919 524 2976 ut
536 2914 710 2994 Episcopus
728 2911 808 2974 nihil
826 2910 966 2974 notabile
980 2913 1045 2971 sta-

21 3035 23 3102 ,
53 3005 125 3066 tuere
137 3007 254 3070 debeat
264 3010 297 3070 in
310 3011 465 3089 regimine
481 3013 631 3075 Ecclesise
642 3011 849 3085 cathedralis,
864 3010 983 3088 absque
999 3023 1047 3066 es·

21 3115 22 3172 ,
55 3114 131 3163 sensu
149 3105 281 3185 majoris
293 3109 391 3186 partis
406 3109 548 3191 capituli.
568 3112 617 3174 lta
630 3109 726 3171 luisse
744 3112 928 3171 constanter
944 3104 1049 3166 obser-

21 3213 23 3286 ᾗ
55 3203 147 3261 ratum
160 3202 195 3264 in
208 3203 325 3282 Galliis,
341 3225 442 3286 nsque
452 3208 494 3269 ad
507 3214 653 3286 tempora
662 3205 924 3288 perturbationis,
940 3215 1051 3262 versus
1078 3245 1080 3248 .

21 3343 22 3376 3
56 3291 136 3358 linem
151 3302 260 3363 saculi
273 3305 417 3383 proxime
434 3305 545 3386 elapsi,
566 3306 678 3367 eadem
692 3305 815 3366 ratione
830 3320 869 3364 ac
880 3300 915 3360 in
930 3295 1056 3359 caeteris
1079 3305 1081 3310 '

21 3399 22 3408 ’
56 3394 232 3474 regionibus,
256 3406 413 3464 testantur
435 3407 581 3465 auctores
603 3403 659 3483 qui
682 3400 883 3481 disciplinam
905 3393 1056 3456 Ecclesioe

58 3488 211 3558 Gallicanae
229 3504 314 3560 certo
333 3506 496 3564 noverant.
516 3525 532 3558 «
549 3483 686 3580 L'Eglise
706 3495 898 3568 cathedrale,
921 3491 966 3553 ait
988 3493 1057 3552 Du·

59 3601 228 3668 ‹1,casse,est
243 3615 409 3658 commune
422 3601 441 3660 a
452 3579 602 3680 l'Evdque
615 3603 646 3660 et
658 3601 677 3660 a
690 3614 748 3659 son
763 3591 917 3674 chapitre.
927 3592 971 3650 De
985 3589 1017 3650 ld
1030 3587 1056 3650 il

61 3705 72 3738 t
82 3687 202 3753 s’ensuit
217 3711 289 3772 que,
301 3695 438 3775 quoique
448 3681 598 3776 l'Evdquc
612 3716 633 3776 y
647 3695 753 3757 tienne
767 3693 798 3754 le
812 3689 950 3772 premier
959 3704 1053 3766 rang,
