2568 4272
118 259 187 306 ΛΒΤ.
210 257 266 305 vn.
285 256 471 304 aucrofltrls
492 256 699 306 episcopocum
720 257 750 304 ln
772 257 959 306 nsscutlitss.
995 252 1041 305 321

15 372 300 434 «contradicente
322 379 429 434 autem
455 372 624 453 Episcopo,
640 373 721 434 nulli
744 373 839 434 etiam
865 373 898 434 in
918 392 1046 436 suornm

18 492 35 530 n
51 473 214 534 ordinum
229 471 367 533 ecclesiis
389 472 562 552 praedicare
574 477 803 552 praesumant...
822 473 901 533 'l'am
920 472 1046 551 regula·

19 591 35 627 c
50 589 113 632 res
130 589 226 650 quam
237 571 414 647 saeculares,
431 570 670 651 quomodolibet
684 570 834 651 exempti,
849 571 914 633 sive
930 573 1048 634 anima·

16 688 136 730 «rum
161 687 267 731 curam
290 686 497 748 personarum
512 668 750 731 saecularium...
767 675 956 745 exerceant;
983 670 1047 732 sive

18 790 34 824 ι(
47 767 140 830 alias
156 766 368 829 ecclesiastica
385 772 594 843 sacramenta,
613 773 668 829 aut
685 785 784 828 unum
802 785 841 828 ex
857 767 919 828 illis
936 767 1046 829 minis·

20 871 157 944 «trent,
181 866 299 946 praevia
312 865 460 945 Episcopi
474 864 602 926 licentia
617 870 648 927 et
673 865 921 946 approbatione3
945 866 978 926 in
997 865 1047 926 his

20 989 36 1018 «
54 981 137 1043 quae
152 963 308 1043 ejusmodi
324 981 433 1024 curam
451 981 505 1024 seu
521 962 824 1025 administrationem
840 965 1045 1038 concernunt,

23 1062 252 1124 «omnimodae
264 1061 487 1141 jurisdictioni,
496 1061 679 1137 visitationi,
691 1067 724 1122 et
733 1060 921 1123 correctioni
934 1060 1048 1124 dioece-

21 1184 37 1216 «
52 1161 132 1221 sani
145 1160 303 1240 Episcopi,
320 1165 473 1239 tanquam
488 1159 569 1222 sedis
583 1159 772 1239 Apostolicae
788 1159 937 1238 delegati,
952 1160 1047 1240 plane

25 1281 41 1316 c
55 1259 92 1319 in
110 1259 259 1320 omnibns
271 1257 488 1338 subjiciantur.
500 1279 514 1318 ι
532 1260 642 1339 ltaque
659 1276 667 1318 :

88 1369 125 1427 1⁰
147 1366 328 1446 Regulams,
350 1383 389 1427 ne
411 1364 443 1426 in
468 1364 532 1426 suis
554 1365 681 1445 quidem
702 1365 851 1441 ecclesiis,
874 1365 1047 1444 praedicare

21 1471 163 1544 possunt
178 1464 333 1540 fidelibus,
354 1483 418 1526 non
433 1463 565 1526 obtenta
582 1463 801 1525 benedictione
816 1463 977 1544 Episcopi,
994 1470 1049 1524 aut

22 1564 144 1624 saltem
161 1581 199 1624 eo
214 1563 449 1626 contradicente
464 1579 473 1623 ε
490 1561 562 1623 ide‘o
578 1561 733 1641 abrogata
749 1567 823 1623 sunt
835 1553 1001 1641 privilegia
1015 1561 1047 1622 in

23 1662 226 1723 eontrarium
238 1661 314 1722 olim
324 1660 400 1740 ipsis
409 1659 544 1722 indulta.
562 1659 730 1737 Gregorius
744 1659 790 1720 ita
800 1659 966 1720 statuendo
977 1677 1049 1720 con·

23 1758 171 1820 firmavit
179 1765 210 1820 et
222 1758 387 1838 ampliavit
396 1758 556 1820 decretum
571 1760 665 1822 donc.
681 1756 780 1832 trid,
796 1775 870 1818 sess.
884 1775 916 1834 v,
928 1775 999 1837 cap.
1013 1773 1047 1832 11,

25 1855 62 1918 de
76 1857 207 1937 Reform
218 1857 240 1919 ¹.

90 1969 125 2026 2⁰
149 1963 259 2025 Nullus
290 1963 445 2044 regularis
471 1968 577 2044 potest
598 1963 810 2026 confessiones
836 1963 1046 2039 saecularium,

26 2063 127 2124 etiam
142 2062 484 2136 sacerdotumaudire,
494 2062 553 2124 nisi
569 2062 609 2123 ab
621 2062 784 2143 Episcopis
792 2080 849 2143 per
858 2081 1004 2139 examen,
1021 2062 1047 2124 si

25 2161 90 2223 illis
105 2161 266 2222 videbitur
280 2161 504 2237 necessarium,
522 2166 577 2222 aut
589 2161 668 2221 alias
682 2160 815 2222 idoneus
826 2161 1000 2242 judicetur,
1016 2166 1048 2222 et

28 2258 295 2339 approbationem
306 2258 489 2333 obtinuerit,
506 2257 677 2338 privilegiis
692 2262 724 2319 et
733 2258 961 2320 consuetudine
971 2276 1048 2338 qua-

29 2375 165 2436 cumque
178 2356 274 2418 etiam
283 2355 530 2418 immemorabili
542 2373 606 2416 non
622 2355 830 2418 obstantibus.
844 2356 938 2417 donc.
959 2355 1044 2418 Trid.

28 2475 103 2518 sess.
119 2472 211 2528 xxm,
229 2473 298 2534 cap.
313 2473 365 2528 xv,
381 2453 418 2516 de
436 2454 569 2533 Reform.
588 2455 732 2516 Clemens
746 2455 773 2515 X
786 2454 926 2516 decrevit
938 2456 1045 2517 Gcnst.

28 2551 180 2634 Sepone,
201 2573 253 2614 an.
272 2553 350 2614 1670
370 2571 378 2616 :
398 2577 413 2608 «
432 2553 506 2614 lllos
520 2553 684 2630 religiosos
701 2553 756 2633 qui
775 2553 817 2616 ad
834 2551 1047 2616 confessiones

33 2677 47 2706 «
62 2652 238 2714 audiendas
247 2650 354 2714 idonei
362 2650 553 2729 generaliter
562 2651 679 2730 reperti
688 2650 805 2713 luerint
819 2650 859 2711 ab
870 2649 1045 2730 Episcopis,

33 2777 46 2806 «
62 2750 254 2828 generaliter
267 2768 405 2830 quoque,
417 2748 639 2810 etindistincte
648 2749 766 2828 absque
782 2748 848 2810 ulla
857 2747 1046 2810 limitatione

33 2847 225 2928 «temporis,
251 2854 472 2928 certorumque
486 2847 642 2920 locorum,
664 2853 719 2908 aut
747 2847 872 2925 generis
899 2865 1047 2926 persona-

35 2972 49 3001 «
61 2965 133 3007 rum
142 2946 175 3006 in
184 2945 314 3007 dioecesi
323 2945 453 3025 propria
460 2945 684 3007 admittendos.
692 2945 829 3008 Gaetercs
835 2963 910 3006 vero
918 2944 974 3026 qui
982 2963 1044 3006 non

35 3067 49 3104 c
62 3047 141 3108 adeo
153 3044 261 3106 idonei
271 3045 480 3125 reperiuntur,
497 3044 628 3104 arbitrio
654 3042 893 3104 ordinariorum
908 3040 1046 3120 relinqui

35 3145 146 3223 «ipsos
171 3161 244 3203 cum
267 3140 410 3203 limitata·
428 3142 590 3218 facultate
612 3145 707 3220 prout
731 3139 843 3201 iisdem
869 3137 1044 3200 Ordinariis

36 3267 48 3296 ι(
61 3242 228 3308 videbitur,
239 3242 375 3320 probare
388 3245 419 3302 et
434 3239 613 3302 admittere.
629 3261 644 3294 ι)

76 3431 97 3476 1.
110 3424 187 3476 Haud
201 3424 285 3475 semel
295 3424 459 3474 declaratum
471 3436 487 3471 a
499 3421 525 3472 S.
537 3420 748 3486 congregatione
762 3419 814 3469 luit
825 3419 987 3483 Episcopum
998 3417 1045 3481 jus

32 3503 126 3553 habers
141 3500 280 3551 inhibendi
295 3498 472 3564 Regularibus
486 3509 521 3547 nc
535 3497 564 3546 iu
579 3497 634 3546 suis
648 3495 772 3546 Ecclesiis
786 3493 933 3559 predicent
947 3492 1041 3542 cadam

32 3577 96 3627 horn
109 3591 160 3642 qua
176 3577 234 3641 ipss
250 3576 279 3626 in
296 3575 378 3625 altera
390 3573 510 3624 Ecclesia
523 3573 680 3622 concionem
695 3571 784 3631 habet,
798 3575 844 3620 cut
856 3582 947 3620 comm
960 3582 988 3618 se
1001 3581 1043 3618 sc·

32 3653 150 3703 lemnitar
162 3651 301 3716 predicari
312 3651 383 3702 iacit.
399 3648 508 3713 (bened.
525 3649 591 3709 XIV,
611 3647 643 3697 de
655 3646 771 3710 syrmio,
785 3645 831 3696 lib.
846 3646 889 3709 lx,
902 3659 961 3710 cap.
980 3659 1043 3705 xvn,

33 3737 63 3778 ιιο
74 3729 108 3792 i.)
