<?xml version="1.0" encoding="UTF-8"?>
<!DOCTYPE html PUBLIC "-//W3C//DTD XHTML 1.0 Transitional//EN"
    "http://www.w3.org/TR/xhtml1/DTD/xhtml1-transitional.dtd">
<html xmlns="http://www.w3.org/1999/xhtml" xml:lang="en" lang="en">
 <head>
  <title>
</title>
<meta http-equiv="Content-Type" content="text/html;charset=utf-8" />
  <meta name='ocr-system' content='tesseract 3.04.00' />
  <meta name='ocr-capabilities' content='ocr_page ocr_carea ocr_par ocr_line ocrx_word'/>
</head>
<body>
  <div class='ocr_page' id='page_1' title='image "./praelectionesju00murrgoog_0243.png"; bbox 0 0 2588 4276; ppageno 0'>
   <div class='ocr_carea' id='block_1_1' title="bbox 224 270 949 326">
    <p class='ocr_par' dir='ltr' id='par_1_1' title="bbox 224 270 949 326">
     <span class='ocr_line' id='line_1_1' title="bbox 224 270 949 326; baseline 0 -2"><span class='ocrx_word' id='word_1_1' title='bbox 224 270 278 324; x_wconf 77' lang='lat'><strong>230</strong></span> <span class='ocrx_word' id='word_1_2' title='bbox 560 277 634 326; x_wconf 77' lang='lat' dir='ltr'><strong>PARS</strong></span> <span class='ocrx_word' id='word_1_3' title='bbox 655 279 689 326; x_wconf 86' lang='grc' dir='ltr'><strong>ΙΙ.</strong></span> <span class='ocrx_word' id='word_1_4' title='bbox 711 277 900 326; x_wconf 74' lang='lat' dir='ltr'><strong>esculanus,</strong></span> <span class='ocrx_word' id='word_1_5' title='bbox 939 293 949 314; x_wconf 90' lang='lat'><strong>·</strong></span> 
     </span>
    </p>
   </div>
   <div class='ocr_carea' id='block_1_2' title="bbox 176 378 1237 3615">
    <p class='ocr_par' dir='ltr' id='par_1_2' title="bbox 219 378 1234 1441">
     <span class='ocr_line' id='line_1_2' title="bbox 220 378 1225 476; baseline 0.002 -22"><span class='ocrx_word' id='word_1_6' title='bbox 220 378 423 475; x_wconf 84' lang='lat' dir='ltr'><strong>¹gregatlooes</strong></span> <span class='ocrx_word' id='word_1_7' title='bbox 437 415 509 456; x_wconf 89' lang='lat' dir='ltr'><strong>cum</strong></span> <span class='ocrx_word' id='word_1_8' title='bbox 523 398 604 456; x_wconf 90' lang='lat' dir='ltr'><strong>votis</strong></span> <span class='ocrx_word' id='word_1_9' title='bbox 619 396 814 476; x_wconf 81' lang='lat' dir='ltr'><strong>simplicibus</strong></span> <span class='ocrx_word' id='word_1_10' title='bbox 827 399 848 456; x_wconf 86' lang='lat'><strong>¹.</strong></span> <span class='ocrx_word' id='word_1_11' title='bbox 866 396 929 456; x_wconf 84' lang='lat' dir='ltr'><strong>Lex</strong></span> <span class='ocrx_word' id='word_1_12' title='bbox 945 395 1095 456; x_wconf 88' lang='lat' dir='ltr'><strong>canonica</strong></span> <span class='ocrx_word' id='word_1_13' title='bbox 1106 395 1225 457; x_wconf 85' lang='lat' dir='ltr'><strong>univer-</strong></span> 
     </span>
     <span class='ocr_line' id='line_1_3' title="bbox 222 492 1227 572; baseline 0.001 -19"><span class='ocrx_word' id='word_1_14' title='bbox 222 493 280 554; x_wconf 90' lang='lat' dir='ltr'><strong>sim</strong></span> <span class='ocrx_word' id='word_1_15' title='bbox 296 493 444 572; x_wconf 86' lang='lat' dir='ltr'><strong>probibet</strong></span> <span class='ocrx_word' id='word_1_16' title='bbox 456 513 497 570; x_wconf 87' lang='lat' dir='ltr'><strong>ne</strong></span> <span class='ocrx_word' id='word_1_17' title='bbox 510 495 580 572; x_wconf 90' lang='lat' dir='ltr'><strong>quis</strong></span> <span class='ocrx_word' id='word_1_18' title='bbox 595 513 713 555; x_wconf 89' lang='lat' dir='ltr'><strong>novum</strong></span> <span class='ocrx_word' id='word_1_19' title='bbox 728 493 863 555; x_wconf 71' lang='lat' dir='ltr'><strong>ordimem</strong></span> <span class='ocrx_word' id='word_1_20' title='bbox 880 497 934 554; x_wconf 88' lang='lat' dir='ltr'><strong>aut</strong></span> <span class='ocrx_word' id='word_1_21' title='bbox 951 492 1122 572; x_wconf 77' lang='lat' dir='ltr'><strong>rclr&#39;piooem</strong></span> <span class='ocrx_word' id='word_1_22' title='bbox 1136 494 1227 554; x_wconf 87' lang='lat' dir='ltr'><strong>adin-</strong></span> 
     </span>
     <span class='ocr_line' id='line_1_4' title="bbox 221 591 1229 671; baseline 0 -18"><span class='ocrx_word' id='word_1_23' title='bbox 221 591 401 653; x_wconf 90' lang='lat' dir='ltr'><strong>veniatsine</strong></span> <span class='ocrx_word' id='word_1_24' title='bbox 413 592 653 653; x_wconf 89' lang='lat' dir='ltr'><strong>confirmatione</strong></span> <span class='ocrx_word' id='word_1_25' title='bbox 664 593 810 654; x_wconf 70' lang='lat' dir='ltr'><strong>Ecclesiae</strong></span> <span class='ocrx_word' id='word_1_26' title='bbox 829 594 978 652; x_wconf 78' lang='lat' dir='ltr'><strong>Romanas</strong></span> <span class='ocrx_word' id='word_1_27' title='bbox 991 611 998 653; x_wconf 92' lang='lat'>:</span> <span class='ocrx_word' id='word_1_28' title='bbox 1011 610 1115 671; x_wconf 88' lang='lat' dir='ltr'><strong>porro,</strong></span> <span class='ocrx_word' id='word_1_29' title='bbox 1131 593 1229 653; x_wconf 88' lang='lat' dir='ltr'><strong>omnis</strong></span> 
     </span>
     <span class='ocr_line' id='line_1_5' title="bbox 223 691 1230 770; baseline 0.001 -20"><span class='ocrx_word' id='word_1_30' title='bbox 223 691 427 768; x_wconf 88' lang='lat' dir='ltr'><strong>congregatio</strong></span> <span class='ocrx_word' id='word_1_31' title='bbox 441 691 585 752; x_wconf 88' lang='lat' dir='ltr'><strong>instituta</strong></span> <span class='ocrx_word' id='word_1_32' title='bbox 601 693 658 752; x_wconf 91' lang='lat' dir='ltr'><strong>sub</strong></span> <span class='ocrx_word' id='word_1_33' title='bbox 672 697 759 753; x_wconf 87' lang='lat' dir='ltr'><strong>certa</strong></span> <span class='ocrx_word' id='word_1_34' title='bbox 771 691 883 770; x_wconf 89' lang='lat' dir='ltr'><strong>regula</strong></span> <span class='ocrx_word' id='word_1_35' title='bbox 894 695 925 752; x_wconf 88' lang='lat' dir='ltr'><strong>et</strong></span> <span class='ocrx_word' id='word_1_36' title='bbox 935 691 1057 766; x_wconf 88' lang='lat' dir='ltr'><strong>habitu,</strong></span> <span class='ocrx_word' id='word_1_37' title='bbox 1070 709 1138 752; x_wconf 87' lang='lat' dir='ltr'><strong>cum</strong></span> <span class='ocrx_word' id='word_1_38' title='bbox 1150 693 1230 752; x_wconf 90' lang='lat' dir='ltr'><strong>votis</strong></span> 
     </span>
     <span class='ocr_line' id='line_1_6' title="bbox 223 787 1229 868; baseline 0.001 -21"><span class='ocrx_word' id='word_1_39' title='bbox 223 788 431 868; x_wconf 89' lang='lat' dir='ltr'><strong>simplicibus,</strong></span> <span class='ocrx_word' id='word_1_40' title='bbox 460 795 506 850; x_wconf 90' lang='lat' dir='ltr'><strong>est</strong></span> <span class='ocrx_word' id='word_1_41' title='bbox 527 789 575 850; x_wconf 89' lang='lat' dir='ltr'><strong>sin</strong></span> <span class='ocrx_word' id='word_1_42' title='bbox 603 789 726 868; x_wconf 88' lang='lat' dir='ltr'><strong>religio,</strong></span> <span class='ocrx_word' id='word_1_43' title='bbox 751 789 862 850; x_wconf 87' lang='lat' dir='ltr'><strong>saltem</strong></span> <span class='ocrx_word' id='word_1_44' title='bbox 889 787 961 849; x_wconf 84' lang='lat' dir='ltr'><strong>crdo</strong></span> <span class='ocrx_word' id='word_1_45' title='bbox 985 788 1152 868; x_wconf 76' lang='lat' dir='ltr'><strong>relt&#39;qaosus,</strong></span> <span class='ocrx_word' id='word_1_46' title='bbox 1179 789 1229 867; x_wconf 90' lang='lat' dir='ltr'><strong>qui</strong></span> 
     </span>
     <span class='ocr_line' id='line_1_7' title="bbox 219 885 1233 967; baseline 0 -21"><span class='ocrx_word' id='word_1_47' title='bbox 219 885 313 964; x_wconf 83' lang='lat' dir='ltr'><strong>juxta</strong></span> <span class='ocrx_word' id='word_1_48' title='bbox 327 886 471 948; x_wconf 88' lang='lat' dir='ltr'><strong>doctores</strong></span> <span class='ocrx_word' id='word_1_49' title='bbox 485 887 581 948; x_wconf 88' lang='lat' dir='ltr'><strong>latius</strong></span> <span class='ocrx_word' id='word_1_50' title='bbox 600 893 691 967; x_wconf 89' lang='lat' dir='ltr'><strong>patet</strong></span> <span class='ocrx_word' id='word_1_51' title='bbox 705 906 802 966; x_wconf 89' lang='lat' dir='ltr'><strong>quam</strong></span> <span class='ocrx_word' id='word_1_52' title='bbox 817 887 940 964; x_wconf 87' lang='lat' dir='ltr'><strong>religio.</strong></span> <span class='ocrx_word' id='word_1_53' title='bbox 957 885 1092 946; x_wconf 80' lang='lat' dir='ltr'><strong>Aliunde</strong></span> <span class='ocrx_word' id='word_1_54' title='bbox 1106 886 1159 946; x_wconf 84' lang='lat' dir='ltr'><strong>lex</strong></span> <span class='ocrx_word' id='word_1_55' title='bbox 1169 886 1233 946; x_wconf 88' lang='lat' dir='ltr'><strong>lata</strong></span> 
     </span>
     <span class='ocr_line' id='line_1_8' title="bbox 224 975 1232 1064; baseline 0 -20"><span class='ocrx_word' id='word_1_56' title='bbox 224 989 271 1044; x_wconf 90' lang='lat' dir='ltr'><strong>est</strong></span> <span class='ocrx_word' id='word_1_57' title='bbox 285 991 321 1044; x_wconf 93' lang='lat' dir='ltr'><strong>ut</strong></span> <span class='ocrx_word' id='word_1_58' title='bbox 343 985 460 1046; x_wconf 88' lang='lat' dir='ltr'><strong>vitetur</strong></span> <span class='ocrx_word' id='word_1_59' title='bbox 485 987 627 1046; x_wconf 91' lang='lat' dir='ltr'><strong>confusio</strong></span> <span class='ocrx_word' id='word_1_60' title='bbox 648 1004 744 1064; x_wconf 89' lang='lat' dir='ltr'><strong>quam</strong></span> <span class='ocrx_word' id='word_1_61' title='bbox 758 975 914 1062; x_wconf 81' lang='lat' dir='ltr'><strong>inducunt</strong></span> <span class='ocrx_word' id='word_1_62' title='bbox 928 984 1097 1045; x_wconf 79' lang='lat' dir='ltr'><strong>diversitas</strong></span> <span class='ocrx_word' id='word_1_63' title='bbox 1112 991 1144 1044; x_wconf 87' lang='lat' dir='ltr'><strong>ot</strong></span> <span class='ocrx_word' id='word_1_64' title='bbox 1156 985 1232 1044; x_wconf 90' lang='lat' dir='ltr'><strong>mul-</strong></span> 
     </span>
     <span class='ocr_line' id='line_1_9' title="bbox 223 1083 1234 1163; baseline 0 -21"><span class='ocrx_word' id='word_1_65' title='bbox 223 1083 377 1162; x_wconf 84' lang='lat' dir='ltr'><strong>tiplicatio</strong></span> <span class='ocrx_word' id='word_1_66' title='bbox 402 1101 556 1146; x_wconf 87' lang='lat' dir='ltr'><strong>novorum</strong></span> <span class='ocrx_word' id='word_1_67' title='bbox 587 1084 753 1158; x_wconf 79' lang='lat' dir='ltr'><strong>ordinum,</strong></span> <span class='ocrx_word' id='word_1_68' title='bbox 777 1084 832 1163; x_wconf 89' lang='lat' dir='ltr'><strong>qui</strong></span> <span class='ocrx_word' id='word_1_69' title='bbox 858 1083 975 1160; x_wconf 80' lang='lat' dir='ltr'><strong>singuli</strong></span> <span class='ocrx_word' id='word_1_70' title='bbox 1000 1101 1073 1142; x_wconf 88' lang='lat' dir='ltr'><strong>suas</strong></span> <span class='ocrx_word' id='word_1_71' title='bbox 1099 1083 1234 1160; x_wconf 89' lang='lat' dir='ltr'><strong>regulas,</strong></span> 
     </span>
     <span class='ocr_line' id='line_1_10' title="bbox 223 1181 1233 1262; baseline -0.001 -21"><span class='ocrx_word' id='word_1_72' title='bbox 223 1199 378 1260; x_wconf 90' lang='lat' dir='ltr'><strong>suumque</strong></span> <span class='ocrx_word' id='word_1_73' title='bbox 397 1181 542 1244; x_wconf 91' lang='lat' dir='ltr'><strong>habitum</strong></span> <span class='ocrx_word' id='word_1_74' title='bbox 565 1182 702 1256; x_wconf 85' lang='lat' dir='ltr'><strong>habeni;</strong></span> <span class='ocrx_word' id='word_1_75' title='bbox 720 1201 791 1262; x_wconf 81' lang='lat' dir='ltr'><strong>quac</strong></span> <span class='ocrx_word' id='word_1_76' title='bbox 819 1181 901 1242; x_wconf 87' lang='lat' dir='ltr'><strong>ratio</strong></span> <span class='ocrx_word' id='word_1_77' title='bbox 927 1199 1017 1260; x_wconf 77' lang='lat' dir='ltr'><strong>mque</strong></span> <span class='ocrx_word' id='word_1_78' title='bbox 1045 1185 1149 1258; x_wconf 88' lang='lat' dir='ltr'><strong>urget,</strong></span> <span class='ocrx_word' id='word_1_79' title='bbox 1172 1181 1233 1241; x_wconf 87' lang='lat' dir='ltr'><strong>sire</strong></span> 
     </span>
     <span class='ocr_line' id='line_1_11' title="bbox 224 1278 1233 1358; baseline 0.002 -20"><span class='ocrx_word' id='word_1_80' title='bbox 224 1279 392 1357; x_wconf 82' lang='lat' dir='ltr'><strong>religiones</strong></span> <span class='ocrx_word' id='word_1_81' title='bbox 413 1281 579 1355; x_wconf 88' lang='lat' dir='ltr'><strong>solemnes,</strong></span> <span class='ocrx_word' id='word_1_82' title='bbox 601 1281 665 1341; x_wconf 90' lang='lat' dir='ltr'><strong>sive</strong></span> <span class='ocrx_word' id='word_1_83' title='bbox 691 1281 816 1341; x_wconf 86' lang='lat' dir='ltr'><strong>ordines</strong></span> <span class='ocrx_word' id='word_1_84' title='bbox 841 1299 913 1340; x_wconf 91' lang='lat' dir='ltr'><strong>cum</strong></span> <span class='ocrx_word' id='word_1_85' title='bbox 930 1279 1012 1340; x_wconf 86' lang='lat' dir='ltr'><strong>votis</strong></span> <span class='ocrx_word' id='word_1_86' title='bbox 1029 1278 1233 1358; x_wconf 86' lang='lat' dir='ltr'><strong>simplicibus,</strong></span> 
     </span>
     <span class='ocr_line' id='line_1_12' title="bbox 222 1378 839 1441; baseline 0.003 -3"><span class='ocrx_word' id='word_1_87' title='bbox 222 1378 400 1441; x_wconf 84' lang='lat' dir='ltr'><strong>formentur</strong></span> <span class='ocrx_word' id='word_1_88' title='bbox 413 1397 477 1440; x_wconf 90' lang='lat' dir='ltr'><strong>non</strong></span> <span class='ocrx_word' id='word_1_89' title='bbox 490 1379 679 1440; x_wconf 87' lang='lat' dir='ltr'><strong>assentiente</strong></span> <span class='ocrx_word' id='word_1_90' title='bbox 690 1378 839 1440; x_wconf 86' lang='lat' dir='ltr'><strong>Ecclesia.</strong></span> 
     </span>
    </p>

    <p class='ocr_par' dir='ltr' id='par_1_3' title="bbox 283 1475 1237 1556">
     <span class='ocr_line' id='line_1_13' title="bbox 283 1475 1237 1556; baseline 0 -20"><span class='ocrx_word' id='word_1_91' title='bbox 283 1475 463 1554; x_wconf 89' lang='lat' dir='ltr'><strong>Adjecimus</strong></span> <span class='ocrx_word' id='word_1_92' title='bbox 473 1477 737 1556; x_wconf 86' lang='lat' dir='ltr'><strong>approbationem</strong></span> <span class='ocrx_word' id='word_1_93' title='bbox 748 1477 896 1537; x_wconf 91' lang='lat' dir='ltr'><strong>ordinum</strong></span> <span class='ocrx_word' id='word_1_94' title='bbox 907 1475 1129 1554; x_wconf 88' lang='lat' dir='ltr'><strong>religiosorum</strong></span> <span class='ocrx_word' id='word_1_95' title='bbox 1142 1493 1237 1536; x_wconf 86' lang='lat' dir='ltr'><strong>reser-</strong></span> 
     </span>
    </p>

    <p class='ocr_par' dir='ltr' id='par_1_4' title="bbox 176 1574 1236 1931">
     <span class='ocr_line' id='line_1_14' title="bbox 176 1574 1235 1654; baseline 0 -20"><span class='ocrx_word' id='word_1_96' title='bbox 176 1643 178 1648; x_wconf 87' lang='lat'><em>.</em></span> <span class='ocrx_word' id='word_1_97' title='bbox 224 1575 292 1634; x_wconf 89' lang='lat' dir='ltr'><strong>vari</strong></span> <span class='ocrx_word' id='word_1_98' title='bbox 302 1575 425 1636; x_wconf 84' lang='lat' dir='ltr'><strong>Sanctae</strong></span> <span class='ocrx_word' id='word_1_99' title='bbox 436 1575 519 1635; x_wconf 89' lang='lat' dir='ltr'><strong>Sedi.</strong></span> <span class='ocrx_word' id='word_1_100' title='bbox 536 1576 611 1636; x_wconf 86' lang='lat' dir='ltr'><strong>Jure</strong></span> <span class='ocrx_word' id='word_1_101' title='bbox 624 1575 753 1654; x_wconf 90' lang='lat' dir='ltr'><strong>quidem</strong></span> <span class='ocrx_word' id='word_1_102' title='bbox 766 1574 873 1635; x_wconf 89' lang='lat' dir='ltr'><strong>divino</strong></span> <span class='ocrx_word' id='word_1_103' title='bbox 884 1575 1069 1654; x_wconf 85' lang='lat' dir='ltr'><strong>Episcopus,</strong></span> <span class='ocrx_word' id='word_1_104' title='bbox 1082 1579 1235 1653; x_wconf 89' lang='lat' dir='ltr'><strong>quatenus</strong></span> 
     </span>
     <span class='ocr_line' id='line_1_15' title="bbox 225 1671 1236 1753; baseline 0 -21"><span class='ocrx_word' id='word_1_105' title='bbox 225 1671 336 1732; x_wconf 88' lang='lat' dir='ltr'><strong>doctor</strong></span> <span class='ocrx_word' id='word_1_106' title='bbox 350 1676 380 1732; x_wconf 88' lang='lat' dir='ltr'><strong>et</strong></span> <span class='ocrx_word' id='word_1_107' title='bbox 398 1673 552 1750; x_wconf 79' lang='lat' dir='ltr'><strong>pontifex,</strong></span> <span class='ocrx_word' id='word_1_108' title='bbox 569 1679 676 1752; x_wconf 88' lang='lat' dir='ltr'><strong>posset</strong></span> <span class='ocrx_word' id='word_1_109' title='bbox 690 1673 869 1753; x_wconf 85' lang='lat' dir='ltr'><strong>approbare</strong></span> <span class='ocrx_word' id='word_1_110' title='bbox 890 1674 1033 1734; x_wconf 90' lang='lat' dir='ltr'><strong>ordinem</strong></span> <span class='ocrx_word' id='word_1_111' title='bbox 1053 1673 1236 1750; x_wconf 78' lang='lat' dir='ltr'><strong>religiosum</strong></span> 
     </span>
     <span class='ocr_line' id='line_1_16' title="bbox 224 1769 1235 1849; baseline 0.003 -22"><span class='ocrx_word' id='word_1_112' title='bbox 224 1787 283 1848; x_wconf 90' lang='lat' dir='ltr'><strong>pro</strong></span> <span class='ocrx_word' id='word_1_113' title='bbox 302 1787 359 1830; x_wconf 91' lang='lat' dir='ltr'><strong>sua</strong></span> <span class='ocrx_word' id='word_1_114' title='bbox 374 1770 512 1848; x_wconf 70' lang='lat' dir='ltr'><strong>diaecesi,</strong></span> <span class='ocrx_word' id='word_1_115' title='bbox 526 1769 671 1848; x_wconf 84' lang='lat' dir='ltr'><strong>judicare</strong></span> <span class='ocrx_word' id='word_1_116' title='bbox 691 1771 730 1832; x_wconf 92' lang='lat' dir='ltr'><strong>dc</strong></span> <span class='ocrx_word' id='word_1_117' title='bbox 748 1770 916 1832; x_wconf 84' lang='lat' dir='ltr'><strong>honestate</strong></span> <span class='ocrx_word' id='word_1_118' title='bbox 931 1770 1060 1849; x_wconf 82' lang='lat' dir='ltr'><strong>regulas,</strong></span> <span class='ocrx_word' id='word_1_119' title='bbox 1077 1775 1110 1832; x_wconf 86' lang='lat' dir='ltr'><strong>et</strong></span> <span class='ocrx_word' id='word_1_120' title='bbox 1125 1789 1235 1830; x_wconf 89' lang='lat' dir='ltr'><strong>concc-</strong></span> 
     </span>
     <span class='ocr_line' id='line_1_17' title="bbox 224 1867 1236 1931; baseline -0.001 -3"><span class='ocrx_word' id='word_1_121' title='bbox 224 1867 298 1928; x_wconf 90' lang='lat' dir='ltr'><strong>dere</strong></span> <span class='ocrx_word' id='word_1_122' title='bbox 313 1867 376 1928; x_wconf 89' lang='lat' dir='ltr'><strong>suis</strong></span> <span class='ocrx_word' id='word_1_123' title='bbox 392 1868 577 1930; x_wconf 85' lang='lat' dir='ltr'><strong>dioecesanis</strong></span> <span class='ocrx_word' id='word_1_124' title='bbox 592 1875 627 1930; x_wconf 95' lang='lat' dir='ltr'><strong>ut</strong></span> <span class='ocrx_word' id='word_1_125' title='bbox 640 1870 673 1930; x_wconf 91' lang='lat' dir='ltr'><strong>in</strong></span> <span class='ocrx_word' id='word_1_126' title='bbox 689 1870 851 1931; x_wconf 85' lang='lat' dir='ltr'><strong>communi</strong></span> <span class='ocrx_word' id='word_1_127' title='bbox 864 1869 972 1930; x_wconf 88' lang='lat' dir='ltr'><strong>vivant</strong></span> <span class='ocrx_word' id='word_1_128' title='bbox 986 1869 1043 1929; x_wconf 92' lang='lat' dir='ltr'><strong>sub</strong></span> <span class='ocrx_word' id='word_1_129' title='bbox 1060 1868 1174 1930; x_wconf 83' lang='lat' dir='ltr'><strong>eadem</strong></span> <span class='ocrx_word' id='word_1_130' title='bbox 1189 1886 1236 1928; x_wconf 90' lang='lat' dir='ltr'><strong>rc-</strong></span> 
     </span>
    </p>

    <p class='ocr_par' dir='ltr' id='par_1_5' title="bbox 203 1963 1237 2421">
     <span class='ocr_line' id='line_1_18' title="bbox 203 1963 1237 2046; baseline 0.002 -22"><span class='ocrx_word' id='word_1_131' title='bbox 203 1991 214 2010; x_wconf 82' lang='lat'><strong><em>.</em></strong></span> <span class='ocrx_word' id='word_1_132' title='bbox 224 1963 315 2041; x_wconf 89' lang='lat' dir='ltr'><strong>gula;</strong></span> <span class='ocrx_word' id='word_1_133' title='bbox 330 1965 386 2026; x_wconf 90' lang='lat' dir='ltr'><strong>sed</strong></span> <span class='ocrx_word' id='word_1_134' title='bbox 398 1966 587 2046; x_wconf 78' lang='lat' dir='ltr'><strong>approbatio</strong></span> <span class='ocrx_word' id='word_1_135' title='bbox 608 1967 682 2028; x_wconf 84' lang='lat' dir='ltr'><strong>data</strong></span> <span class='ocrx_word' id='word_1_136' title='bbox 702 1967 742 2027; x_wconf 91' lang='lat' dir='ltr'><strong>ab</strong></span> <span class='ocrx_word' id='word_1_137' title='bbox 762 1967 919 2046; x_wconf 81' lang='lat' dir='ltr'><strong>Episcopo</strong></span> <span class='ocrx_word' id='word_1_138' title='bbox 935 1967 1182 2046; x_wconf 76' lang='lat' dir='ltr'><strong>restringeretur</strong></span> <span class='ocrx_word' id='word_1_139' title='bbox 1199 1966 1237 2026; x_wconf 87' lang='lat' dir='ltr'><strong>ad</strong></span> 
     </span>
     <span class='ocr_line' id='line_1_19' title="bbox 224 2062 1237 2144; baseline 0.001 -23"><span class='ocrx_word' id='word_1_140' title='bbox 224 2062 399 2138; x_wconf 87' lang='lat' dir='ltr'><strong>dioecesim;</strong></span> <span class='ocrx_word' id='word_1_141' title='bbox 415 2070 447 2124; x_wconf 90' lang='lat' dir='ltr'><strong>et</strong></span> <span class='ocrx_word' id='word_1_142' title='bbox 461 2065 598 2125; x_wconf 84' lang='lat' dir='ltr'><strong>mullum</strong></span> <span class='ocrx_word' id='word_1_143' title='bbox 613 2065 740 2144; x_wconf 86' lang='lat' dir='ltr'><strong>expedit</strong></span> <span class='ocrx_word' id='word_1_144' title='bbox 755 2063 839 2125; x_wconf 90' lang='lat' dir='ltr'><strong>bono</strong></span> <span class='ocrx_word' id='word_1_145' title='bbox 856 2065 1004 2126; x_wconf 93' lang='lat' dir='ltr'><strong>ordinum</strong></span> <span class='ocrx_word' id='word_1_146' title='bbox 1018 2064 1237 2141; x_wconf 87' lang='lat' dir='ltr'><strong>religiosorum</strong></span> 
     </span>
     <span class='ocr_line' id='line_1_20' title="bbox 223 2161 1237 2242; baseline 0.002 -22"><span class='ocrx_word' id='word_1_147' title='bbox 223 2165 260 2220; x_wconf 87' lang='lat' dir='ltr'><strong>ut</strong></span> <span class='ocrx_word' id='word_1_148' title='bbox 280 2178 337 2238; x_wconf 89' lang='lat' dir='ltr'><strong>per</strong></span> <span class='ocrx_word' id='word_1_149' title='bbox 361 2161 539 2239; x_wconf 90' lang='lat' dir='ltr'><strong>provincias</strong></span> <span class='ocrx_word' id='word_1_150' title='bbox 561 2162 688 2224; x_wconf 88' lang='lat' dir='ltr'><strong>dilatari</strong></span> <span class='ocrx_word' id='word_1_151' title='bbox 707 2181 743 2224; x_wconf 89' lang='lat' dir='ltr'><strong>ac</strong></span> <span class='ocrx_word' id='word_1_152' title='bbox 766 2163 937 2241; x_wconf 88' lang='lat' dir='ltr'><strong>propagari</strong></span> <span class='ocrx_word' id='word_1_153' title='bbox 954 2163 1088 2242; x_wconf 88' lang='lat' dir='ltr'><strong>possint,</strong></span> <span class='ocrx_word' id='word_1_154' title='bbox 1116 2167 1237 2223; x_wconf 85' lang='lat' dir='ltr'><strong>servata</strong></span> 
     </span>
     <span class='ocr_line' id='line_1_21' title="bbox 224 2258 1237 2339; baseline 0.001 -20"><span class='ocrx_word' id='word_1_155' title='bbox 224 2258 345 2321; x_wconf 90' lang='lat' dir='ltr'><strong>unitate</strong></span> <span class='ocrx_word' id='word_1_156' title='bbox 360 2261 418 2320; x_wconf 94' lang='lat' dir='ltr'><strong>sub</strong></span> <span class='ocrx_word' id='word_1_157' title='bbox 435 2261 527 2321; x_wconf 90' lang='lat' dir='ltr'><strong>unius</strong></span> <span class='ocrx_word' id='word_1_158' title='bbox 542 2261 670 2322; x_wconf 85' lang='lat' dir='ltr'><strong>Praelati</strong></span> <span class='ocrx_word' id='word_1_159' title='bbox 682 2261 846 2338; x_wconf 84' lang='lat' dir='ltr'><strong>regimine,</strong></span> <span class='ocrx_word' id='word_1_160' title='bbox 865 2261 950 2339; x_wconf 92' lang='lat' dir='ltr'><strong>quod</strong></span> <span class='ocrx_word' id='word_1_161' title='bbox 965 2265 1051 2322; x_wconf 90' lang='lat' dir='ltr'><strong>certo</strong></span> <span class='ocrx_word' id='word_1_162' title='bbox 1065 2279 1103 2321; x_wconf 89' lang='lat' dir='ltr'><strong>ae</strong></span> <span class='ocrx_word' id='word_1_163' title='bbox 1117 2260 1237 2322; x_wconf 87' lang='lat' dir='ltr'><strong>stabili-</strong></span> 
     </span>
     <span class='ocr_line' id='line_1_22' title="bbox 224 2358 1236 2421; baseline 0 -3"><span class='ocrx_word' id='word_1_164' title='bbox 224 2363 272 2418; x_wconf 88' lang='lat' dir='ltr'><strong>ter</strong></span> <span class='ocrx_word' id='word_1_165' title='bbox 289 2359 431 2420; x_wconf 89' lang='lat' dir='ltr'><strong>obtinere</strong></span> <span class='ocrx_word' id='word_1_166' title='bbox 446 2379 510 2421; x_wconf 93' lang='lat' dir='ltr'><strong>non</strong></span> <span class='ocrx_word' id='word_1_167' title='bbox 524 2361 631 2420; x_wconf 88' lang='lat' dir='ltr'><strong>valent</strong></span> <span class='ocrx_word' id='word_1_168' title='bbox 645 2359 706 2419; x_wconf 90' lang='lat' dir='ltr'><strong>nisi</strong></span> <span class='ocrx_word' id='word_1_169' title='bbox 722 2359 908 2420; x_wconf 85' lang='lat' dir='ltr'><strong>auctoritate</strong></span> <span class='ocrx_word' id='word_1_170' title='bbox 927 2359 1048 2420; x_wconf 85' lang='lat' dir='ltr'><strong>Summi</strong></span> <span class='ocrx_word' id='word_1_171' title='bbox 1064 2358 1236 2419; x_wconf 84' lang='lat' dir='ltr'><strong>Pontifiois</strong></span> 
     </span>
    </p>

    <p class='ocr_par' dir='ltr' id='par_1_6' title="bbox 224 2456 1237 3207">
     <span class='ocr_line' id='line_1_23' title="bbox 283 2456 1235 2536; baseline 0 -20"><span class='ocrx_word' id='word_1_172' title='bbox 283 2458 322 2516; x_wconf 91' lang='lat' dir='ltr'><strong>ll.</strong></span> <span class='ocrx_word' id='word_1_173' title='bbox 337 2492 376 2502; x_wconf 90' lang='lat'>-</span> <span class='ocrx_word' id='word_1_174' title='bbox 389 2459 454 2518; x_wconf 87' lang='lat' dir='ltr'><strong>Lex</strong></span> <span class='ocrx_word' id='word_1_175' title='bbox 466 2458 500 2518; x_wconf 93' lang='lat' dir='ltr'><strong>in</strong></span> <span class='ocrx_word' id='word_1_176' title='bbox 514 2458 654 2519; x_wconf 89' lang='lat' dir='ltr'><strong>conciliis</strong></span> <span class='ocrx_word' id='word_1_177' title='bbox 668 2457 874 2518; x_wconf 75' lang='lat' dir='ltr'><strong>lateranensi</strong></span> <span class='ocrx_word' id='word_1_178' title='bbox 889 2476 926 2518; x_wconf 87' lang='lat' dir='ltr'><strong>ac</strong></span> <span class='ocrx_word' id='word_1_179' title='bbox 940 2456 1146 2536; x_wconf 86' lang='lat' dir='ltr'><strong>Lugdunensi</strong></span> <span class='ocrx_word' id='word_1_180' title='bbox 1160 2457 1235 2530; x_wconf 84' lang='lat' dir='ltr'><strong>lata,</strong></span> 
     </span>
     <span class='ocr_line' id='line_1_24' title="bbox 225 2555 1236 2634; baseline -0.002 -19"><span class='ocrx_word' id='word_1_181' title='bbox 225 2573 289 2615; x_wconf 93' lang='lat' dir='ltr'><strong>non</strong></span> <span class='ocrx_word' id='word_1_182' title='bbox 309 2556 436 2633; x_wconf 88' lang='lat' dir='ltr'><strong>attingit</strong></span> <span class='ocrx_word' id='word_1_183' title='bbox 458 2556 724 2634; x_wconf 81' lang='lat' dir='ltr'><strong>Congregationes</strong></span> <span class='ocrx_word' id='word_1_184' title='bbox 746 2555 909 2632; x_wconf 87' lang='lat' dir='ltr'><strong>religiosas</strong></span> <span class='ocrx_word' id='word_1_185' title='bbox 930 2555 1104 2634; x_wconf 88' lang='lat' dir='ltr'><strong>improprie</strong></span> <span class='ocrx_word' id='word_1_186' title='bbox 1127 2555 1236 2628; x_wconf 82' lang='lat' dir='ltr'><strong>dietas,</strong></span> 
     </span>
     <span class='ocr_line' id='line_1_25' title="bbox 225 2653 1237 2733; baseline -0.004 -18"><span class='ocrx_word' id='word_1_187' title='bbox 225 2672 281 2715; x_wconf 86' lang='lat' dir='ltr'><strong>scu</strong></span> <span class='ocrx_word' id='word_1_188' title='bbox 294 2654 434 2715; x_wconf 88' lang='lat' dir='ltr'><strong>virorum</strong></span> <span class='ocrx_word' id='word_1_189' title='bbox 455 2673 508 2714; x_wconf 89' lang='lat' dir='ltr'><strong>seu</strong></span> <span class='ocrx_word' id='word_1_190' title='bbox 526 2655 696 2714; x_wconf 91' lang='lat' dir='ltr'><strong>mulierum</strong></span> <span class='ocrx_word' id='word_1_191' title='bbox 711 2671 781 2733; x_wconf 83' lang='lat' dir='ltr'><strong>quae</strong></span> <span class='ocrx_word' id='word_1_192' title='bbox 797 2653 944 2715; x_wconf 88' lang='lat' dir='ltr'><strong>habitum</strong></span> <span class='ocrx_word' id='word_1_193' title='bbox 963 2654 1150 2715; x_wconf 82' lang='lat' dir='ltr'><strong>saeoularem</strong></span> <span class='ocrx_word' id='word_1_194' title='bbox 1171 2671 1237 2730; x_wconf 89' lang='lat' dir='ltr'><strong>ges-</strong></span> 
     </span>
     <span class='ocr_line' id='line_1_26' title="bbox 225 2751 1235 2822; baseline -0.002 -10"><span class='ocrx_word' id='word_1_195' title='bbox 225 2755 295 2812; x_wconf 89' lang='lat' dir='ltr'><strong>tant</strong></span> <span class='ocrx_word' id='word_1_196' title='bbox 310 2755 341 2811; x_wconf 86' lang='lat' dir='ltr'><strong>ct</strong></span> <span class='ocrx_word' id='word_1_197' title='bbox 356 2751 444 2813; x_wconf 88' lang='lat' dir='ltr'><strong>nulla</strong></span> <span class='ocrx_word' id='word_1_198' title='bbox 458 2758 533 2813; x_wconf 89' lang='lat' dir='ltr'><strong>vota</strong></span> <span class='ocrx_word' id='word_1_199' title='bbox 546 2752 728 2822; x_wconf 85' lang='lat' dir='ltr'><strong>admittunt;</strong></span> <span class='ocrx_word' id='word_1_200' title='bbox 747 2751 872 2812; x_wconf 88' lang='lat' dir='ltr'><strong>etiamsi</strong></span> <span class='ocrx_word' id='word_1_201' title='bbox 885 2752 1025 2812; x_wconf 87' lang='lat' dir='ltr'><strong>habeant</strong></span> <span class='ocrx_word' id='word_1_202' title='bbox 1039 2751 1140 2812; x_wconf 86' lang='lat' dir='ltr'><strong>vitam</strong></span> <span class='ocrx_word' id='word_1_203' title='bbox 1153 2769 1235 2811; x_wconf 90' lang='lat' dir='ltr'><strong>corn-</strong></span> 
     </span>
     <span class='ocr_line' id='line_1_27' title="bbox 226 2849 1237 2928; baseline -0.001 -18"><span class='ocrx_word' id='word_1_204' title='bbox 226 2867 354 2910; x_wconf 91' lang='lat' dir='ltr'><strong>munem</strong></span> <span class='ocrx_word' id='word_1_205' title='bbox 385 2868 457 2912; x_wconf 92' lang='lat' dir='ltr'><strong>cum</strong></span> <span class='ocrx_word' id='word_1_206' title='bbox 484 2851 621 2925; x_wconf 87' lang='lat' dir='ltr'><strong>statutis,</strong></span> <span class='ocrx_word' id='word_1_207' title='bbox 652 2849 709 2912; x_wconf 91' lang='lat' dir='ltr'><strong>sub</strong></span> <span class='ocrx_word' id='word_1_208' title='bbox 739 2849 921 2910; x_wconf 88' lang='lat' dir='ltr'><strong>obedientia</strong></span> <span class='ocrx_word' id='word_1_209' title='bbox 945 2849 1127 2928; x_wconf 82' lang='lat' dir='ltr'><strong>superioris</strong></span> <span class='ocrx_word' id='word_1_210' title='bbox 1154 2849 1237 2910; x_wconf 93' lang='lat' dir='ltr'><strong>ldcm</strong></span> 
     </span>
     <span class='ocr_line' id='line_1_28' title="bbox 224 2946 1236 3027; baseline 0 -21"><span class='ocrx_word' id='word_1_211' title='bbox 224 2947 365 3011; x_wconf 86' lang='lat' dir='ltr'><strong>dicemus</strong></span> <span class='ocrx_word' id='word_1_212' title='bbox 389 2947 427 3006; x_wconf 94' lang='lat' dir='ltr'><strong>de</strong></span> <span class='ocrx_word' id='word_1_213' title='bbox 442 2947 645 3008; x_wconf 89' lang='lat' dir='ltr'><strong>societatibus</strong></span> <span class='ocrx_word' id='word_1_214' title='bbox 667 2947 864 3009; x_wconf 71' lang='lat' dir='ltr'><strong>clericorum*</strong></span> <span class='ocrx_word' id='word_1_215' title='bbox 873 2947 927 3027; x_wconf 89' lang='lat' dir='ltr'><strong>qui</strong></span> <span class='ocrx_word' id='word_1_216' title='bbox 946 2951 1079 3024; x_wconf 87' lang='lat' dir='ltr'><strong>gestant.</strong></span> <span class='ocrx_word' id='word_1_217' title='bbox 1091 2946 1236 3008; x_wconf 82' lang='lat' dir='ltr'><strong>habiturn</strong></span> 
     </span>
     <span class='ocr_line' id='line_1_29' title="bbox 225 3045 1237 3120; baseline -0.002 -14"><span class='ocrx_word' id='word_1_218' title='bbox 225 3045 361 3107; x_wconf 87' lang='lat' dir='ltr'><strong>similem</strong></span> <span class='ocrx_word' id='word_1_219' title='bbox 370 3046 498 3108; x_wconf 86' lang='lat' dir='ltr'><strong>vestitui</strong></span> <span class='ocrx_word' id='word_1_220' title='bbox 508 3047 644 3109; x_wconf 92' lang='lat' dir='ltr'><strong>aliorum</strong></span> <span class='ocrx_word' id='word_1_221' title='bbox 656 3046 857 3108; x_wconf 88' lang='lat' dir='ltr'><strong>sacerdotum</strong></span> <span class='ocrx_word' id='word_1_222' title='bbox 868 3045 1077 3120; x_wconf 82' lang='lat' dir='ltr'><strong>saeculerium,</strong></span> <span class='ocrx_word' id='word_1_223' title='bbox 1093 3063 1152 3106; x_wconf 89' lang='lat' dir='ltr'><strong>nec</strong></span> <span class='ocrx_word' id='word_1_224' title='bbox 1166 3050 1237 3106; x_wconf 88' lang='lat' dir='ltr'><strong>vota</strong></span> 
     </span>
     <span class='ocr_line' id='line_1_30' title="bbox 226 3145 384 3207; baseline -0.006 -1"><span class='ocrx_word' id='word_1_225' title='bbox 226 3145 384 3207; x_wconf 86' lang='lat' dir='ltr'><strong>emittunt.</strong></span> 
     </span>
    </p>

    <p class='ocr_par' dir='ltr' id='par_1_7' title="bbox 226 3241 1236 3615">
     <span class='ocr_line' id='line_1_31' title="bbox 284 3241 1236 3322; baseline -0.002 -18"><span class='ocrx_word' id='word_1_226' title='bbox 284 3246 383 3321; x_wconf 80' lang='lat' dir='ltr'><strong>Leges</strong></span> <span class='ocrx_word' id='word_1_227' title='bbox 401 3244 572 3318; x_wconf 73' lang='lat' dir='ltr'><strong>canonicae,</strong></span> <span class='ocrx_word' id='word_1_228' title='bbox 592 3242 795 3322; x_wconf 87' lang='lat' dir='ltr'><strong>quantumvis</strong></span> <span class='ocrx_word' id='word_1_229' title='bbox 819 3241 1008 3302; x_wconf 80' lang='lat' dir='ltr'><strong>favorabiles</strong></span> <span class='ocrx_word' id='word_1_230' title='bbox 1028 3241 1174 3320; x_wconf 88' lang='lat' dir='ltr'><strong>religioni</strong></span> <span class='ocrx_word' id='word_1_231' title='bbox 1195 3242 1236 3302; x_wconf 89' lang='lat' dir='ltr'><strong>vi·</strong></span> 
     </span>
     <span class='ocr_line' id='line_1_32' title="bbox 226 3339 1235 3419; baseline -0.001 -18"><span class='ocrx_word' id='word_1_232' title='bbox 226 3342 371 3418; x_wconf 79' lang='lat' dir='ltr'><strong>deantur,</strong></span> <span class='ocrx_word' id='word_1_233' title='bbox 389 3361 452 3403; x_wconf 92' lang='lat' dir='ltr'><strong>non</strong></span> <span class='ocrx_word' id='word_1_234' title='bbox 468 3341 583 3402; x_wconf 87' lang='lat' dir='ltr'><strong>debent</strong></span> <span class='ocrx_word' id='word_1_235' title='bbox 597 3341 744 3419; x_wconf 89' lang='lat' dir='ltr'><strong>ampliari</strong></span> <span class='ocrx_word' id='word_1_236' title='bbox 754 3339 838 3401; x_wconf 92' lang='lat' dir='ltr'><strong>ultra</strong></span> <span class='ocrx_word' id='word_1_237' title='bbox 848 3359 973 3401; x_wconf 88' lang='lat' dir='ltr'><strong>sensum</strong></span> <span class='ocrx_word' id='word_1_238' title='bbox 986 3339 1115 3400; x_wconf 86' lang='lat' dir='ltr'><strong>obvium</strong></span> <span class='ocrx_word' id='word_1_239' title='bbox 1124 3340 1235 3401; x_wconf 90' lang='lat' dir='ltr'><strong>verbo-</strong></span> 
     </span>
     <span class='ocr_line' id='line_1_33' title="bbox 226 3437 1234 3518; baseline 0 -20"><span class='ocrx_word' id='word_1_240' title='bbox 226 3457 309 3514; x_wconf 84' lang='lat' dir='ltr'><strong>rum,</strong></span> <span class='ocrx_word' id='word_1_241' title='bbox 324 3440 358 3500; x_wconf 91' lang='lat' dir='ltr'><strong>in</strong></span> <span class='ocrx_word' id='word_1_242' title='bbox 368 3439 408 3501; x_wconf 90' lang='lat' dir='ltr'><strong>iis</strong></span> <span class='ocrx_word' id='word_1_243' title='bbox 418 3439 595 3518; x_wconf 76' lang='lat' dir='ltr'><strong>pracsertim</strong></span> <span class='ocrx_word' id='word_1_244' title='bbox 611 3439 726 3517; x_wconf 91' lang='lat' dir='ltr'><strong>quibus</strong></span> <span class='ocrx_word' id='word_1_245' title='bbox 736 3437 936 3515; x_wconf 87' lang='lat' dir='ltr'><strong>restringitur</strong></span> <span class='ocrx_word' id='word_1_246' title='bbox 945 3437 1086 3512; x_wconf 86' lang='lat' dir='ltr'><strong>libertas,</strong></span> <span class='ocrx_word' id='word_1_247' title='bbox 1102 3442 1134 3498; x_wconf 87' lang='lat' dir='ltr'><strong>et</strong></span> <span class='ocrx_word' id='word_1_248' title='bbox 1144 3437 1234 3498; x_wconf 91' lang='lat' dir='ltr'><strong>indu-</strong></span> 
     </span>
     <span class='ocr_line' id='line_1_34' title="bbox 227 3521 1235 3615; baseline -0.002 -17"><span class='ocrx_word' id='word_1_249' title='bbox 227 3543 351 3599; x_wconf 88' lang='lat' dir='ltr'><strong>ceretur</strong></span> <span class='ocrx_word' id='word_1_250' title='bbox 367 3521 495 3598; x_wconf 82' lang='lat' dir='ltr'><strong>nullitas</strong></span> <span class='ocrx_word' id='word_1_251' title='bbox 514 3543 642 3598; x_wconf 89' lang='lat' dir='ltr'><strong>actuum</strong></span> <span class='ocrx_word' id='word_1_252' title='bbox 663 3541 694 3597; x_wconf 92' lang='lat' dir='ltr'><strong>et</strong></span> <span class='ocrx_word' id='word_1_253' title='bbox 712 3540 881 3614; x_wconf 88' lang='lat' dir='ltr'><strong>pactorum</strong></span> <span class='ocrx_word' id='word_1_254' title='bbox 901 3553 972 3615; x_wconf 87' lang='lat' dir='ltr'><strong>quae</strong></span> <span class='ocrx_word' id='word_1_255' title='bbox 995 3536 1035 3597; x_wconf 89' lang='lat' dir='ltr'><strong>ad</strong></span> <span class='ocrx_word' id='word_1_256' title='bbox 1059 3535 1235 3596; x_wconf 89' lang='lat' dir='ltr'><strong>institutum</strong></span> 
     </span>
    </p>
   </div>
   <div class='ocr_carea' id='block_1_3' title="bbox 227 3673 1233 3818">
    <p class='ocr_par' dir='ltr' id='par_1_8' title="bbox 227 3673 1233 3818">
     <span class='ocr_line' id='line_1_35' title="bbox 274 3673 1233 3741; baseline -0.003 -12"><span class='ocrx_word' id='word_1_257' title='bbox 274 3681 296 3729; x_wconf 87' lang='lat' dir='ltr'><strong>l.</strong></span> <span class='ocrx_word' id='word_1_258' title='bbox 315 3673 353 3730; x_wconf 76' lang='lat' dir='ltr'><strong>dl.</strong></span> <span class='ocrx_word' id='word_1_259' title='bbox 376 3677 483 3740; x_wconf 73' lang='lat' dir='ltr'><strong>suarez,</strong></span> <span class='ocrx_word' id='word_1_260' title='bbox 503 3677 549 3730; x_wconf 84' lang='lat' dir='ltr'><strong>lib.</strong></span> <span class='ocrx_word' id='word_1_261' title='bbox 570 3679 601 3740; x_wconf 90' lang='lat'><strong>11,</strong></span> <span class='ocrx_word' id='word_1_262' title='bbox 621 3688 679 3741; x_wconf 83' lang='lat' dir='ltr'><strong>cap.</strong></span> <span class='ocrx_word' id='word_1_263' title='bbox 699 3683 755 3740; x_wconf 80' lang='lat' dir='ltr'><strong>rr13</strong></span> <span class='ocrx_word' id='word_1_264' title='bbox 774 3701 805 3714; x_wconf 90' lang='lat'>-</span> <span class='ocrx_word' id='word_1_265' title='bbox 822 3673 942 3741; x_wconf 81' lang='lat' dir='ltr'><strong>Plrhlng,</strong></span> <span class='ocrx_word' id='word_1_266' title='bbox 965 3673 1013 3728; x_wconf 81' lang='lat' dir='ltr'><strong>lib.</strong></span> <span class='ocrx_word' id='word_1_267' title='bbox 1034 3674 1080 3740; x_wconf 79' lang='grc' dir='ltr'>ΙΙΙ,</span> <span class='ocrx_word' id='word_1_268' title='bbox 1095 3678 1137 3728; x_wconf 82' lang='lat' dir='ltr'><strong>tit.</strong></span> <span class='ocrx_word' id='word_1_269' title='bbox 1155 3687 1233 3738; x_wconf 83' lang='lat' dir='ltr'><strong>mu,</strong></span> 
     </span>
     <span class='ocr_line' id='line_1_36' title="bbox 227 3753 859 3818; baseline -0.003 -14"><span class='ocrx_word' id='word_1_270' title='bbox 227 3763 259 3804; x_wconf 74' lang='lat' dir='ltr'><strong>n⁰</strong></span> <span class='ocrx_word' id='word_1_271' title='bbox 275 3756 319 3816; x_wconf 63' lang='lat' dir='ltr'><strong>tm</strong></span> <span class='ocrx_word' id='word_1_272' title='bbox 331 3773 361 3794; x_wconf 68' lang='lat' dir='ltr'>u</span> <span class='ocrx_word' id='word_1_273' title='bbox 376 3755 624 3818; x_wconf 78' lang='lat' dir='ltr'><strong>Sohmclrgrusbar,</strong></span> <span class='ocrx_word' id='word_1_274' title='bbox 638 3753 699 3804; x_wconf 79' lang='lat' dir='ltr'><strong>eod.</strong></span> <span class='ocrx_word' id='word_1_275' title='bbox 711 3753 762 3813; x_wconf 74' lang='lat' dir='ltr'><strong>tit..</strong></span> <span class='ocrx_word' id='word_1_276' title='bbox 776 3761 808 3803; x_wconf 82' lang='lat' dir='ltr'><strong>m</strong></span> <span class='ocrx_word' id='word_1_277' title='bbox 821 3755 859 3802; x_wconf 72' lang='grc' dir='ltr'><strong>ιθ.</strong></span> 
     </span>
    </p>
   </div>
   <div class='ocr_carea' id='block_1_4' title="bbox 0 0 1301 4276">
    <p class='ocr_par' dir='ltr' id='par_1_9' title="bbox 0 0 1301 4276">
     <span class='ocr_line' id='line_1_37' title="bbox 0 0 1301 4276; baseline 0 0"><span class='ocrx_word' id='word_1_278' title='bbox 0 0 1301 4276; x_wconf 95' lang='lat' dir='ltr'><strong> </strong></span> 
     </span>
    </p>
   </div>
  </div>
 </body>
</html>
