2642 4268
181 315 247 362 ΑΜ.
270 315 303 362 ΙΙ.
326 313 523 376 cetariorum,
543 315 758 364 renuntiatus
777 316 813 364 ET
833 291 1001 363 eunnalclt.
1047 307 1094 360 521
1130 324 1131 328 ’

78 431 203 491 tionem
221 431 452 508 adscribuntur,
475 451 539 493 non
564 434 753 512 proveniant
773 451 812 494 ex
832 432 922 494 bonis
940 429 1098 506 Ecclesiae,

79 530 139 589 sad
154 547 192 589 ex
207 547 268 593 aere
280 530 419 608 publico,
436 535 468 590 et
483 548 522 590 ex
538 529 628 589 donis
644 530 798 593 fidelium.

145 627 321 689 Canonistae
338 629 468 690 tradunt
455 628 692 689 tcommuniter
705 629 796 691 honis
812 629 1031 690 ecclesiasticis
1047 647 1100 690 ae-

80 726 205 786 censeri
219 725 394 786 oblationes
406 725 547 787 fidelium
561 745 630 805 qum
647 727 762 786 dantur
775 728 806 786 vi
815 727 901 787 tituli
915 745 1102 806 permanen-

79 825 133 898 tis,
147 823 241 902 juxta
254 823 484 885 ordinationem
502 825 647 885 Ecclesiae
662 842 669 884 ε
686 825 742 899 sic,
756 823 894 903 exempli
904 843 1009 897 causa,
1023 824 1103 885 deci-

80 939 144 982 mae
163 941 243 1000 quas
258 922 366 984 fideles
381 922 533 983 Perochis
553 922 629 984 olim
649 922 720 1001 jure
745 923 906 984 communi
925 923 1100 998 solvebant,

81 1022 317 1100 reputabantur
326 1021 411 1082 bona
422 1021 652 1096 Ecclesiastica‚
664 1022 697 1081 in
708 1040 770 1100 quo
784 1023 984 1084 consentiunt
993 1041 1103 1084 omnes

81 1120 267 1192 canonistas,
285 1120 317 1179 in
332 1120 395 1180 suis
410 1120 644 1180 commentariis
659 1121 744 1181 tituli
759 1120 798 1181 de
814 1122 948 1182 Paenula
962 1137 1100 1184 ansaldo-

83 1234 159 1292 nuu‚
177 1217 231 1278 lib.
249 1218 290 1278 llI
305 1218 526 1279 Decretalium.
543 1219 709 1280 Rationem
723 1219 860 1279 afferunt
870 1220 956 1299 quod
971 1220 1101 1281 decimae

85 1335 219 1378 annexae
230 1323 320 1378 erant
328 1317 514 1380 auctoritate
526 1317 679 1378 canonica
690 1317 976 1398 tituloparochiali.
987 1319 1100 1394 Porro,

83 1415 170 1476 idem
186 1416 248 1477 dici
258 1415 351 1476 debet
372 1415 404 1484 in
418 1420 501 1476 statu
517 1416 665 1494 praescnti
680 1417 717 1478 de
732 1417 936 1496 pensionibus
952 1437 971 1478 a
986 1417 1101 1494 guber-

84 1515 139 1576 nio
155 1515 277 1589 solutis,
294 1515 333 1575 de
344 1515 564 1594 supplemento
581 1515 666 1594 quod
681 1515 759 1576 dant
770 1515 959 1595 plerumque
973 1516 1103 1576 munici-

83 1613 150 1693 pia,
175 1613 215 1674 de
238 1613 392 1674 fructibus
415 1613 526 1692 praedii
547 1614 587 1674 ad
611 1614 738 1674 titulum
768 1615 986 1693 parochialem
1005 1615 1104 1694 perti-

83 1713 201 1786 nentis,
219 1711 346 1772 demum
357 1711 620 1773 deohlationibus
633 1712 876 1787 fidelium‚datis
887 1714 1008 1774 ratione
1019 1707 1105 1774 tituli
1141 1776 1145 1784 ,

84 1811 290 1890 parochialis,
303 1829 367 1872 non
382 1811 423 1872 ob
438 1810 632 1872 functionem
649 1811 893 1872 determinatam
907 1813 1053 1891 pastoris.

147 1910 237 1982 Quod
251 1910 292 1970 ad
304 1909 471 1989 pensiones
487 1909 599 1970 attinet
616 1928 695 1988 quas
714 1910 903 1987 gubernium
920 1910 1013 1973 solvit
1031 1911 1102 1992 Epi-

85 2009 202 2088 scopis,
218 2008 377 2070 canonicis
390 2013 422 2068 et
435 2007 606 2069 Perochis:
625 2010 656 2067 l⁰
672 2013 878 2089 acceptantur
893 2009 933 2069 ab
945 2009 1101 2083 Ecclesiass

85 2111 119 2167 2⁰
134 2111 357 2179 annectuntur,
374 2106 459 2166 illius
474 2107 673 2181 auctoritate,
691 2106 802 2167 officiis
819 2107 969 2168 canonice
985 2107 1017 2167 in
1031 2125 1103 2186 per-

85 2209 220 2284 petuum
239 2205 366 2278 erectis3
384 2205 415 2263 3ο
431 2205 634 2266 declarantur
653 2221 719 2264 esse
739 2204 922 2266 eorumdem
940 2204 1104 2266 titulorum

86 2303 276 2363 dotationes.
289 2301 463 2363 Cardinalis
474 2305 609 2382 Legatus
621 2321 639 2362 o
651 2301 743 2363 latere
753 2303 832 2363 dixit
843 2303 970 2364 nomine
980 2303 1028 2363 Pii
1037 2305 1102 2365 Vll:

89 2425 105 2457 «
120 2400 325 2461 Declaramus
352 2400 555 2461 ecclesiarum
583 2400 778 2462 dotationem
802 2420 841 2462 ex
868 2401 906 2462 iis
930 2401 1104 2462 redditibus

89 2498 294 2560 «conflatam
312 2499 379 2560 fore
403 2499 457 2578 qui
479 2499 608 2578 abipso
634 2499 788 2576 gubernio
812 2499 995 2578 assignandi
1013 2506 1105 2562 erunt

90 2721 106 2749 «ι
123 2695 292 2773 erigendis,
308 2714 366 2776 pro
380 2713 520 2773 congrua
531 2701 690 2756 rectorum
705 2697 945 2770 sustentatione,
963 2715 1016 2758 eos
1031 2697 1103 2758 red-

91 2793 207 2856 «ditus
233 2793 296 2872 qui,
321 2793 408 2854 utin
433 2794 641 2855 conventione
664 2799 817 2856 statutum
841 2800 900 2866 est,
924 2795 1106 2873 assignandi

91 2915 107 2948 a
125 2897 229 2968 crunt,
245 2892 341 2952 iidem
358 2892 505 2972 Episcopi
516 2893 587 2955 loco
603 2893 773 2954 dotationis
785 2893 951 2954 habituros
964 2895 1031 2954 iore
1048 2894 1104 2955 de-

93 2988 299 3051 «clarebunt.
316 3013 331 3047 »
346 2993 435 3054 Decr.
452 2989 750 3068 Cumsonetiaaimus,
767 3011 824 3073 pro
836 3011 919 3054 nova
927 2992 1104 3055 dioeceseon

90 3089 391 3167 circumscriptione.

151 3189 218 3260 Quo
233 3193 376 3268 tempore
388 3189 507 3268 prodiit
522 3190 682 3250 decretum
701 3189 799 3266 legati
820 3193 850 3252 S.
870 3191 969 3268 Sedis,
987 3191 1102 3270 guber-

90 3285 180 3345 nium
194 3305 259 3348 non
274 3287 333 3348 sihi
342 3307 422 3351 onus
433 3293 647 3366 assumpserat
657 3288 844 3366 providendi
857 3288 1012 3349 dotationi
1022 3290 1104 3368 capi·

91 3383 250 3460 tulorum;
267 3385 322 3445 sed
332 3404 371 3446 ex
382 3404 444 3465 quo
455 3387 644 3463 gubernium
655 3385 795 3446 redditus
810 3386 981 3464 assignavit
991 3387 1023 3448 in
1034 3405 1106 3466 gre-

91 3482 172 3543 tiam
194 3484 428 3562 canonicorum‚
452 3485 592 3548 Ecclesia
614 3485 685 3547 illos
707 3473 850 3546 similiter
876 3485 1051 3563 acceptavit
1074 3487 1106 3546 in

93 3647 124 3682 ac
136 3633 187 3684 sub
196 3634 326 3698 regimine
340 3637 432 3692 veteri.
448 3638 581 3687 Constans
594 3641 633 3687 est
642 3651 673 3687 ea
686 3637 718 3686 de
732 3650 761 3686 re
773 3637 987 3700 jurisprudentia
996 3635 1106 3686 Consilii

93 3709 190 3758 Status.
204 3710 243 3773 (V.
257 3711 394 3776 Villelroy.
414 3713 455 3763 Tr.
487 3713 518 3762 de
534 3713 783 3764 'l'rldmintstrotion
806 3712 841 3762 do
863 3711 931 3762 culte
951 3711 1106 3776 ratholiqoe,
1140 3749 1143 3756 ‚

93 3793 123 3844 re
136 3785 215 3859 Cure,
225 3795 256 3835 n⁰
267 3788 329 3849 xvi.)
