2642 4270
260 229 313 284 592
528 233 602 282 PARS
622 233 668 283 111.
690 235 746 283 RES
764 233 1005 282 uectuslnsrlcu.

260 357 373 414 cantur
387 352 442 431 qui
454 370 586 413 munera
602 350 731 431 publica
748 350 877 424 obeunt,
894 351 926 410 in
942 348 1257 412 ordine-administra·
1305 383 1306 460 p

258 450 354 510 tionis
375 450 483 523 civilia,
500 448 676 529 judiciariae
694 455 726 510 et
746 448 903 523 militaris,
924 453 1079 528 parantur
1097 447 1189 508 sedes
1207 447 1257 506 dis-
1305 463 1306 542 p

260 548 365 610 tinctae
381 555 412 609 et
425 548 571 626 gratuitae
589 547 736 608 omnihus
752 547 808 626 qui
821 547 930 608 vocati
941 547 1040 607 sucre.
1305 543 1306 562 ³

307 647 465 726 Exceptis
478 645 601 706 casibus
616 664 713 724 supra
727 644 902 724 praelinitis,
926 663 1019 704 nemo
1035 643 1097 705 sihi
1112 642 1259 704 vindicare

257 748 362 824 potest
379 742 431 822 jus
452 742 593 822 habendi
615 743 722 802 sedem
740 742 933 817 distinctam,
958 747 1014 803 aut
1032 741 1215 820 gratuitam,
1232 741 1261 800 in
1305 799 1306 806 ,

256 841 389 902 ecclesia
412 840 596 920 parochiali.
624 843 815 903 consuetum
841 845 888 901 est
920 845 1027 901 tamen
1052 844 1088 899 ut
1111 838 1262 899 nonnullis

255 939 408 1018 personis,
438 938 613 1018 prasertim
637 937 789 999 fratribus
804 937 984 998 scholarum
999 937 1136 1015 piarum,
1156 942 1187 998 et
1200 954 1262 996 mo·

255 1037 392 1097 nialibus
411 1055 482 1115 quae
502 1035 618 1096 scholis
638 1035 797 1115 parochiae
818 1040 1057 1115 praeponuntur,
1078 1035 1262 1096 concedatur

255 1134 343 1195 sedes
354 1136 471 1213 absque
485 1133 550 1195 ulla
564 1133 657 1212 pretii
669 1132 882 1213 praestatione,
897 1133 982 1212 quod
996 1151 1055 1192 usu
1070 1131 1263 1192 retinendum

255 1238 311 1294 est.
328 1232 413 1292 Alios
429 1251 514 1309 usus,
531 1237 587 1292 aut
604 1231 770 1310 privilegia
786 1231 969 1310 peculiaria,
991 1230 1106 1310 quibus
1125 1229 1261 1290 Ecclesia
1305 1241 1306 1258 ³

254 1330 460 1390 defraudatur
474 1335 628 1409 proventu
644 1329 776 1402 sedium,
789 1329 938 1389 inducere
953 1347 1016 1390 non
1027 1326 1122 1388 debet
1135 1345 1191 1388 nec
1204 1345 1263 1406 po·
1305 1383 1306 1410 ᾖ

253 1432 314 1488 test
327 1428 501 1498 ParochuS,
518 1425 578 1485 nisi
593 1425 782 1494 assentiente
796 1426 928 1487 fabrica.

311 1525 381 1585 637.
403 1557 442 1570 -
464 1525 614 1602 Superest
637 1529 672 1584 ut
691 1523 846 1584 nonnulla
866 1523 1054 1602 adjiciamus
1077 1523 1118 1584 de
1138 1523 1261 1583 ratione

253 1623 409 1682 servanda
425 1622 552 1701 quando
564 1621 687 1682 fabrica
701 1626 845 1682 versatur
859 1622 891 1682 in
906 1621 1093 1682 necessitate
1106 1620 1262 1682 inferendi

252 1725 307 1782 aut
319 1719 493 1780 sustinendi
505 1719 591 1780 litem
607 1721 631 1782 ¹.
1305 1715 1306 1720 ’

312 1819 342 1877 l⁰
357 1819 584 1878 Thesaurarius
605 1817 699 1878 debet
719 1817 823 1878 tacere
846 1821 935 1878 actus
956 1817 1207 1892 conservatorum,
1229 1823 1261 1878 ut

250 1915 349 1990 aiunt,
366 1916 422 1995 qui
438 1915 555 1976 scilicet
568 1915 740 1976 inserviunt
751 1914 877 1975 tuitioni
890 1914 1010 1993 jurium
1025 1915 1170 1989 fabrica,
1190 1915 1263 1994 quin

250 2012 440 2073 adhibeatur
460 2012 562 2074 forma
585 2030 751 2092 processus
769 2011 939 2092 judicialis,
964 2011 1145 2089 cujusmodi
1168 2018 1260 2074 sunt:

248 2100 421 2188 postulatio
437 2109 534 2170 debiti
556 2111 596 2170 ad
608 2109 879 2188 recuperationem
900 2110 1068 2187 bonorum,
1087 2109 1261 2170 vadimonii

248 2207 537 2287 denuntiatioapud
542 2207 682 2286 judicem
692 2207 1005 2267 adineundumviam
1016 2207 1260 2280 conciliationis,

246 2304 297 2365 uel
315 2306 355 2366 ad
369 2305 605 2384 impediendum
615 2304 899 2384 praescriptionem.
937 2340 938 2344 =
1305 2371 1306 2382 χ

246 2386 248 2392 ’
305 2405 338 2462 2⁰
355 2403 486 2475 Quando
508 2403 676 2463 necessitas
698 2419 810 2480 urgere
831 2403 956 2462 videtur
977 2401 1065 2462 litem
1086 2401 1257 2476 inferendi,
1305 2481 1306 2490 ἵ

246 2500 361 2580 praeire
372 2501 465 2561 dehet
477 2500 661 2561 deliberatio
673 2499 796 2560 consilii
809 2499 954 2574 fabricae;
970 2499 1085 2560 deinde
1099 2500 1259 2580 expetitur
1305 2571 1306 2580 2

245 2596 401 2658 sententia
429 2597 549 2658 consilii
574 2596 748 2675 municipii,
777 2597 904 2656 demum
933 2613 1029 2656 causa
1050 2597 1198 2658 defertur
1222 2596 1259 2658 ad
1305 2613 1306 2652 3

246 2693 411 2753 consilium
424 2695 631 2773 praefecturas,
648 2694 737 2773 cujus
753 2699 800 2754 est
817 2694 1001 2766 concedere,
1022 2699 1080 2754 aut
1100 2695 1259 2776 denegare
1305 2699 1306 2728 l

244 2787 405 2851 licentiam
423 2791 510 2852 litem
526 2791 732 2872 suscipiendi;
753 2791 874 2852 fabrica
889 2791 1044 2869 siquidem
1059 2809 1128 2852 non
1144 2796 1259 2872 potest,
1305 2773 1306 2840 i

243 2888 361 2948 nedum
375 2889 463 2948 litem
476 2889 602 2963 inferre,
624 2891 679 2950 sed
693 2907 751 2950 nec
767 2907 896 2950 causam
910 2888 1038 2967 quidem
1053 2890 1216 2950 sustinere
1231 2907 1261 2949 se
1305 2879 1306 2934 ἶ

243 2985 439 3046 defendendo
450 3003 557 3046 coram
568 2985 858 3061 tribunalibus,nisi
868 2985 1034 3047 consilium
1045 2988 1261 3065 praefecturae,
1305 2973 1306 3045 l

242 3083 293 3143 vel
308 3083 472 3145 consilium
483 3102 665 3162 supremum
679 3083 797 3159 Status,
814 3082 878 3143 litis
892 3083 1131 3161 susceptionem
1145 3101 1260 3164 appro-

243 3179 377 3242 baverit.

300 3278 334 3336 3⁰
344 3279 452 3340 Gausae
468 3275 715 3344 deferuntur'vcl
730 3279 771 3340 ad
786 3277 958 3338 tribunalia
968 3277 1146 3351 ordinaria,
1158 3277 1263 3339 velad

243 3373 415 3436 tribunalia
430 3375 722 3454 administrationis
740 3394 797 3455 pro
812 3382 927 3436 natura
939 3393 1058 3437 rerum.

239 3503 242 3508 ·
301 3475 408 3535 Causae
421 3473 454 3534 in
469 3474 583 3553 quihus
595 3475 700 3555 agitur
714 3474 753 3534 de
767 3473 970 3553 proprietate,
982 3473 1106 3535 seilicet
1120 3474 1165 3536 de
1179 3473 1260 3535 exis·

287 3688 310 3735 t.
327 3685 395 3736 Cede
410 3687 454 3737 des
463 3687 607 3753 fabriques,
623 3691 686 3739 tom.
702 3688 735 3751 ll,
751 3687 795 3738 des
806 3687 940 3752 Proclap.
954 3687 1066 3762 ealles.
