2632 4260
269 268 336 314 All'l'.
356 266 402 314 111.
424 265 637 318 osltdarlonus
657 269 860 318 cnculconutt.
1038 265 1071 319 '58

71 389 180 449 atatem
190 389 372 464 provectam
385 385 511 446 statutis
524 385 779 462 determinatam,
793 393 911 467 prater
921 395 1073 467 cognatas

69 483 201 562 inprime
217 487 247 543 et
263 483 401 544 secundo
415 485 527 563 gradu.

116 591 156 650 De
168 588 355 650 mulieribus
370 589 516 651 affinibus
531 592 650 654 mentio
665 611 728 654 non
744 593 781 655 fit
793 593 827 654 in
843 593 977 654 decretis
992 612 1070 656 con·

68 687 205 749 ciliorum.
230 677 404 766 Disciplina
424 689 563 750 severior
584 690 643 751 fuit
665 691 749 753 circa
769 691 852 768 illae,
877 691 952 770 quia
972 692 1073 770 magis

68 790 145 864 urget
157 783 336 864 periculum
354 803 426 846 cum
443 786 592 847 affinibus
611 807 708 867 quarn
725 807 798 850 cum
815 781 1071 867 consanguineis.

67 882 315 962 Suntprovinciae
327 881 485 962 inquibus
499 885 694 964 permittitur
704 886 825 947 clericis
839 886 987 948 habitare
1000 905 1073 948 cum

66 999 195 1054 noverca,
216 998 313 1052 nuru,
334 973 432 1042 uxore
447 981 553 1044 fratris
573 982 729 1060 defuncti3
752 1003 789 1045 eo
811 1003 903 1046 sensu
923 985 1074 1045 Benedic-

66 1085 107 1140 tus
118 1079 180 1140 XIV
194 1083 317 1140 statuta
331 1079 483 1152 ediderat,
500 1080 577 1142 dum
594 1087 675 1143 esset
689 1081 953 1162 Archiepiscopus
967 1083 1072 1144 Bono·

68 1176 165 1238 niensis
179 1175 269 1255 (last.
288 1193 392 1239 cxxxrr
404 1182 436 1238 et
450 1179 594 1258 cxxxrn.)
608 1179 644 1240 ln
657 1179 726 1241 aliis
741 1179 923 1258 regionibus
936 1181 1005 1242 haec
1018 1198 1073 1243 co·

68 1272 205 1334 habitatio
230 1291 298 1334 non
325 1274 523 1350 conceditur,
553 1279 584 1336 et
612 1275 779 1355 disciplina
807 1277 962 1338 remansit
988 1276 1074 1337 intra

69 1371 166 1434 limites
188 1372 340 1450 praefixos
362 1392 381 1434 a
405 1373 537 1435 concilio
559 1374 696 1435 Nicaeno.
725 1373 900 1436 Dimittitur
922 1373 1074 1454 prudenti

70 1468 179 1530 arbitrio
196 1470 349 1551 Episcopi
362 1474 398 1531 ul
414 1476 533 1533 statuat
546 1472 670 1549 regulas
688 1473 852 1551 generales
866 1472 900 1532 in
920 1491 977 1532 sua
991 1471 1073 1534 dioe-

70 1567 119 1628 cesi
130 1569 318 1642 servandas;
337 1569 444 1649 quoad
457 1589 532 1631 vero
548 1589 638 1632 casus
655 1570 875 1650 particulares,
897 1570 1073 1650 Episcopus

70 1665 116 1724 sibi
127 1671 266 1727 reservat
277 1665 487 1745 judicandum
502 1686 542 1729 an
561 1667 707 1747 expediat
722 1667 872 1730 clericum
889 1667 1073 1750 cohabitare

56 1783 59 1796 ·
72 1780 127 1824 cum
138 1764 192 1826 tali
202 1764 307 1826 aliave
316 1783 463 1845 persona,
475 1765 597 1828 ratione
608 1765 719 1827 habita
730 1764 1040 1827 circumstantiarum
1048 1767 1070 1824 ¹.

117 1871 180 1934 3ll.
194 1905 231 1918 —
247 1873 287 1933 ΙΙ.
303 1874 445 1934 Canones
459 1873 716 1935 nonindixerunt
730 1891 843 1953 poenas
862 1877 974 1935 contra
987 1869 1075 1932 cleri·
1146 1860 1147 1863 '

73 1984 113 2029 cos
124 1969 174 2048 qui
183 1969 291 2048 legem
305 1970 343 2032 de
353 1970 588 2033 cohabitatione
602 1971 700 2033 vetita
714 1971 1000 2051 transgrediuntur.
1014 1967 1074 2031 Ubi

72 2083 130 2126 vero
147 2067 293 2148 legitima
316 2073 363 2129 est
385 2069 532 2148 suspicio,
553 2069 640 2148 leges
661 2069 881 2130 ecclesiasticae
905 2068 1019 2130 volunt
1039 2070 1075 2126 ut

72 2164 225 2244 Episcopus
239 2167 275 2226 in
288 2165 459 2229 violatores
470 2185 628 2230 canonum
644 2166 887 2228 animadvertat.

118 2272 289 2334 Concilium
303 2273 523 2335 Tridentinum
538 2273 652 2336 statuit
674 2291 784 2335 omnes
806 2273 938 2334 clericos
953 2272 1076 2335 haben·

73 2372 108 2428 tes
118 2370 318 2446 beneficium,
332 2371 397 2451 qui,
412 2391 431 2432 a
444 2371 658 2452 superioribus
669 2371 794 2446 moniti,
811 2371 1004 2432 concubinas
1020 2373 1075 2430 aut

73 2466 133 2529 alias
145 2469 293 2530 mulieres
309 2469 347 2530 de
369 2470 485 2549 quibus
505 2471 643 2550 suspicio
662 2470 774 2532 haberi
793 2469 903 2550 possit,
925 2469 958 2530 in
979 2468 1074 2529 domo

73 2565 111 2624 rel
121 2571 203 2629 extra
213 2568 345 2629 domum
355 2567 508 2643 detinent,
519 2573 575 2629 aut
585 2568 730 2630 cumillis
745 2568 866 2629 habent
877 2565 1077 2629 consuetudi·

73 2679 140 2738 nem,
154 2665 223 2746 ipso
242 2667 329 2727 facto
348 2666 519 2745 privandos
531 2667 599 2727 fore
618 2666 712 2728 tertia
730 2671 821 2746 parte
841 2666 1003 2726 fructuum
1015 2664 1075 2724 be-

74 2759 158 2822 neficii
169 2763 344 2825 autofficii.
361 2764 394 2826 Si
405 2763 439 2824 in
459 2763 571 2826 eodem
586 2763 702 2825 delicto
725 2783 798 2825 cum
816 2763 927 2824 eadem
942 2762 994 2823 vel
1010 2761 1075 2822 alia

74 2867 266 2936 perseverent,
284 2860 356 2923 licet
371 2861 509 2923 secundo
525 2861 650 2937 moniti,
662 2861 814 2922 amittunt
827 2879 936 2922 omnes
953 2860 1076 2920 fructus

76 2954 394 3037 suibeneficii,acujus
405 2958 678 3020 administratione
686 2958 816 3038 insuper
825 2957 1071 3038 suspenduntur.

76 3051 193 3134 Quodsi,
207 3060 313 3136 spreta
321 3056 507 3131 monitione,
520 3056 668 3118 mulieres
677 3075 742 3118 non
751 3056 925 3136 expellant,
936 3061 991 3116 aut
1002 3071 1075 3114 cum

77 3147 298 3230 illisversentur,
306 3155 425 3236 privari
434 3155 551 3216 debent
561 3155 805 3231 suisbeneficiis,
819 3151 1012 3216 etinhahiles
1023 3150 1076 3211 de·

114 3341 133 3389 l.
144 3339 234 3392 Clerici
246 3342 346 3406 quibus
361 3340 518 3392 conceditur
529 3341 682 3392 cohabitare
694 3355 755 3392 cum
768 3341 888 3405 cognatis
901 3343 927 3389 et
936 3336 1074 3398 affinibus,
1180 3383 1184 3386 .

77 3419 171 3472 possunt
183 3417 306 3468 habitere
319 3417 348 3466 iu
358 3416 453 3468 eadem
465 3417 548 3468 domo
568 3430 629 3467 cum
649 3418 688 3467 eis
701 3431 762 3482 quae
785 3417 819 3466 de
836 3412 993 3478 hujusmodi
1010 3425 1075 3463 con·

77 3483 211 3548 junctarum
227 3493 373 3544 mulierum
389 3492 490 3548 {emilis
503 3495 576 3554 sunt,
589 3493 630 3543 uti
642 3492 751 3544 famulis
763 3493 790 3542 et
801 3488 981 3554 pedissequis,
995 3487 1075 3539 dum·

78 3563 142 3614 modo
152 3569 255 3619 nullum
268 3568 419 3634 periculum
437 3569 534 3628 subsit,
547 3581 596 3618 nec
611 3569 717 3618 occasio
732 3565 850 3617 scandali
861 3567 907 3614 aut
917 3563 1073 3614 offensionis

78 3634 194 3705 fidelibus3
209 3644 242 3696 de
256 3658 311 3710 quo
324 3639 467 3708 providere
480 3644 580 3694 debent
596 3644 757 3707 superiores.
773 3640 1030 3705 (Schmelzgrueber,
1045 3639 1075 3688 in

79 3711 110 3763 lit.
120 3729 137 3766 11
148 3731 178 3768 ur
189 3720 400 3782 ccumrrnuorm,
411 3727 444 3769 n⁰
457 3720 491 3782 1.)
