2642 4270
231 251 299 300 nur.
320 250 369 299 111.
392 249 626 300 dlilllllls'l'lldl'lss
646 249 791 300 bonorum
812 251 966 301 EGGLESIAE.
1055 246 1107 302 565

93 391 112 428 a
135 373 201 431 tam
220 359 422 430 ecclesiastici
440 387 539 448 quam
557 367 631 430 laici
652 368 780 430 fabrica
795 367 933 448 cujusvis
947 369 1107 447 Ecclesiae,

94 491 112 524 «
134 466 309 546 hospitalis,
317 466 595 542 confraternitatis,
610 466 830 546 elecmosynoe,
841 467 957 529 montis
969 467 1106 548 pietatis,

95 589 114 622 a
135 561 1110 646 etquorumcumquclocorumpiorum‚singulisannistenean·

94 685 114 719 «
135 667 188 724 tur
205 662 338 724 reddere
357 662 513 724 rationem
533 662 814 724 administrationis
833 663 1010 737 Ordinario,
1032 681 1108 724 con·

96 781 116 816 «
138 760 357 822 suetudinibus
371 765 403 822 et
416 760 587 841 privilegiis
605 760 855 840 quibuscumque
867 760 901 820 in
916 761 1109 824 contrarium

101 857 284 919 «sublatis.
303 857 682 940 ›>(Sess.nx11,csp.rx.)
801 924 804 929 ,

156 955 234 1028 Quid
251 955 437 1018 observetur
449 974 508 1035 pro
523 955 676 1033 regimine
690 955 858 1037 temporali
871 956 1107 1037 parochiarum,

91 1053 128 1114 in
147 1058 231 1114 statu
248 1055 395 1134 praesenti
412 1052 533 1129 Galliae,
552 1058 585 1114 et
604 1059 758 1134 quatenus
776 1055 884 1135 praxis
900 1073 937 1116 ac
954 1054 1109 1134 legislatio

94 1149 198 1212 civilis
225 1151 423 1213 consentiant
445 1151 563 1229 regulis
582 1151 751 1226 canonicis,
774 1156 829 1213 aut
847 1153 886 1214 ab
905 1152 967 1214 illis
988 1152 1109 1215 dissen-

95 1247 192 1322 tiant,
206 1248 289 1310 infra
301 1248 453 1310 dicemus.

157 1346 246 1419 Quod
260 1345 301 1408 ad
313 1345 495 1426 hospitalia,
512 1351 635 1408 montes
645 1347 771 1427 pietatis
784 1353 815 1409 et
826 1347 890 1409 alia
898 1347 969 1410 loca
981 1349 1035 1428 pia
1042 1347 1112 1410 atti·
1158 1355 1164 1364 '

95 1449 166 1518 net,
176 1443 376 1505 distinctione
388 1461 467 1524 opus
480 1448 526 1505 est
538 1444 669 1506 interea
681 1464 751 1525 quae
759 1446 887 1507 fuerunt
900 1445 1111 1508 ecclesiastica

98 1540 290 1602 auctoritate
301 1540 456 1618 instituta,
471 1547 503 1602 et
517 1541 580 1602 alia
589 1560 659 1621 quae
675 1546 749 1604 sunt
758 1561 844 1604 mere
856 1542 991 1605 laicalia.
1002 1542 1112 1605 Priora

96 1637 172 1701 loca
194 1637 328 1700 subsunt
343 1637 561 1718 jurisdictioni
579 1639 738 1719 Episcopi,
761 1640 817 1719 qui
838 1640 923 1702 valet
946 1640 1112 1721 providere

93 1735 226 1798 illorum
237 1736 394 1815 regimini.
419 1739 540 1799 Gaetera
554 1736 624 1798 loca
639 1755 704 1798 non
724 1737 933 1817 subjiciuntur
942 1739 1110 1819 Episcopo,

96 1833 458 1914 quitamenexdecreto
466 1834 1113 1916 Tridentinopotestillavisitare,exceptis

90 1931 204 1993 solum
219 1943 295 2012 quae'
304 1938 377 1994 sunt
391 1933 449 1994 sub
470 1951 581 2012 regum
596 1933 782 1995 immediata
794 1923 1000 2013 protectione,
1012 1936 1113 2011 ‚atqua
1220 1933 1221 1936 ’

96 2029 140 2092 do
154 2028 193 2090 iis
207 2029 355 2092 omnibus
370 2049 558 2110 cognoscere
569 2050 641 2112 quae
654 2031 694 2093 ad
708 2031 765 2092 Dei
776 2031 907 2106 cultum,
925 2035 980 2092 aut
994 2029 1113 2092 anima·

94 2146 170 2188 rum
185 2127 329 2206 salutern,
347 2147 401 2190 seu
411 2147 567 2209 pauperes
580 2129 801 2192 sustentandos
815 2128 983 2210 pertinent.

137 2226 194 2289 lus
206 2224 287 2286 illud
299 2226 458 2301 visitandi,
477 2227 582 2306 quoad
597 2245 634 2289 aa
650 2245 720 2307 quae
731 2231 805 2288 suut
819 2226 980 2306 regiminis
993 2230 1115 2305 tempo·

96 2322 176 2385 ralis
189 2323 407 2408 hospitalium,
424 2343 462 2386 eo
477 2325 627 2386 fundatur
642 2326 728 2405 quod
734 2325 827 2405 juxta
843 2325 962 2406 priscos
977 2341 1114 2386 canones

94 2420 246 2502 Episcopi
257 2421 321 2482 sint
341 2426 539 2484 exsecutores
557 2421 699 2484 omnium
714 2422 840 2503 piarum
860 2421 1112 2503 dispositionum,

95 2522 167 2580 tam
179 2517 214 2579 in
230 2517 343 2580 ultima
362 2518 527 2581 voluntate
546 2538 641 2599 quam
657 2521 735 2580 actis
749 2520 831 2582 inter
848 2519 937 2580 vivos
955 2536 1116 2599 expressa·

95 2633 182 2691 rum,
198 2615 245 2677 utl
259 2621 415 2678 memorat
429 2617 513 2678 idem
528 2616 706 2679 concilium.
724 2616 887 2702 (Gapvnr,
904 2635 978 2678 sess.
995 2633 1062 2678 xx11
1075 2616 1114 2698 ¹.)

95 2714 210 2788 Porro,
226 2713 259 2773 in
279 2713 386 2776 Galliis
404 2715 543 2795 hospitia
556 2714 686 2794 publica
700 2720 731 2776 ct
750 2720 874 2777 montes
894 2715 1020 2796 pietatis
1042 2717 1116 2775 sunt

98 2811 172 2874 loca
200 2830 285 2874 mere
320 2812 435 2888 civilia,
468 2813 526 2873 sub
554 2812 751 2893 protectione
779 2813 929 2894 principis
958 2811 1116 2876 sacularis

102 2909 285 2986 constituta,
301 2929 373 2972 cum
394 2909 458 2972 suis
476 2911 615 2992 propriis
634 2911 962 2974 administratoribus:
992 2911 1116 2973 nullum

94 3004 150 3086 jus
177 3007 327 3068 tribuitur
353 3008 515 3088 llpiscopis
546 3007 603 3072 illa
629 3027 668 3071 ex
695 3009 799 3072 officio
819 3009 983 3072 ¹visitandi
1010 3007 1115 3088 quoad

97 3104 242 3186 regimen
253 3106 439 3186 temporale.
813 3111 816 3118 '
1114 3100 1117 3106 ¹

158 3201 254 3264 *dib
271 3236 312 3248 -·
328 3203 381 3265 1v⁰
399 3201 511 3265 Utrum
524 3214 553 3266 et
567 3209 713 3286 quotenus
724 3213 854 3267 rectores
870 3202 1012 3264 bonorum
1023 3200 1084 3281 eccl
1100 3231 1114 3248 ·
1159 3283 1163 3292 1

102 3286 291 3360 siaaltcoram
305 3317 341 3361 eo
352 3300 486 3363 alienare
508 3303 628 3364 valeant
642 3301 675 3362 ²?

162 3397 476 3460 l.Administratores
486 3399 697 3461 Ecclesiarum
707 3405 739 3461 et
748 3398 1117 3478 beneficiorumnonpos

101 3569 175 3690 talit.
189 3565 228 3616 Gt.
253 3565 435 3632 Raidanstuol,
448 3569 477 3620 in
492 3569 531 3621 tit.
553 3585 587 3622 nu
604 3571 743 3623 Rmrorosrs
758 3570 883 3636 Domana,
900 3569 948 3622 lib.
968 3570 1003 3621 111
1022 3568 1116 3620 Decre-

151 3653 208 3690 um.

151 3717 175 3768 2.
191 3715 230 3769 ct.
246 3717 322 3774 Gard.
339 3721 427 3775 Petra.
440 3721 583 3778 Commeat.
601 3723 630 3776 in
644 3722 732 3777 donet.
749 3724 798 3780 V*
808 3722 885 3779 Pauli
900 3723 934 3788 11,
948 3726 1013 3775 tom.
1029 3716 1060 3775 t.

941 3823 977 3880 32
