2642 4268
244 269 296 324 536
509 272 586 322 PARS
604 272 650 322 111.
672 272 728 324 RES
748 268 996 322 EGCLESIAS'I'IGAE·

304 391 440 465 Quaestio
461 395 548 452 mota
567 393 614 450 est
632 389 716 450 circa
734 406 861 450 sensum
880 393 911 449 et
930 388 1147 450 extensionem
1166 387 1253 470 hujus

243 490 379 565 articuli,
395 495 502 550 utrum
521 487 639 550 scilicet
655 486 904 567 circumscriptio
923 505 1019 566 quam
1036 487 1146 548 feccrit
1160 487 1253 566 prima

243 588 311 650 vice
330 587 514 668 Episcopus,
538 592 594 649 aut
614 603 709 665 quam
728 585 823 646 hodie
844 586 949 648 facere
968 584 1066 647 vellet
1083 585 1252 648 inconsulto

244 687 410 770 gubernio,
424 686 457 747 vi
476 688 608 764 careret,
629 703 693 745 non
714 684 944 764 solum-quoad
963 683 1110 746 ordinem
1125 682 1251 762 civilem,

244 786 299 848 sed
312 785 408 848 ctiam
421 784 528 865 quoad
540 783 684 846 ordinem
698 783 897 845 canonicum.
968 865 972 870 ἡ

301 882 678 946 Arbitramurarticulum
687 881 950 943 sumendumcsse
959 881 992 942 in
1001 899 1094 943 sensu
1103 881 1253 959 absoluto,

244 983 351 1064 quoad
372 989 543 1062 utrumque
564 981 718 1055 ordinem,
742 971 939 1042 canonicum
954 980 1047 1040 simul
1071 986 1103 1042 et
1126 980 1253 1042 civilem.

242 1081 376 1144 Articuli
391 1081 659 1144 concordatorum
671 1078 754 1141 sumi
766 1079 882 1141 debent
895 1079 1032 1140 insensu
1047 1079 1155 1156 obvio,
1170 1098 1254 1141 sensu

244 1181 382 1242 naturali
396 1180 581 1256 verborum,
592 1183 734 1259 spectata
745 1183 862 1241 natura
876 1178 1175 1251 rerum‚,communi
1189 1197 1253 1240 oon-

245 1278 422 1352 suetudine,
445 1284 477 1339 et
496 1277 671 1340 intentione
692 1275 1047 1356 praesumptapartium
1071 1277 1253 1337 contrahen-

135 1364 140 1378 ’
245 1378 348 1439 tium:
366 1376 455 1456 atqui
472 1377 568 1438 verba
587 1374 897 1456 circumscriptiones
913 1375 1058 1436 sortietur
1071 1393 1159 1436 suum
1174 1375 1252 1455 effer·

247 1485 320 1556 tum,
343 1494 406 1537 non
430 1475 590 1552 attingunt
612 1472 813 1536 solummodo
835 1474 965 1536 effectus
986 1473 1093 1536 civiles
1116 1474 1256 1553 quisunt

189 1589 191 1592 ·
246 1574 367 1654 aliquid
382 1573 614 1648 secundarium,
630 1573 686 1634 sed
702 1573 798 1634 etiam
811 1578 843 1634 et
855 1573 958 1652 magis
970 1573 1087 1634 directe
1101 1573 1254 1636 canonici-

245 1679 343 1736 tatem
358 1672 523 1736 erectionis
540 1671 619 1734 tituli
637 1678 668 1733 et
678 1670 935 1751 jurisdictionem
951 1671 1148 1733 ordinariam
1164 1671 1256 1732 eidem
1303 1743 1304 1754 χ

246 1771 338 1833 titulo
353 1789 520 1842 annexam,
535 1789 606 1851 quae
619 1775 667 1832 cst
682 1770 811 1832 effectus
825 1770 973 1850 proprius
986 1775 1082 1850 atque
1097 1769 1255 1831 immedia-

245 1876 296 1932 tus
313 1869 621 1948 circumscriptionis,
638 1869 765 1948 quando
780 1869 817 1930 fit
827 1867 921 1948 juxta
939 1867 1066 1947 regulas
1081 1869 1253 1930 canonicas.
1303 1925 1304 1972 p

1303 2041 1304 2072 t

245 1971 291 2031 Ea
309 1968 421 2048 procul
440 1968 536 2029 dubio
554 1986 642 2028 mens
661 1972 730 2028 erat
747 1967 886 2047 partium
905 1967 1175 2041 contrahentium,
1194 1985 1254 2046 quae

245 2086 309 2128 non
329 2065 535 2128 intendebant
555 2065 650 2128 aliam
670 2084 737 2128 csse
758 2065 1084 2146 circumscriptionem
1104 2066 1254 2146 paroecia-

245 2184 316 2226 rum
335 2171 366 2227 et
385 2165 562 2228 dioeoeseon
580 2182 639 2244 pro
660 2165 729 2226 foro
752 2164 973 2240 ecclesiastico,
998 2165 1095 2226 aliam
1116 2173 1177 2244 pro
1195 2165 1254 2224 soro

246 2263 339 2326 civiti.

305 2364 378 2425 Haec
392 2363 611 2443 interpretatio
627 2380 691 2428 non
706 2360 905 2442 restringitur
919 2361 960 2422 ad
973 2361 1112 2440 primam
1128 2361 1252 2422 circum·

246 2461 458 2542 scriptionem,
477 2480 547 2541 quae
563 2460 632 2522 tisri
647 2461 755 2521 debuit
769 2464 841 2540 post
858 2459 1094 2521 concordatum.
1112 2460 1252 2522 Etenim:

247 2560 277 2619 1⁰
292 2560 522 2622 Concordatum
542 2565 589 2620 est
607 2554 718 2638 regula
736 2576 925 2638 permaneus
941 2556 1021 2637 juris
1040 2557 1188 2618 canonici
1205 2576 1253 2636 pro
1303 2563 1304 2638 t

246 2657 389 2734 Ecclesiis
403 2658 584 2732 Galliarum,
601 2657 808 2738 quoadusque
818 2656 865 2718 illi
878 2657 1065 2736 derogatum
1076 2656 1252 2733 tueritlcgi-
1303 2641 1304 2700 i

247 2755 324 2816 tima
345 2757 551 2832 auctoritate;
573 2759 605 2818 2⁰
625 2774 689 2817 non
711 2755 832 2835 patitur
850 2755 943 2832 ratio,
964 2773 1022 2816 nec
1043 2754 1179 2835 aequitas
1198 2773 1252 2814 ser-

247 2856 351 2916 vanda
368 2854 401 2916 in
420 2855 560 2934 practica
571 2854 831 2934 interpretatione
850 2853 1049 2928 Concordati,
1071 2858 1106 2914 ut
1126 2853 1251 2914 circum-

248 2951 376 3031 scriptio
393 2970 464 3032 quae
478 2953 569 3018 aliter
582 2953 651 3014 fieri
665 2970 729 3038 non
743 2951 847 3031 potuit
865 2969 960 3031 quam
978 2955 1089 3012 mutuo
1107 2968 1252 3011 consensu

246 3049 395 3130 Episcopi
417 3050 624 3133 etgubernii,
649 3049 812 3116 immutari
832 3049 945 3134 deinde
966 3049 1066 3131 possit
1085 3067 1145 3128 pro
1167 3047 1252 3108 solius

247 3147 394 3228 Episcopi
408 3147 548 3210 arbitrio.
561 3150 644 3227 Ergo
656 3148 831 3228 Episcopus
844 3147 962 3209 vaiebit
973 3146 1103 3226 quidem
1116 3146 1252 3223 delegare

243 3247 494 3327 jurisdictionem
512 3247 707 3326 presbytero,
729 3245 781 3308 cui
797 3246 893 3308 talem
910 3250 1034 3325 partem
1053 3243 1196 3306 dioecesis
1211 3261 1251 3302 re·
1303 3315 1304 3330 χ

248 3347 384 3424 gandam
402 3344 593 3406 demandare
608 3344 753 3422 voluerit,
770 3345 824 3408 sed
838 3362 903 3404 non
919 3343 1021 3406 aderit
1037 3343 1149 3404 titulus
1164 3360 1250 3404 cano·
1303 3333 1304 3420 t

247 3445 317 3508 nice
336 3449 468 3520 erectus,
485 3445 536 3505 cui
555 3449 741 3506 annectatur
754 3443 826 3524 jure
842 3443 1002 3506 communi
1011 3442 1191 3523 jurisdictio
1207 3459 1249 3503 or·

248 3540 370 3606 dinaria
385 3561 457 3605 cum
471 3541 682 3622 perpetuitate
697 3542 792 3604 officii
806 3542 956 3624 advitam
971 3541 1118 3605 titularis.

307 3643 351 3704 De
362 3641 519 3704 erectione
530 3659 567 3702 ac
583 3641 735 3704 divisione
748 3641 976 3704 succursalium
991 3641 1124 3703 dubium
1140 3639 1260 3718 moveri·

252 3735 367 3818 potest,
384 3756 425 3800 an
440 3738 748 3820 comprehendantur
761 3739 795 3800 iu
810 3740 920 3818 regula
934 3739 1092 3822 generalis
1104 3736 1248 3820 quidquid
