2568 4272
232 295 285 350 340
431 302 587 388 'teruntur
608 301 647 350 AD
661 291 835 350 anemonen
856 300 875 347 V
894 299 980 348 rtur.
1000 297 1033 345 11.

235 417 495 500 Christifidelr'um,
516 417 692 478 Innocentii
712 418 778 493 XII,
800 434 885 477 anno
905 415 994 488 1691,
1025 413 1066 474 ad
1095 409 1236 473 terminos

231 535 400 594 canonum,
409 517 501 595 juxta
514 535 593 596 quos
611 516 787 595 jurisdictio
804 515 929 593 integra
943 518 974 573 et
985 511 1088 574 illaesa
1101 517 1233 571 remanet

232 632 330 693 penes
349 613 542 686 Ordinarios,
566 614 744 692 superiores
764 612 883 673 seilicet
901 609 1072 689 regulares,
1094 608 1123 669 si
1136 612 1238 685 agatur

232 710 271 771 de
286 710 584 789 congregationibus
600 709 770 789 exemptis;
787 715 819 770 et
832 709 1016 788 EpiscopOS,
1033 707 1059 767 si
1081 710 1196 784 agatur
1207 706 1237 764 de

231 826 295 869 non
315 808 485 886 exemptis3
507 808 593 882 date,
615 809 648 868 in
665 813 801 887 utroque
823 825 909 884 casu,
926 823 1054 866 recursu
1070 804 1115 864 ad
1128 803 1161 866 S.
1174 803 1238 864 Gon·

231 905 447 982 gregationem
461 905 675 984 Regularium.

291 1002 350 1074 Qui
363 1007 575 1080 protectorem
588 1002 732 1064 obtinent
745 1021 809 1064 non
823 1003 970 1064 dicuntur
985 983 1043 1061 s'ub
1057 999 1148 1060 illius
1159 996 1239 1076 juris·

231 1099 378 1173 dictione,
391 1101 445 1160 sed
455 1101 514 1160 sub
526 1101 610 1161 illius
625 1101 806 1163 defensione
822 1099 979 1162 constitui.
991 1095 1172 1159 Gardinalis
1181 1113 1240 1174 pro

230 1201 331 1259 tector
350 1197 472 1257 nullam
487 1204 718 1278 consequenter
736 1200 844 1274 habet,
860 1197 1015 1258 hodierna
1029 1199 1140 1268 aetate,
1153 1192 1236 1272 juris·

231 1295 400 1357 dictionem
437 1296 564 1376 proprie
597 1281 725 1372 dietam,
758 1297 879 1359 nullam
912 1292 1164 1372 competentiam
1189 1290 1238 1350 fori

230 1392 409 1472 peculiaris.
426 1394 576 1455 Ordinem
604 1395 663 1454 sibi
685 1396 941 1456 commendatum
960 1392 995 1452 in
1014 1397 1103 1452 statu
1118 1388 1237 1469 pacifico

230 1498 404 1565 conservat,
421 1492 461 1552 ab
473 1493 734 1571 impugnantibus
745 1497 776 1552 et
789 1491 1030 1553 molestantibus
1044 1486 1195 1568 protegit,
1211 1485 1237 1544 in

230 1586 314 1648 illius
339 1589 474 1666 gratiam
499 1608 557 1668 pro
581 1590 779 1667 gravioribus
803 1590 936 1668 negotiis
962 1586 1133 1648 intercedit
1164 1582 1235 1662 apud

230 1684 263 1745 S.
276 1685 464 1747 Pontificem
480 1692 511 1746 et
522 1687 805 1766 congregationem
819 1707 856 1749 ac
871 1686 1000 1747 tandem
1010 1703 1068 1745 sua
1078 1681 1235 1764 prudentia

229 1780 383 1860 invigilat,
400 1789 583 1847 nontamen
601 1803 633 1847 se
649 1787 681 1845 in
697 1787 838 1864 regimen
852 1786 1012 1846 internum
1025 1779 1231 1852 immiscendo,

229 1884 265 1939 ut
276 1880 403 1941 Praelati
417 1901 472 1942 suo
488 1883 663 1962 fungantur
675 1883 791 1960 officio,
804 1889 835 1944 et
845 1881 884 1944 ne
898 1881 1064 1944 inferiores
1077 1899 1099 1940 a
1114 1877 1237 1957 superio

228 1976 316 2036 ribus
328 1979 549 2057 opprimantur
561 1981 584 2040 ¹.
597 1981 759 2056 Praesidet,
777 1979 904 2059 quando
916 1996 1053 2060 praesens
1064 1981 1115 2038 est
1127 1977 1159 2035 in
1170 1971 1234 2033 locis

229 2073 284 2133 ubi
301 2081 448 2151 aguntur,
473 2078 617 2156 capitulis
645 2078 846 2158 generalibus
871 2075 1010 2138 Instituti
1027 2080 1060 2136 et
1079 2072 1235 2135 electiones

227 2170 328 2232 factas
343 2174 519 2236 contirmat.

289 2271 444 2333 Caeterum
457 2275 584 2351 quando
595 2275 626 2334 in
638 2275 869 2353 approbatione
884 2271 1017 2352 alicujus
1027 2267 1234 2351 congregatio·

227 2365 276 2426 nis
299 2371 502 2431 constituitur
527 2371 701 2433 Gardinalis
724 2377 903 2451 protector,
928 2389 981 2430 seu
1005 2375 1122 2448 postea
1145 2365 1230 2428 eidem
1272 2415 1273 2450 ,

228 2468 464 2545 congregationi
484 2468 586 2542 datur,
602 2469 861 2548 perpendendum
880 2472 927 2528 est
942 2487 983 2527 an
996 2473 1029 2528 et
1048 2465 1159 2546 qualia
1171 2464 1232 2543 jura
1272 2451 1273 2476 l

228 2565 260 2620 et
273 2563 437 2644 privilegia
454 2566 486 2626 S.
501 2565 644 2627 Pontifex
657 2565 705 2626 illi
720 2565 919 2627 concesserit.

305 2811 597 2968 nrrnumn
630 2880 701 2969 nu
740 2811 1053 2970 sauricum
1092 2875 1166 2967 ,a
1271 3001 1272 3020 ,

271 3184 315 3229 Dll
332 3184 416 3231 LEGE
433 3184 535 3232 ctvtnl
551 3187 653 3234 cinca
672 3188 972 3236 confirmaveras
988 3181 1189 3230 auctorest&

285 3329 444 3409 Expositis
452 3331 667 3396 sanctionibus
678 3333 837 3396 canonicis
847 3333 886 3394 de
897 3335 981 3393 statu
989 3329 1149 3409 religioso,
1163 3339 1229 3385 non·

224 3425 314 3487 nulla
329 3428 556 3508 subjungemus
572 3449 630 3510 per
643 3433 773 3493 modum
795 3429 990 3511 appendicis,
1006 3428 1046 3489 da
1066 3420 1226 3488 ordinatio·

224 3523 318 3586 nibus
330 3527 495 3606 potestatis
508 3527 618 3590 civilis.

272 3688 296 3735 1.
306 3685 344 3735 Gl.
358 3687 442 3747 Petra,
457 3685 650 3738 Commentario
661 3688 690 3738 in
702 3691 792 3740 Cenat.
805 3702 831 3739 rv
844 3686 963 3752 Gregorii
975 3687 1018 3748 Xl,
1032 3700 1060 3750 p.
1075 3687 1120 3737 162
1132 3687 1157 3735 et
1167 3689 1219 3732 cou-

224 3757 393 3812 stitutionem
404 3761 511 3862 citatam
523 3763 673 3814 Innocentii
685 3764 739 3824 Xll,
755 3763 979 3828 Christifidelium.
