2642 4268
252 186 304 240 456
515 192 590 240 Plus
609 193 657 241 lll.
678 193 733 240 RES
751 189 998 239 contrariarum.

251 309 367 369 cedunt
381 327 451 389 quae
465 311 592 370 suerunt
604 308 760 370 recentius
774 307 806 366 in
822 305 949 368 titulum
964 310 1086 367 erectae.
1104 307 1137 365 4⁰
1154 305 1277 368 Eccle-

251 405 305 468 siae
320 407 505 486 collegiatae,
522 427 656 488 quarum
671 405 740 467 aliae
759 410 831 466 sunt
844 405 993 482 insignes,
1011 403 1081 465 aliae
1096 421 1164 464 non
1180 408 1276 464 sunt.

251 505 284 564 50
310 505 449 567 Ecclesia
471 505 661 568 cathedralis
690 523 760 584 quae
783 501 904 565 eaeteris
938 503 1085 564 omnibus
1114 495 1279 562 llcclesii's

151 667 153 671 ,
251 603 392 664 dioeeesis
410 623 466 664 sua
485 604 648 682 dignitate,
665 607 817 681 tanquam
831 600 959 661 illarum
983 605 1097 676 mater,
1114 599 1277 679 praeemi-

250 706 313 761 net.
339 703 372 762 6⁰
392 700 539 763 Ecclesiae
567 701 829 780 metropolitana,
851 698 1045 779 primatiales
1067 702 1098 759 et
1118 697 1273 776 patriar·

249 798 366 860 chalce.
386 803 418 859 7⁰
438 798 554 860 Ultimo
573 799 655 874 loeo,
675 816 775 877 coque
794 796 940 876 digniori,
961 797 1092 857 veniunt
1110 795 1266 856 Basilicae

248 902 279 957 ct
300 896 375 976 ipsae
390 896 423 956 in
434 897 512 957 duas
520 897 634 980 classes
643 897 881 970 distribuuntur,
891 893 1011 976 seilicet
1020 893 1053 954 in
1066 893 1207 972 maj0res
1231 898 1269 953 et

250 993 411 1076 minores·

286 1133 289 1139 ·
306 1092 453 1176 Ecclesia
462 1091 608 1178 majores,
624 1111 677 1154 seu
690 1093 875 1170 insigniores
885 1091 1112 1172 magnitudine,
1126 1089 1273 1170 antiqui·

246 1196 320 1266 tate,
340 1175 509 1269 structura,
527 1190 666 1256 Basilica
681 1190 953 1252 indiscriminatim
969 1190 1168 1264 dicebantur,
1188 1207 1268 1250 mu·
1313 1181 1314 1220 ³

247 1293 333 1350 tuate
358 1290 484 1350 nomine
504 1290 543 1350 ab
565 1290 686 1352 aedibus
705 1289 882 1367 regalibus;
904 1287 988 1367 quod
1009 1306 1126 1349 nomen
1148 1307 1265 1367 paucae
1313 1295 1314 1328 ³

245 1387 441 1448 retinuerunt
460 1388 501 1449 ob
520 1407 609 1448 suam
629 1387 853 1460 celebritatem,
878 1386 927 1447 vel
948 1390 1139 1465 acceperunt
1161 1405 1182 1446 a
1202 1386 1260 1448 SS.
1313 1391 1314 1394 ’

244 1484 458 1545 Pontificibus.
476 1485 616 1558 Quatuor
629 1487 702 1547 sunt
717 1487 824 1546 Romae
836 1483 975 1544 Basilicae
990 1483 1128 1561 majores
1142 1483 1178 1542 in
1192 1501 1262 1544 me·

210 1597 211 1601 ’
245 1580 378 1642 moriam
398 1588 534 1661 quatuor
551 1582 725 1663 primarum
742 1582 951 1643 Ecclesiarum
965 1580 1255 1661 patriarchalium:
1313 1577 1314 1620 ἶ

243 1679 470 1754 lateranensis
486 1698 557 1759 quae
572 1681 685 1742 Sedem
700 1683 886 1756 Romanam,
902 1667 1014 1758 inqua
1037 1679 1187 1740 Pontifex
1206 1680 1253 1738 in-
1313 1695 1314 1728 2

243 1775 391 1854 stituitur,
408 1777 593 1856 praesignat3
607 1776 769 1854 Vaticana,
782 1797 851 1861 quae
862 1777 975 1839 Sedem
988 1776 1255 1856 Constantinopo-

241 1873 373 1936 litanam
396 1882 621 1955 repraesentat3
647 1877 746 1938 saneti
768 1876 859 1937 Pauli
881 1875 914 1935 in
933 1876 985 1936 via
1009 1875 1154 1949 Ostiensi,
1182 1894 1255 1954 quae
1313 1863 1314 1868 ἵ

241 1973 503 2050 Alexandrinam
517 1975 692 2046 Liberiana,
708 1993 762 2035 seu
774 1976 897 2036 Sanctae
907 1973 1013 2035 Mariae
1028 1973 1161 2051 Majoris,
1177 1991 1253 2052 quae

240 2071 468 2133 Antiochenam
477 2072 631 2152 designat.
644 2074 724 2135 Sunt
733 2071 851 2152 plures,
862 2077 930 2132 tum
942 2074 1063 2143 Romae,
1077 2070 1185 2131 lumin
1195 2089 1252 2132 va·
1313 2125 1314 2128 ,

240 2168 294 2230 riis
311 2188 367 2249 per
384 2170 491 2231 orbem
507 2171 698 2249 regionibus,
715 2170 856 2232 Basilicae
872 2163 1019 2244 minores,
1036 2189 1117 2250 quas
1134 2169 1256 2231 scilicet
1313 2211 1314 2220 η

239 2267 272 2330 S.
289 2268 435 2329 Pontifex
449 2268 509 2330 hoo
522 2267 613 2330 titulo
625 2268 786 2329 honestari
799 2268 907 2330 voluit.
1313 2255 1314 2280 ³

239 2442 251 2468 u
268 2424 345 2474 misas
363 2424 379 2474 ὲ
396 2423 515 2488 l’trtque
527 2426 554 2474 et
569 2437 605 2474 eu
623 2423 718 2488 pretet,
731 2423 847 2488 lesquels
864 2423 1047 2476 s'antsndront
1064 2439 1137 2489 pour
1151 2425 1192 2478 les
1207 2425 1249 2476 rt-
1313 2415 1314 2464 ἶ

243 2499 382 2562 «sondro,

285 2575 492 2636 «escandens
508 2589 551 2628 cas
568 2575 648 2626 casii
665 2576 804 2640 pardueit
820 2576 892 2641 justa
911 2589 963 2641 que
982 2577 1009 2628 la
1023 2590 1168 2629 commune
1184 2592 1247 2629 eon-

239 2668 254 2696 a
266 2651 366 2701 tribuli
379 2666 412 2702 au
428 2656 570 2716 payement
583 2651 619 2701 du
634 2664 752 2702 sonneur
765 2665 799 2702 eu
813 2653 970 2716 proportion
987 2653 1035 2703 das
1049 2655 1194 2704 sennes-ies
1210 2654 1248 2703 ul-

237 2744 251 2771 «
267 2725 363 2777 lecttss
377 2728 393 2776 a
409 2740 451 2777 sas
463 2727 570 2777 besoius
581 2739 776 2788 communitum
793 2728 860 2778 meis
873 2741 924 2793 que
942 2728 967 2779 le
982 2741 1101 2779 sonnaur
1119 2730 1178 2780 doit
1190 2729 1246 2782 tire

237 2819 252 2848 α
266 2802 373 2852 nomme
386 2804 412 2852 et
421 2815 455 2852 na
464 2807 529 2866 peut
537 2801 593 2854 atre
603 2802 720 2866 raroque
728 2815 781 2874 gae
791 2803 873 2866 paule
886 2804 949 2854 curt
960 2803 1028 2854 daus
1040 2805 1080 2855 las
1089 2819 1250 2856 communes

189 2878 193 2884 '
236 2877 375 2938 «rurales,
390 2880 418 2928 et
435 2891 483 2942 per
501 2879 540 2929 les
555 2878 742 2942 marguilliers,
757 2893 803 2928 sur
816 2880 842 2929 le
854 2879 1020 2944 proposition
1038 2879 1076 2930 du
1087 2882 1159 2944 curt,
1176 2882 1244 2933 dans

233 2971 252 2999 u
266 2953 304 3004 les
319 2967 475 3005 communes
490 2954 632 3017 urbeinas;

282 3047 297 3074 e
312 3031 340 3079 6⁰
355 3029 411 3088 Qus
423 3033 483 3082 tout
494 3033 550 3082 acta
563 3029 641 3094 passe
653 3030 859 3082 conmiramsnt
870 3031 886 3082 t
897 3045 941 3082 ces
951 3030 1126 3096 dispositione
1136 3045 1172 3084 na
1186 3047 1246 3084 san·

236 3123 251 3151 ι
265 3104 316 3155 rsit
329 3105 383 3156 tlte
397 3106 551 3169 maintenu;

283 3199 296 3226 u
310 3185 338 3232 70
353 3181 410 3241 Quo
425 3183 491 3233 dans
503 3182 542 3234 les
556 3197 600 3234 eas
615 3183 648 3234 de
663 3183 731 3248 peril
745 3197 871 3235 commun
883 3185 929 3250 qui
944 3184 1019 3250 exige
1031 3198 1069 3235 un
1082 3188 1193 3249 prompt
1205 3200 1246 3236 sc-

236 3276 249 3304 «
264 3270 352 3320 cours,
365 3272 401 3310 ou
418 3258 483 3310 dens
501 3258 539 3308 las
556 3259 750 3311 circonstanciis
766 3261 835 3324 pour
849 3261 991 3326 lesquelles
1011 3261 1049 3311 les
1069 3261 1246 3326 dispositions

234 3351 249 3378 s
263 3333 310 3392 des
323 3333 374 3384 lois
386 3346 422 3384 ou
434 3333 481 3384 des
496 3333 657 3398 roglements
674 3333 825 3386 ordonnent
843 3335 882 3391 las
900 3337 1049 3400 sonneries,
1064 3337 1090 3388 le
1108 3339 1172 3388 eure
1187 3338 1243 3390 doit

236 3410 430 3474 «obtemperes
453 3423 506 3460 eux
523 3408 685 3474 raglamauts
703 3409 740 3460 du
758 3413 841 3462 maire
861 3414 888 3462 et
906 3411 985 3476 qn'eu
1004 3427 1049 3464 cas
1065 3413 1100 3464 de
1121 3415 1196 3466 relus
1218 3415 1242 3466 le

236 3503 249 3530 u
263 3485 344 3536 maire
359 3489 423 3550 peut
435 3485 500 3535 faire
516 3498 615 3536 sonuer
629 3484 668 3537 las
679 3484 785 3537 cloehes
798 3485 832 3538 de
847 3501 897 3538 son
911 3489 1025 3540 autoritt
1042 3503 1152 3554 propre.
1165 3509 1178 3537 ιι
1197 3491 1242 3554 (Le
1313 3507 1314 3540 r

233 3559 308 3622 Ducit
317 3560 378 3611 civit
385 3560 571 3626 ecclesiastieae
578 3562 696 3628 franceis
705 3563 796 3615 ancien
810 3566 836 3615 et
846 3564 977 3627 moderna,
992 3578 1041 3628 par
1051 3566 1086 3617 Μ.
1101 3566 1135 3618 de
1149 3565 1242 3618 cham
1313 3629 1314 3632 Ἴ

233 3649 329 3699 paeux,
343 3641 408 3688 tom.
422 3637 454 3700 11,
469 3639 500 3688 20
515 3636 568 3688 its.
583 3638 664 3702 1840.)
