2642 4270
229 223 281 280 584
492 229 565 278 PARS
585 229 631 278 111.
653 230 709 279 RES
729 183 971 280 sedtsslssrluu.
1079 275 1082 280 .

228 351 267 411 de
283 365 436 410 consensu
447 345 572 425 collegii
585 346 683 421 fiunt3
696 347 751 408 dat
765 347 917 409 mandata
931 347 1016 408 circa
1026 365 1172 408 summas
1186 347 1247 408 sol·

227 447 346 508 vendas
361 463 380 506 a
394 444 602 520 thesaurario,
612 443 705 523 juxta
717 449 777 507 art.
793 445 834 506 28
848 444 926 522 legis
944 463 951 506 :
967 467 984 501 «
1001 448 1086 510 Tous
1100 446 1150 506 les
1165 462 1247 505 mar·

229 544 304 606 ebes
324 546 466 605 serant...
483 543 586 620 signes
605 559 664 620 par
681 541 712 602 le
726 543 899 621 president,
914 542 995 602 ainsi
1014 562 1076 622 que
1093 542 1141 602 les
1159 561 1247 602 man·

228 643 309 703 dats.
324 665 339 698 »
358 641 467 702 Libros
485 640 644 701 secretarii
664 645 695 700 et
713 640 903 701 thesaurarii
918 641 1096 718 consignat,
1112 645 1145 701 et
1161 658 1247 719 prae·

229 740 337 801 sertim
351 737 567 801 recensionem
582 737 713 815 singulis
727 739 818 798 annis
835 737 1013 798 faciendam
1027 737 1200 799 mobilium
1216 742 1247 798 et

227 836 392 898 titulorum
407 835 583 915 parochiae;
598 835 726 896 tandem
744 840 831 896 tenet
845 836 978 896 alteram
993 854 1010 896 e
1025 835 1127 896 tribus
1148 834 1245 898 clavi·

226 933 286 996 bus
301 951 383 995 arcae
398 933 595 994 nummariae.

289 1029 478 1093 Secreturrirs
488 1031 613 1110 collegii
624 1030 767 1091 inscribit
778 1049 888 1092 omnes
899 1031 1154 1104 deliberationes,
1169 1030 1245 1091 item

230 1135 320 1193 actus
335 1147 549 1209 quoscumque
563 1128 797 1204 fundationum,
815 1129 924 1190 titulos
934 1127 1055 1207 jurium
1070 1127 1245 1208 parochiae,

230 1227 416 1302 locationes,
431 1232 462 1288 et
474 1227 649 1304 generatim
662 1232 775 1287 cuncta
790 1245 861 1306 quae
877 1245 896 1286 a
909 1227 1042 1305 collegio
1057 1225 1246 1306 praefiniun·

230 1329 293 1385 tur.
310 1325 412 1404 ipsius
426 1329 474 1385 est
488 1325 591 1385 facere
604 1323 803 1384 recensiones
815 1341 870 1384 seu
884 1322 1062 1384 inventaria
1077 1324 1116 1384 de
1131 1322 1248 1402 quibus

231 1422 338 1496 modo,
352 1427 385 1482 et
401 1421 544 1499 redigere
557 1421 590 1481 in
603 1421 729 1482 tabulas
741 1420 879 1481 rationes
895 1420 1113 1500 impensarum
1127 1425 1157 1480 et
1169 1419 1248 1480 red·

167 1567 169 1570 .
231 1518 368 1593 (lituum,
383 1519 548 1597 dequibus
563 1522 680 1579 statuet
695 1518 860 1579 consilium
872 1517 1012 1579 labricae.

295 1617 515 1679 Thesaurus-ius
534 1617 680 1695 invigilat
699 1616 933 1678 conservationi
952 1622 983 1678 et
997 1615 1174 1696 integritati
1188 1616 1248 1676 bo·

232 1734 348 1777 norum
375 1715 548 1796 parochiae,
578 1734 618 1776 ne
645 1715 846 1776 servitutibus
875 1720 930 1776 aut
956 1711 1250 1794 praescriptionibus

233 1813 430 1893 subjaceant,
453 1832 493 1874 ne
514 1813 755 1890 deteriorentur,
774 1813 876 1874 aliave
892 1830 988 1874 causa
1004 1811 1248 1873 imminuantur.

233 1912 409 1973 Procurare
431 1915 558 1972 tenetur
580 1917 616 1971 ut
635 1910 831 1990 recipiantur
852 1909 950 1970 annui
969 1909 1122 1982 redditus,
1146 1909 1250 1970 aliave

234 2009 374 2071 subsidia
396 2008 532 2088 cujusvis
553 2007 677 2087 generis
703 2026 773 2087 quae
793 2007 923 2070 fabricae
944 2006 1094 2068 obvenire
1118 2007 1248 2068 debent.

232 2106 335 2184 Ipsius
354 2111 402 2166 est
420 2107 523 2168 lacere
537 2125 646 2167 omnes
663 2105 823 2185 impensas
841 2123 912 2185 quse
932 2123 951 2165 a
971 2104 1101 2166 consilio
1120 2103 1250 2166 fabricae

233 2203 368 2265 decretae
387 2209 471 2265 sunt.
497 2204 646 2265 Providet
667 2202 860 2283 quotidianis
884 2201 1123 2264 necessitatibus
1146 2200 1250 2262 cultus

234 2301 365 2380 publici,
382 2306 414 2363 et
426 2301 592 2362 mobilium
604 2299 836 2362 instaurationi.

296 2399 396 2470 Quam
417 2417 513 2477 grave
537 2416 617 2460 onus
638 2398 803 2460 incumbat
824 2397 1033 2471 thesaurario,
1059 2396 1251 2458 sufficienter

160 2496 166 2508 '
235 2497 428 2574 comperitur
442 2515 481 2558 ex
491 2495 547 2557 illa
559 2495 730 2556 summaria
740 2513 846 2556 rerum
856 2495 1058 2556 indicatione.
1069 2497 1211 2554 Tenetur
1219 2493 1251 2554 in

233 2593 303 2653 loro
317 2593 515 2655 conscientiae
530 2611 638 2654 curam
652 2592 794 2653 sedulam
802 2592 987 2676 impendere
1000 2591 1034 2652 in
1046 2591 1251 2669 negotiorum

235 2691 386 2768 gestione,
408 2710 447 2752 ne
471 2691 611 2752 Ecclesia
638 2690 863 2751 detrimentum
881 2689 1041 2769 patiatur;
1058 2694 1091 2750 et
1112 2689 1252 2768 graviter

236 2792 461 2867 peccatcontra
467 2789 616 2850 virtutem
630 2787 791 2866 religionis
805 2792 837 2848 et
843 2786 976 2868 justitiae
987 2786 1013 2846 si
1026 2806 1083 2848 sua
1093 2787 1189 2865 culpa
1203 2804 1252 2847 res

235 2885 363 2946 fabricae
375 2892 518 2964 pereant.
531 2888 699 2960 Praeterea,
712 2885 867 2947 rationem
878 2901 944 2945 suae
957 2883 1250 2958 administrationis,

236 3000 346 3044 eornm
361 3001 474 3062 nempe
487 3001 558 3063 quae
573 2983 692 3063 recepit
705 2988 735 3044 et
750 3001 821 3062 quea
835 2982 995 3063 expendit,
1007 2981 1157 3042 exhibere
1167 2985 1253 3042 tene-

236 3087 288 3141 tur
303 3069 436 3159 singulis
451 3081 674 3156 trimestribus,
690 3086 726 3142 ut
739 3081 834 3160 plane
849 3080 1028 3144 innotescat
1043 3096 1137 3140 verus
1149 3083 1251 3139 status
1319 3121 1320 3156 ,

238 3196 364 3255 rerum3
381 3179 512 3258 singulis
525 3183 630 3240 autem
642 3179 733 3239 annis
747 3179 903 3240 rationem
913 3177 1019 3238 reddit
1033 3175 1184 3255 gestionis
1196 3193 1253 3255 per
1319 3169 1320 3196 ³

238 3295 356 3338 annum
371 3277 539 3354 integrum.
558 3276 591 3338 Si
605 3277 685 3337 forte
701 3275 848 3337 abnuerit
860 3275 911 3335 vel
928 3293 968 3334 ex
983 3273 1141 3335 industria
1152 3273 1251 3334 distu-

237 3374 311 3436 lerit
325 3374 491 3448 rationem,
509 3374 580 3452 cogi
597 3379 735 3454 potesta
753 3372 977 3446 tribunalibus
993 3376 1090 3452 prout
1104 3371 1252 3432 statuitur

239 3473 271 3534 in
293 3479 353 3535 art.
374 3472 414 3534 90
435 3472 554 3534 decreti
574 3491 625 3534 an.
649 3473 738 3534 1809.
763 3496 777 3526 «
796 3474 894 3533 Faute
913 3489 972 3550 par
992 3470 1022 3531 le
1045 3469 1195 3530 tresorier
1214 3469 1250 3529 de

242 3594 258 3627 «
276 3575 437 3650 presenter
454 3587 509 3632 son
525 3576 651 3649 compte
666 3573 685 3630 a
704 3569 850 3648 l'epoque
865 3569 947 3630 duee
965 3573 995 3628 et
1016 3567 1088 3628 d’en
1107 3584 1206 3646 payer
1223 3566 1250 3626 le

243 3691 259 3722 «
274 3667 420 3746 reliquat,
438 3667 520 3730 celui
538 3669 591 3747 qui
606 3668 652 3728 lui
667 3666 836 3728 succedere
850 3685 921 3728 sera
933 3671 1008 3727 tenu
1024 3665 1064 3725 dc
1079 3665 1159 3726 faire
1176 3664 1250 3724 dans
