2632 4260
199 255 216 307 2
526 257 599 306 rans
620 257 653 306 11.
675 257 712 306 rr
733 256 886 308 reasons.
915 237 920 268 *

257 375 364 436 Glerus
391 373 529 454 primum
553 375 659 436 locum
681 379 779 450 tenet,
808 381 917 456 utpote
944 366 1063 457 qui'ad
1086 394 1209 438 sacram

197 473 410 536 hierarchiam
423 473 571 554 pertinet,
588 475 640 535 cui
650 475 818 536 commissa
832 480 905 536 sunt
920 474 1117 556 dispensatio
1132 494 1215 556 mys·

197 573 349 635 teriorum
378 578 409 635 et
446 573 588 652 regimen
621 573 780 636 societatis
812 572 1019 651 christianae3
1052 575 1214 654 regulares

197 658 372 737 secundnm
387 665 494 735 locam
507 663 667 751 occupant
685 686 693 732 τ
715 673 802 736 clero
822 677 896 734 sunt
911 671 946 734 i'n
963 671 1158 751 adjutorium
1173 672 1216 734 ad

198 770 440 832 aedificationem
462 769 614 848 fidelium,
634 776 667 831 et
685 770 816 832 odorem
828 761 947 832 Christi
965 787 1023 851 per
1039 771 1213 832 Ecclesiam

197 867 378 930 diffundunt
391 867 580 930 eximiarum
594 869 748 930 virtutum
763 867 982 947 abnegationis
995 869 1212 944 cultu3tertio
1308 905 1313 914 ·

197 967 268 1029 loco
302 967 433 1030 veniunt
461 967 545 1030 laici.
572 969 687 1030 Omnes
709 987 796 1043 vero,
821 967 855 1030 in
877 986 1083 1049 quocumque
1111 969 1213 1047 gradu

198 1065 382 1142 consistant,
392 1065 530 1128 mirabili
539 1066 662 1128 unitate
673 1065 767 1127 simul
781 1064 1004 1128 consociantur
1021 1087 1035 1126 a
1043 1067 1077 1128 in
1089 1066 1144 1128 illo
1155 1085 1214 1146 per

200 1190 216 1224 a
232 1165 340 1228 omnia
354 1165 409 1245 qui
431 1171 479 1226 est
502 1167 599 1245 caput
625 1165 777 1241 Christus
805 1184 845 1226 ex
871 1184 933 1245 quo
962 1170 1065 1227 totum
1096 1184 1212 1245 corpus

200 1285 216 1322 a
230 1269 431 1346 compactam
445 1267 478 1325 ct
487 1282 666 1325 connexum
676 1282 734 1344 per
749 1281 876 1325 omnem
890 1262 1073 1342 juncturam
1087 1263 1209 1342 submi·

199 1388 216 1422 «
231 1363 618 1438 nistrationis,seonndt1m
632 1363 852 1443 operationem
865 1362 898 1423 in
911 1381 1094 1425 mensuram
1104 1363 1212 1424 unius·

200 1487 216 1519 «
231 1462 383 1543 cujusque
399 1461 543 1536 membri,
561 1466 767 1540 augmentum
781 1460 924 1542 corporis
937 1460 1016 1522 facit
1029 1461 1062 1522 in
1077 1461 1213 1523 adifica-

101 1598 102 1602 =
199 1561 350 1623 «tionem
368 1559 417 1621 sui
428 1558 628 1650 incharitate.
645 1583 662 1618 »
682 1556 740 1640 (S.
756 1559 886 1634 PantuS,
903 1557 1009 1640 Epist.
1033 1579 1052 1622 a
1071 1558 1203 1642 Epora,

200 1686 216 1719 «
231 1679 262 1724 tv
279 1708 286 1737 ,
302 1657 365 1739 tss.)
