2642 4268
184 220 252 271 ΔΗΤ.
270 220 305 268 11.
327 220 522 282 commolita,
542 219 755 270 accusatorius
774 220 811 269 EI*
829 220 1003 269 antemon.
1046 213 1099 270 545

86 339 122 401 S.
137 336 300 400 Pontificis
314 341 346 400 et
358 336 595 418 Episcoporum.
612 336 748 416 Regulos
768 337 934 399 canonicas
956 337 995 399 de
1021 357 1098 402 ccu-

83 456 182 499 cursu
193 436 387 498 instituendo
401 454 460 517 pro
473 435 632 498 beneflciis
646 435 882 516 parochialibus
897 436 1099 516 exposuimus

84 536 122 596 in
137 535 248 597 eadem
262 539 363 615 parte,
381 534 415 595 in
435 533 573 596 sectione
590 534 629 594 de
649 531 811 596 Parochis.
838 524 987 614 Superest
1003 538 1039 596 ut
1058 535 1098 597 de

84 635 192 696 forma
207 633 361 695 servanda
372 632 406 694 in
419 632 589 694 collatione
604 631 752 712 quaednm
764 630 930 693 'addamus

148 732 223 795 Jure
234 731 395 794 communi
405 731 493 792 nullo
503 731 606 791 forma
616 729 759 809 specialis
771 729 984 810 praescribitur
994 729 1027 791 in
1037 730 1100 793 col·

84 830 206 893 latione
225 829 463 893 beneficiorum.
499 829 574 891 Sola
590 827 701 908 regule
719 827 886 907 generalis,
905 829 997 908 praxi
1017 848 1094 891 con·

86 927 342 1006 stanti-omnium
354 921 1106 1006 Ecclesiarumrecepte,cstnullumbencticium¹

82 1025 223 1086 conferri
236 1026 302 1086 sine
316 1025 430 1086 litteris
445 1023 634 1086 authenticis
649 1024 763 1104 quibus
777 1024 924 1086 voluntas
939 1024 1100 1087 collatoris

84 1128 119 1184 et
138 1123 206 1204 ipse
225 1129 313 1184 actus
331 1123 518 1198 collationis,
537 1123 656 1201 absque
671 1123 877 1202 ambiguitate
892 1122 1098 1207 significetur,
1159 1195 1163 1202 ⁴

84 1221 168 1283 adeo
188 1226 224 1282 ut
242 1221 348 1282 nullus
366 1219 582 1282 admittendus
601 1220 642 1281 sit
659 1221 692 1282 in
707 1221 852 1282 beneficii
868 1220 1098 1300 possessionem

85 1319 156 1380 sine
167 1319 284 1380 eisdem
295 1319 407 1381 litteris
417 1318 570 1399 expeditis
583 1323 614 1380 et
624 1317 782 1381 exhibitis.
792 1319 916 1380 Litterae
930 1318 1103 1398 praeferunt
1132 1309 1135 1314 ’

85 1432 205 1478 nomen
231 1422 326 1496 atque
350 1417 536 1496 dignitatem
564 1415 751 1491 collatorisp
767 1415 947 1495 exprimunt
973 1416 1101 1478 titulum

86 1517 186 1594 atque
200 1520 347 1576 naturam
358 1514 515 1590 beneficii,
531 1513 704 1576 Ecclesiam
721 1513 776 1574 ubi
794 1512 889 1575 situm
908 1519 966 1590 est,
985 1532 1102 1582 nomen

86 1612 196 1674 clerici
209 1613 261 1674 cui
276 1614 446 1689 confertur,
464 1612 549 1674 diem
565 1618 595 1674 et
610 1631 729 1674 annum
744 1632 807 1692 quo
820 1613 961 1692 perfecte
975 1617 1022 1674 est
1036 1611 1103 1674 col·

85 1709 177 1786 latio,
195 1728 268 1773 cum
281 1711 509 1795 subscriptione
524 1709 696 1784 collatoris,
709 1709 812 1790 sigillo
828 1711 1014 1792 plerumque
1029 1723 1102 1772 mu-

85 1807 168 1884 nita,
185 1814 241 1871 aut
255 1809 368 1872 saltem
383 1808 612 1888 subscriptione
628 1807 819 1871 cancellarii.

147 1907 328 1969 Bonifacius
339 1908 409 1970 VIII
421 1905 595 1982 interdixit,
612 1905 835 1968 constitutione
848 1909 1001 1986 perpetuo
1015 1904 1098 1966 vali-

84 2009 171 2082 tura,
198 2021 240 2066 ne
258 2005 405 2086 Episcopi
431 2010 462 2066 et
489 2003 544 2066 alii
571 2003 696 2084 praelati
722 2003 910 2085 superiores,
935 2003 990 2084 qui
1017 2001 1104 2082 apud
1227 2007 1237 2020 '

84 2101 203 2164 Sedem
214 2102 429 2183 Apostolicam
444 2107 681 2182 promoventur,
698 2107 752 2162 aut
762 2102 802 2162 ab
816 2120 853 2162 en
862 2120 977 2162 munus
987 2100 1100 2163 confir·
1170 2159 1172 2164 ,
1280 2179 1287 2197 ⁶

84 2198 238 2261 matianis
263 2199 432 2280 recipiunt,
453 2199 594 2278 regimen
623 2198 835 2262 Ecclesiarum
858 2217 910 2260 seu
938 2199 1096 2260 bonorum

85 2296 375 2360 ecclesiasticorum
392 2297 697 2359 administrationem
712 2315 874 2377 capessere
890 2300 1097 2377 praesument‚

85 2393 208 2474 absque
220 2394 332 2456 litteris
348 2394 538 2456 authenticis
548 2413 659 2456 eorum
667 2395 911 2474 promotionem,
921 2412 976 2454 seu
985 2393 1102 2454 confir·

86 2491 272 2566 mationem,
285 2492 530 2555 continentibus.
542 2493 661 2554 Eadem
675 2493 897 2554 constitutione
908 2491 1105 2552 animadver-

86 2589 167 2651 titur
185 2596 297 2652 contra
314 2609 423 2652 omnes
443 2591 498 2672 qui
515 2591 686 2671 Episcopos
705 2591 883 2670 reciperent
904 2589 970 2651 sine
992 2589 1106 2652 litteris

87 2689 279 2768 apostoIIcis,
295 2694 351 2750 aut
361 2689 405 2750 eis
420 2695 584 2774 parerent3
602 2689 678 2768 quin
690 2689 820 2768 insuper
834 2689 1018 2768 capitula‘et
1030 2707 1105 2750 con-

87 2790 202 2850 ventus
216 2787 410 2855 mulctantur
423 2806 518 2869 poeua
533 2786 745 2867 suspensionis
760 2806 779 2848 a
793 2787 1016 2848 benefioIorum
1031 2805 1104 2849 suo·

87 2902 161 2945 rum
174 2885 390 2964 perceptione,
402 2890 434 2947 et
443 2885 777 2948 excommunicationis
788 2885 917 2964 maj0ris
927 2884 1106 2964 specialiter

85 2987 255 3043 reservata
271 2984 303 3044 S.
321 2983 478 3045 Pontifici.
494 2983 582 3064 (Gap.
599 2982 759 3063 Injunctae,
770 3001 808 3044 nn
821 2985 1006 3056 Euncrroun,
1023 2982 1106 3043 inter

85 3080 216 3141 Extrav.
241 3098 435 3144 communes,
460 3082 564 3143 Gonst.
587 3079 765 3161 Apostolc'cce
786 3079 873 3143 Sedis
880 3098 894 3160 ,·
908 3086 940 3142 et
953 3079 1107 3142 Romanus

84 3175 244 3257 Pontrscae,
261 3180 301 3240 28
317 3198 391 3257 aug.
410 3180 507 3252 18733
525 3193 559 3238 n⁰
575 3178 659 3257 795).

148 3276 193 3337 De
206 3276 365 3338 beneflciis
380 3276 555 3338 minoribus
567 3293 586 3336 e
596 3275 628 3336 S.
644 3276 794 3338 Pontifice
809 3277 1018 3351 conferendis,
1032 3279 1105 3338 sunt

83 3371 184 3434 etiam
203 3374 322 3453 regulae
342 3374 540 3437 cancellariae
562 3391 632 3455 quae
654 3375 842 3454 rescriptum
857 3376 1022 3456 requirunt
1042 3391 1100 3453 pro

85 3469 249 3533 beneficiis
272 3472 448 3534 minoribus
469 3491 489 3534 a
510 3473 541 3534 S.
566 3471 720 3534 Pontifice
740 3473 948 3548 conferendis,
965 3474 1044 3534 adeo
1067 3475 1103 3532 ut

87 3584 182 3628 nemo
196 3569 288 3630 aliter
299 3569 404 3632 valeat
414 3589 446 3632 se
460 3569 494 3632 in
502 3569 606 3631 'officii
619 3570 762 3650 regimen
775 3571 932 3650 ingerere,
944 3576 976 3632 et
985 3571 1105 3632 tructus

86 3662 234 3726 beneficii
250 3665 311 3727 sibi
330 3666 502 3730 vindicare.
518 3669 629 3745 Porro,
646 3669 793 3731 Pontifex
808 3669 928 3748 dupIIci
940 3668 1036 3730 modo
1051 3666 1105 3728 lit-
