<?xml version="1.0" encoding="UTF-8"?>
<!DOCTYPE html PUBLIC "-//W3C//DTD XHTML 1.0 Transitional//EN"
    "http://www.w3.org/TR/xhtml1/DTD/xhtml1-transitional.dtd">
<html xmlns="http://www.w3.org/1999/xhtml" xml:lang="en" lang="en">
 <head>
  <title>
</title>
<meta http-equiv="Content-Type" content="text/html;charset=utf-8" />
  <meta name='ocr-system' content='tesseract 3.04.00' />
  <meta name='ocr-capabilities' content='ocr_page ocr_carea ocr_par ocr_line ocrx_word'/>
</head>
<body>
  <div class='ocr_page' id='page_1' title='image "./praelectionesju00murrgoog_0237.png"; bbox 0 0 2588 4276; ppageno 0'>
   <div class='ocr_carea' id='block_1_1' title="bbox 232 219 909 275">
    <p class='ocr_par' dir='ltr' id='par_1_1' title="bbox 232 219 909 275">
     <span class='ocr_line' id='line_1_1' title="bbox 232 219 909 275; baseline -0.001 -2"><span class='ocrx_word' id='word_1_1' title='bbox 232 219 285 274; x_wconf 66' lang='lat'><strong>224</strong></span> <span class='ocrx_word' id='word_1_2' title='bbox 571 226 646 275; x_wconf 76' lang='lat' dir='ltr'><strong>PARS</strong></span> <span class='ocrx_word' id='word_1_3' title='bbox 667 225 701 274; x_wconf 90' lang='grc'><strong>11.</strong></span> <span class='ocrx_word' id='word_1_4' title='bbox 724 225 909 274; x_wconf 76' lang='lat' dir='ltr'><strong>REGULARES.</strong></span> 
     </span>
    </p>
   </div>
   <div class='ocr_carea' id='block_1_2' title="bbox 193 343 1282 1802">
    <p class='ocr_par' dir='ltr' id='par_1_2' title="bbox 193 343 1282 1802">
     <span class='ocr_line' id='line_1_2' title="bbox 232 343 1232 422; baseline 0 -16"><span class='ocrx_word' id='word_1_5' title='bbox 232 346 291 406; x_wconf 85' lang='lat' dir='ltr'><strong>bas</strong></span> <span class='ocrx_word' id='word_1_6' title='bbox 314 344 451 422; x_wconf 87' lang='lat' dir='ltr'><strong>virgines</strong></span> <span class='ocrx_word' id='word_1_7' title='bbox 469 363 533 406; x_wconf 91' lang='lat' dir='ltr'><strong>non</strong></span> <span class='ocrx_word' id='word_1_8' title='bbox 558 362 624 406; x_wconf 88' lang='lat' dir='ltr'><strong>esse</strong></span> <span class='ocrx_word' id='word_1_9' title='bbox 645 362 719 405; x_wconf 86' lang='lat' dir='ltr'><strong>vere</strong></span> <span class='ocrx_word' id='word_1_10' title='bbox 740 343 913 421; x_wconf 87' lang='lat' dir='ltr'><strong>religiosas,</strong></span> <span class='ocrx_word' id='word_1_11' title='bbox 936 349 968 405; x_wconf 89' lang='lat' dir='ltr'><strong>et</strong></span> <span class='ocrx_word' id='word_1_12' title='bbox 991 345 1023 406; x_wconf 86' lang='lat' dir='ltr'><strong>S.</strong></span> <span class='ocrx_word' id='word_1_13' title='bbox 1046 343 1191 404; x_wconf 76' lang='lat' dir='ltr'>Pontifex</span> <span class='ocrx_word' id='word_1_14' title='bbox 1209 347 1232 406; x_wconf 92' lang='lat' dir='ltr'><strong>iu</strong></span> 
     </span>
     <span class='ocr_line' id='line_1_3' title="bbox 234 442 1233 523; baseline 0 -18"><span class='ocrx_word' id='word_1_15' title='bbox 234 444 456 506; x_wconf 87' lang='lat' dir='ltr'><strong>constitutione</strong></span> <span class='ocrx_word' id='word_1_16' title='bbox 483 461 577 523; x_wconf 90' lang='lat' dir='ltr'><strong>super</strong></span> <span class='ocrx_word' id='word_1_17' title='bbox 605 442 791 503; x_wconf 87' lang='lat' dir='ltr'><strong>earumdem</strong></span> <span class='ocrx_word' id='word_1_18' title='bbox 819 442 977 520; x_wconf 87' lang='lat' dir='ltr'><strong>virginum</strong></span> <span class='ocrx_word' id='word_1_19' title='bbox 1007 446 1233 505; x_wconf 76' lang='lat' dir='ltr'>conservatoriis</span> 
     </span>
     <span class='ocr_line' id='line_1_4' title="bbox 237 540 1233 621; baseline -0.001 -18"><span class='ocrx_word' id='word_1_20' title='bbox 237 542 331 616; x_wconf 90' lang='lat' dir='ltr'><strong>edita,</strong></span> <span class='ocrx_word' id='word_1_21' title='bbox 349 559 414 604; x_wconf 91' lang='lat' dir='ltr'><strong>non</strong></span> <span class='ocrx_word' id='word_1_22' title='bbox 430 541 523 603; x_wconf 84' lang='lat' dir='ltr'><strong>aliern</strong></span> <span class='ocrx_word' id='word_1_23' title='bbox 539 540 693 601; x_wconf 88' lang='lat' dir='ltr'><strong>rationem</strong></span> <span class='ocrx_word' id='word_1_24' title='bbox 704 541 807 613; x_wconf 86' lang='lat' dir='ltr'><strong>aliert,</strong></span> <span class='ocrx_word' id='word_1_25' title='bbox 820 540 880 600; x_wconf 93' lang='lat' dir='ltr'><strong>nisi</strong></span> <span class='ocrx_word' id='word_1_26' title='bbox 894 541 981 621; x_wconf 89' lang='lat' dir='ltr'><strong>quod</strong></span> <span class='ocrx_word' id='word_1_27' title='bbox 998 566 1013 596; x_wconf 92' lang='lat'>«</span> <span class='ocrx_word' id='word_1_28' title='bbox 1024 541 1063 601; x_wconf 89' lang='lat' dir='ltr'><strong>ad</strong></span> <span class='ocrx_word' id='word_1_29' title='bbox 1079 541 1233 603; x_wconf 82' lang='lat' dir='ltr'>essentiam</span> 
     </span>
     <span class='ocr_line' id='line_1_5' title="bbox 238 637 1234 717; baseline 0.004 -21"><span class='ocrx_word' id='word_1_30' title='bbox 238 663 253 696; x_wconf 90' lang='lat'>«</span> <span class='ocrx_word' id='word_1_31' title='bbox 269 645 369 701; x_wconf 87' lang='lat' dir='ltr'><strong>status</strong></span> <span class='ocrx_word' id='word_1_32' title='bbox 389 659 462 700; x_wconf 86' lang='lat' dir='ltr'><strong>rere</strong></span> <span class='ocrx_word' id='word_1_33' title='bbox 483 637 621 716; x_wconf 87' lang='lat' dir='ltr'><strong>religiosi</strong></span> <span class='ocrx_word' id='word_1_34' title='bbox 642 637 812 716; x_wconf 78' lang='lat' dir='ltr'><strong>requiritur</strong></span> <span class='ocrx_word' id='word_1_35' title='bbox 829 644 863 699; x_wconf 88' lang='lat' dir='ltr'><strong>ut</strong></span> <span class='ocrx_word' id='word_1_36' title='bbox 882 638 1005 717; x_wconf 88' lang='lat' dir='ltr'><strong>religio,</strong></span> <span class='ocrx_word' id='word_1_37' title='bbox 1029 657 1085 700; x_wconf 91' lang='lat' dir='ltr'><strong>seu</strong></span> <span class='ocrx_word' id='word_1_38' title='bbox 1107 639 1193 714; x_wconf 88' lang='lat' dir='ltr'><strong>ordo,</strong></span> <span class='ocrx_word' id='word_1_39' title='bbox 1209 641 1234 700; x_wconf 90' lang='lat' dir='ltr'><strong>in</strong></span> 
     </span>
     <span class='ocr_line' id='line_1_6' title="bbox 237 735 1274 838; baseline 0.004 -44"><span class='ocrx_word' id='word_1_40' title='bbox 237 738 451 820; x_wconf 87' lang='lat' dir='ltr'><strong>«hujusmodi</strong></span> <span class='ocrx_word' id='word_1_41' title='bbox 470 743 564 812; x_wconf 85' lang='lat' dir='ltr'><strong>statu,</strong></span> <span class='ocrx_word' id='word_1_42' title='bbox 583 735 772 816; x_wconf 81' lang='lat' dir='ltr'><strong>Apostolicae</strong></span> <span class='ocrx_word' id='word_1_43' title='bbox 793 736 882 798; x_wconf 88' lang='lat' dir='ltr'><strong>Sedis</strong></span> <span class='ocrx_word' id='word_1_44' title='bbox 897 737 1140 798; x_wconf 84' lang='lat' dir='ltr'><strong>confirmatione</strong></span> <span class='ocrx_word' id='word_1_45' title='bbox 1153 738 1235 798; x_wconf 88' lang='lat' dir='ltr'><strong>stabi·</strong></span> <span class='ocrx_word' id='word_1_46' title='bbox 1273 743 1274 838; x_wconf 61' lang='lat' dir='ltr'><strong>t</strong></span> 
     </span>
     <span class='ocr_line' id='line_1_7' title="bbox 239 832 1275 940; baseline -0.001 -44"><span class='ocrx_word' id='word_1_47' title='bbox 239 859 254 896; x_wconf 88' lang='grc'><strong>1</strong></span> <span class='ocrx_word' id='word_1_48' title='bbox 265 837 370 914; x_wconf 89' lang='lat' dir='ltr'><strong>liatur,</strong></span> <span class='ocrx_word' id='word_1_49' title='bbox 385 859 400 894; x_wconf 83' lang='lat' dir='ltr'><strong>u</strong></span> <span class='ocrx_word' id='word_1_50' title='bbox 415 841 446 898; x_wconf 89' lang='lat' dir='ltr'><strong>et</strong></span> <span class='ocrx_word' id='word_1_51' title='bbox 459 836 543 916; x_wconf 91' lang='lat' dir='ltr'><strong>quod</strong></span> <span class='ocrx_word' id='word_1_52' title='bbox 554 835 734 896; x_wconf 88' lang='lat' dir='ltr'><strong>institutum</strong></span> <span class='ocrx_word' id='word_1_53' title='bbox 746 832 826 896; x_wconf 92' lang='lat' dir='ltr'><strong>illud</strong></span> <span class='ocrx_word' id='word_1_54' title='bbox 838 853 902 896; x_wconf 93' lang='lat' dir='ltr'><strong>non</strong></span> <span class='ocrx_word' id='word_1_55' title='bbox 914 835 960 898; x_wconf 93' lang='lat' dir='ltr'><strong>ita</strong></span> <span class='ocrx_word' id='word_1_56' title='bbox 975 837 1080 896; x_wconf 84' lang='lat' dir='ltr'><strong>fuerat</strong></span> <span class='ocrx_word' id='word_1_57' title='bbox 1096 837 1232 897; x_wconf 87' lang='lat' dir='ltr'><strong>aSanctu</strong></span> <span class='ocrx_word' id='word_1_58' title='bbox 1274 859 1275 940; x_wconf 52' lang='lat' dir='ltr'><strong>p</strong></span> 
     </span>
     <span class='ocr_line' id='line_1_8' title="bbox 236 931 1276 1046; baseline -0.006 -47"><span class='ocrx_word' id='word_1_59' title='bbox 236 935 315 999; x_wconf 90' lang='lat' dir='ltr'><strong>Sede</strong></span> <span class='ocrx_word' id='word_1_60' title='bbox 326 935 536 1015; x_wconf 90' lang='lat' dir='ltr'><strong>approbatum</strong></span> <span class='ocrx_word' id='word_1_61' title='bbox 548 934 581 995; x_wconf 91' lang='lat' dir='ltr'><strong>in</strong></span> <span class='ocrx_word' id='word_1_62' title='bbox 594 939 676 995; x_wconf 90' lang='lat' dir='ltr'><strong>statu</strong></span> <span class='ocrx_word' id='word_1_63' title='bbox 690 951 772 995; x_wconf 86' lang='lat' dir='ltr'><strong>verae</strong></span> <span class='ocrx_word' id='word_1_64' title='bbox 787 933 959 1011; x_wconf 78' lang='lat' dir='ltr'><strong>religionis,</strong></span> <span class='ocrx_word' id='word_1_65' title='bbox 974 932 1093 1014; x_wconf 83' lang='lat' dir='ltr'><strong>(Gonst.</strong></span> <span class='ocrx_word' id='word_1_66' title='bbox 1109 931 1236 1008; x_wconf 74' lang='lat' dir='ltr'><strong>Quamne</strong></span> <span class='ocrx_word' id='word_1_67' title='bbox 1275 973 1276 1046; x_wconf 37' lang='lat' dir='ltr'><strong>p</strong></span> 
     </span>
     <span class='ocr_line' id='line_1_9' title="bbox 238 1031 615 1112; baseline -0.003 -18"><span class='ocrx_word' id='word_1_68' title='bbox 238 1034 329 1111; x_wconf 75' lang='lat' dir='ltr'><strong>justo,</strong></span> <span class='ocrx_word' id='word_1_69' title='bbox 346 1037 361 1111; x_wconf 82' lang='lat'>§</span> <span class='ocrx_word' id='word_1_70' title='bbox 379 1033 427 1109; x_wconf 90' lang='grc'><strong>13,</strong></span> <span class='ocrx_word' id='word_1_71' title='bbox 444 1050 495 1095; x_wconf 85' lang='lat' dir='ltr'><strong>an.</strong></span> <span class='ocrx_word' id='word_1_72' title='bbox 512 1031 615 1112; x_wconf 82' lang='lat' dir='ltr'><strong>trte.)</strong></span> 
     </span>
     <span class='ocr_line' id='line_1_10' title="bbox 293 1129 1238 1212; baseline -0.003 -19"><span class='ocrx_word' id='word_1_73' title='bbox 293 1134 363 1193; x_wconf 81' lang='lat' dir='ltr'><strong>tte.</strong></span> <span class='ocrx_word' id='word_1_74' title='bbox 391 1166 431 1177; x_wconf 90' lang='lat'>-</span> <span class='ocrx_word' id='word_1_75' title='bbox 452 1131 505 1194; x_wconf 83' lang='lat' dir='ltr'><strong>VI⁰</strong></span> <span class='ocrx_word' id='word_1_76' title='bbox 533 1130 640 1194; x_wconf 76' lang='lat' dir='ltr'><strong>Uerum</strong></span> <span class='ocrx_word' id='word_1_77' title='bbox 660 1140 730 1192; x_wconf 84' lang='lat' dir='ltr'><strong>noto</strong></span> <span class='ocrx_word' id='word_1_78' title='bbox 753 1130 961 1212; x_wconf 57' lang='lat' dir='ltr'><strong>religiosorum</strong></span> <span class='ocrx_word' id='word_1_79' title='bbox 985 1139 1013 1194; x_wconf 81' lang='lat' dir='ltr'><strong>et</strong></span> <span class='ocrx_word' id='word_1_80' title='bbox 1031 1129 1238 1194; x_wconf 70' lang='lat' dir='ltr'><strong>monteliano</strong></span> 
     </span>
     <span class='ocr_line' id='line_1_11' title="bbox 232 1202 1278 1292; baseline -0.006 0"><span class='ocrx_word' id='word_1_81' title='bbox 232 1228 586 1292; x_wconf 49' lang='lat' dir='ltr'><strong>‘Galliastntsotemmnt</strong></span> <span class='ocrx_word' id='word_1_82' title='bbox 1277 1202 1278 1258; x_wconf 48' lang='lat'>¹</span> 
     </span>
     <span class='ocr_line' id='line_1_12' title="bbox 295 1318 1279 1408; baseline -0.003 -19"><span class='ocrx_word' id='word_1_83' title='bbox 295 1328 430 1402; x_wconf 80' lang='lat' dir='ltr'><strong>Quaestio</strong></span> <span class='ocrx_word' id='word_1_84' title='bbox 449 1329 507 1390; x_wconf 90' lang='lat' dir='ltr'><strong>sub</strong></span> <span class='ocrx_word' id='word_1_85' title='bbox 528 1328 646 1408; x_wconf 82' lang='lat' dir='ltr'><strong>duplici</strong></span> <span class='ocrx_word' id='word_1_86' title='bbox 665 1334 810 1408; x_wconf 88' lang='lat' dir='ltr'><strong>respectu</strong></span> <span class='ocrx_word' id='word_1_87' title='bbox 829 1329 979 1392; x_wconf 89' lang='lat' dir='ltr'><strong>solvenda</strong></span> <span class='ocrx_word' id='word_1_88' title='bbox 1000 1332 1072 1391; x_wconf 86' lang='lat' dir='ltr'><strong>est:</strong></span> <span class='ocrx_word' id='word_1_89' title='bbox 1091 1330 1124 1388; x_wconf 75' lang='lat' dir='ltr'><strong>to</strong></span> <span class='ocrx_word' id='word_1_90' title='bbox 1144 1332 1236 1388; x_wconf 91' lang='lat' dir='ltr'><strong>utrum</strong></span> <span class='ocrx_word' id='word_1_91' title='bbox 1278 1318 1279 1368; x_wconf 74' lang='lat' dir='ltr'><strong>l</strong></span> 
     </span>
     <span class='ocr_line' id='line_1_13' title="bbox 235 1427 1280 1506; baseline -0.005 -17"><span class='ocrx_word' id='word_1_92' title='bbox 235 1445 302 1489; x_wconf 88' lang='lat' dir='ltr'><strong>esse</strong></span> <span class='ocrx_word' id='word_1_93' title='bbox 315 1427 436 1506; x_wconf 79' lang='lat' dir='ltr'><strong>possint</strong></span> <span class='ocrx_word' id='word_1_94' title='bbox 451 1432 524 1488; x_wconf 89' lang='lat' dir='ltr'><strong>vota</strong></span> <span class='ocrx_word' id='word_1_95' title='bbox 538 1427 690 1489; x_wconf 86' lang='lat' dir='ltr'><strong>solemnia</strong></span> <span class='ocrx_word' id='word_1_96' title='bbox 705 1427 925 1506; x_wconf 88' lang='lat' dir='ltr'><strong>religiosorum</strong></span> <span class='ocrx_word' id='word_1_97' title='bbox 943 1427 976 1487; x_wconf 93' lang='lat' dir='ltr'><strong>in</strong></span> <span class='ocrx_word' id='word_1_98' title='bbox 995 1432 1082 1489; x_wconf 91' lang='lat' dir='ltr'><strong>statu</strong></span> <span class='ocrx_word' id='word_1_99' title='bbox 1100 1427 1237 1506; x_wconf 83' lang='lat' dir='ltr'><strong>praesenti</strong></span> <span class='ocrx_word' id='word_1_100' title='bbox 1279 1432 1280 1484; x_wconf 86' lang='lat' dir='ltr'><strong>l</strong></span> 
     </span>
     <span class='ocr_line' id='line_1_14' title="bbox 234 1524 1281 1610; baseline -0.002 -24"><span class='ocrx_word' id='word_1_101' title='bbox 234 1543 340 1587; x_wconf 88' lang='lat' dir='ltr'><strong>rerum</strong></span> <span class='ocrx_word' id='word_1_102' title='bbox 355 1525 388 1585; x_wconf 92' lang='lat' dir='ltr'><strong>in</strong></span> <span class='ocrx_word' id='word_1_103' title='bbox 400 1524 526 1598; x_wconf 90' lang='lat' dir='ltr'><strong>Galliis;</strong></span> <span class='ocrx_word' id='word_1_104' title='bbox 540 1528 574 1586; x_wconf 72' lang='lat'><strong>2⁰</strong></span> <span class='ocrx_word' id='word_1_105' title='bbox 587 1529 693 1586; x_wconf 88' lang='lat' dir='ltr'><strong>utrum</strong></span> <span class='ocrx_word' id='word_1_106' title='bbox 707 1526 769 1587; x_wconf 91' lang='lat' dir='ltr'><strong>sint</strong></span> <span class='ocrx_word' id='word_1_107' title='bbox 785 1541 897 1610; x_wconf 82' lang='lat' dir='ltr'><strong>reapse</strong></span> <span class='ocrx_word' id='word_1_108' title='bbox 909 1531 983 1588; x_wconf 87' lang='lat' dir='ltr'><strong>vota</strong></span> <span class='ocrx_word' id='word_1_109' title='bbox 997 1525 1156 1588; x_wconf 89' lang='lat' dir='ltr'><strong>solemnia</strong></span> <span class='ocrx_word' id='word_1_110' title='bbox 1169 1543 1236 1605; x_wconf 85' lang='lat' dir='ltr'><strong>qno·</strong></span> <span class='ocrx_word' id='word_1_111' title='bbox 1280 1546 1281 1608; x_wconf 73' lang='lat' dir='ltr'><strong>t</strong></span> 
     </span>
     <span class='ocr_line' id='line_1_15' title="bbox 193 1622 1282 1708; baseline -0.001 -24"><span class='ocrx_word' id='word_1_112' title='bbox 193 1665 195 1668; x_wconf 92' lang='lat'>-</span> <span class='ocrx_word' id='word_1_113' title='bbox 235 1622 381 1684; x_wconf 88' lang='lat' dir='ltr'><strong>rumdam</strong></span> <span class='ocrx_word' id='word_1_114' title='bbox 395 1623 541 1684; x_wconf 92' lang='lat' dir='ltr'><strong>ordinum</strong></span> <span class='ocrx_word' id='word_1_115' title='bbox 556 1623 776 1702; x_wconf 79' lang='lat' dir='ltr'><strong>religiosorum</strong></span> <span class='ocrx_word' id='word_1_116' title='bbox 789 1623 822 1684; x_wconf 92' lang='lat' dir='ltr'><strong>in</strong></span> <span class='ocrx_word' id='word_1_117' title='bbox 835 1625 953 1687; x_wconf 84' lang='lat' dir='ltr'><strong>Galliis.</strong></span> <span class='ocrx_word' id='word_1_118' title='bbox 1062 1645 1065 1652; x_wconf 88' lang='lat'>·</span> <span class='ocrx_word' id='word_1_119' title='bbox 1281 1662 1282 1708; x_wconf 69' lang='lat'><strong>,</strong></span> 
     </span>
     <span class='ocr_line' id='line_1_16' title="bbox 294 1719 1282 1802; baseline 0.001 -21"><span class='ocrx_word' id='word_1_120' title='bbox 294 1722 318 1782; x_wconf 92' lang='grc'><strong>1.</strong></span> <span class='ocrx_word' id='word_1_121' title='bbox 341 1721 374 1781; x_wconf 87' lang='grc'><strong>11</strong></span> <span class='ocrx_word' id='word_1_122' title='bbox 397 1726 480 1782; x_wconf 88' lang='lat' dir='ltr'><strong>statu</strong></span> <span class='ocrx_word' id='word_1_123' title='bbox 503 1722 651 1800; x_wconf 85' lang='lat' dir='ltr'><strong>praesenti</strong></span> <span class='ocrx_word' id='word_1_124' title='bbox 670 1721 823 1782; x_wconf 86' lang='lat' dir='ltr'><strong>solemnia</strong></span> <span class='ocrx_word' id='word_1_125' title='bbox 842 1740 910 1783; x_wconf 90' lang='lat' dir='ltr'><strong>esse</strong></span> <span class='ocrx_word' id='word_1_126' title='bbox 929 1729 1062 1802; x_wconf 80' lang='lat' dir='ltr'><strong>possunt</strong></span> <span class='ocrx_word' id='word_1_127' title='bbox 1085 1728 1161 1785; x_wconf 86' lang='lat' dir='ltr'><strong>vota</strong></span> <span class='ocrx_word' id='word_1_128' title='bbox 1179 1737 1236 1800; x_wconf 77' lang='lat' dir='ltr'><strong>qua</strong></span> <span class='ocrx_word' id='word_1_129' title='bbox 1281 1719 1282 1726; x_wconf 65' lang='lat'><em>&#39;</em></span> 
     </span>
    </p>
   </div>
   <div class='ocr_carea' id='block_1_3' title="bbox 234 1820 1155 1904">
    <p class='ocr_par' dir='ltr' id='par_1_3' title="bbox 234 1776 1284 1917">
     <span class='ocr_line' id='line_1_17' title="bbox 234 1820 1155 1904; baseline 0 -22"><span class='ocrx_word' id='word_1_130' title='bbox 234 1820 396 1898; x_wconf 80' lang='lat' dir='ltr'><strong>regulares</strong></span> <span class='ocrx_word' id='word_1_131' title='bbox 411 1839 428 1881; x_wconf 91' lang='lat' dir='ltr'><strong>e</strong></span> <span class='ocrx_word' id='word_1_132' title='bbox 441 1821 551 1896; x_wconf 86' lang='lat' dir='ltr'><strong>Gallia,</strong></span> <span class='ocrx_word' id='word_1_133' title='bbox 568 1821 632 1882; x_wconf 86' lang='lat' dir='ltr'><strong>sive</strong></span> <span class='ocrx_word' id='word_1_134' title='bbox 646 1820 717 1896; x_wconf 88' lang='lat' dir='ltr'><strong>viri,</strong></span> <span class='ocrx_word' id='word_1_135' title='bbox 733 1821 797 1882; x_wconf 90' lang='lat' dir='ltr'><strong>sive</strong></span> <span class='ocrx_word' id='word_1_136' title='bbox 813 1821 973 1904; x_wconf 88' lang='lat' dir='ltr'><strong>mulieres,</strong></span> <span class='ocrx_word' id='word_1_137' title='bbox 991 1823 1155 1884; x_wconf 86' lang='lat' dir='ltr'><strong>emittunt.</strong></span> 
     </span>
    </p>
   </div>
   <div class='ocr_carea' id='block_1_4' title="bbox 195 1917 1285 2096">
    <p class='ocr_par' dir='ltr' id='par_1_4' title="bbox 195 1917 1285 2096">
     <span class='ocr_line' id='line_1_18' title="bbox 195 1917 1284 2000; baseline -0.006 -19"><span class='ocrx_word' id='word_1_138' title='bbox 195 1983 197 1990; x_wconf 78' lang='grc'>,</span> <span class='ocrx_word' id='word_1_139' title='bbox 295 1920 390 1981; x_wconf 86' lang='lat' dir='ltr'><strong>Proh.</strong></span> <span class='ocrx_word' id='word_1_140' title='bbox 405 1918 502 1979; x_wconf 70' lang='lat' dir='ltr'><strong>nee</strong></span> <span class='ocrx_word' id='word_1_141' title='bbox 509 1918 602 2000; x_wconf 67' lang='lat' dir='ltr'><strong>prom</strong></span> <span class='ocrx_word' id='word_1_142' title='bbox 612 1917 770 1981; x_wconf 70' lang='lat' dir='ltr'><strong>Ecclesiae.</strong></span> <span class='ocrx_word' id='word_1_143' title='bbox 785 1919 835 1980; x_wconf 81' lang='lat' dir='ltr'><strong>Au</strong></span> <span class='ocrx_word' id='word_1_144' title='bbox 844 1921 965 1998; x_wconf 87' lang='lat' dir='ltr'><strong>origine</strong></span> <span class='ocrx_word' id='word_1_145' title='bbox 975 1920 1191 1981; x_wconf 91' lang='lat' dir='ltr'><strong>institutorum</strong></span> <span class='ocrx_word' id='word_1_146' title='bbox 1200 1935 1237 1976; x_wconf 82' lang='lat' dir='ltr'><strong>re</strong></span> <span class='ocrx_word' id='word_1_147' title='bbox 1283 1919 1284 1948; x_wconf 62' lang='lat'><em>³</em></span> 
     </span>
     <span class='ocr_line' id='line_1_19' title="bbox 235 2003 1285 2096; baseline -0.005 -18"><span class='ocrx_word' id='word_1_148' title='bbox 235 2017 394 2096; x_wconf 87' lang='lat' dir='ltr'><strong>gulariurn</strong></span> <span class='ocrx_word' id='word_1_149' title='bbox 418 2018 622 2080; x_wconf 87' lang='lat' dir='ltr'><strong>adnostram</strong></span> <span class='ocrx_word' id='word_1_150' title='bbox 648 2022 785 2092; x_wconf 87' lang='lat' dir='ltr'><strong>aetatenr‚</strong></span> <span class='ocrx_word' id='word_1_151' title='bbox 811 2018 1030 2096; x_wconf 84' lang='lat' dir='ltr'><strong>Religionibus.</strong></span> <span class='ocrx_word' id='word_1_152' title='bbox 1053 2017 1236 2080; x_wconf 88' lang='lat' dir='ltr'><strong>solemnibus</strong></span> <span class='ocrx_word' id='word_1_153' title='bbox 1284 2003 1285 2053; x_wconf 70' lang='lat' dir='ltr'><strong>l</strong></span> 
     </span>
    </p>
   </div>
   <div class='ocr_carea' id='block_1_5' title="bbox 234 2114 1286 2492">
    <p class='ocr_par' dir='ltr' id='par_1_5' title="bbox 234 2114 1286 2492">
     <span class='ocr_line' id='line_1_20' title="bbox 236 2114 1286 2196; baseline -0.002 -20"><span class='ocrx_word' id='word_1_154' title='bbox 236 2115 376 2196; x_wconf 87' lang='lat' dir='ltr'><strong>cooptati</strong></span> <span class='ocrx_word' id='word_1_155' title='bbox 391 2117 519 2176; x_wconf 86' lang='lat' dir='ltr'><strong>luerunt</strong></span> <span class='ocrx_word' id='word_1_156' title='bbox 534 2115 593 2176; x_wconf 89' lang='lat' dir='ltr'><strong>viri</strong></span> <span class='ocrx_word' id='word_1_157' title='bbox 612 2114 780 2195; x_wconf 82' lang='lat' dir='ltr'><strong>cujuslibet</strong></span> <span class='ocrx_word' id='word_1_158' title='bbox 802 2116 947 2194; x_wconf 92' lang='lat' dir='ltr'><strong>nationis,</strong></span> <span class='ocrx_word' id='word_1_159' title='bbox 970 2117 1034 2179; x_wconf 89' lang='lat' dir='ltr'><strong>sive</strong></span> <span class='ocrx_word' id='word_1_160' title='bbox 1051 2117 1113 2178; x_wconf 90' lang='lat' dir='ltr'><strong>sub</strong></span> <span class='ocrx_word' id='word_1_161' title='bbox 1133 2115 1236 2177; x_wconf 85' lang='lat' dir='ltr'><strong>ditione</strong></span> <span class='ocrx_word' id='word_1_162' title='bbox 1285 2120 1286 2191; x_wconf 77' lang='lat' dir='ltr'><strong>t</strong></span> 
     </span>
     <span class='ocr_line' id='line_1_21' title="bbox 234 2213 1236 2296; baseline -0.002 -23"><span class='ocrx_word' id='word_1_163' title='bbox 234 2214 414 2294; x_wconf 83' lang='lat' dir='ltr'><strong>principum</strong></span> <span class='ocrx_word' id='word_1_164' title='bbox 428 2214 652 2276; x_wconf 89' lang='lat' dir='ltr'><strong>haeretieorurn</strong></span> <span class='ocrx_word' id='word_1_165' title='bbox 667 2219 698 2275; x_wconf 93' lang='lat' dir='ltr'><strong>et</strong></span> <span class='ocrx_word' id='word_1_166' title='bbox 709 2233 920 2294; x_wconf 86' lang='lat' dir='ltr'><strong>paganorum,</strong></span> <span class='ocrx_word' id='word_1_167' title='bbox 938 2214 1002 2278; x_wconf 88' lang='lat' dir='ltr'><strong>sive</strong></span> <span class='ocrx_word' id='word_1_168' title='bbox 1016 2215 1102 2276; x_wconf 89' lang='lat' dir='ltr'><strong>inter</strong></span> <span class='ocrx_word' id='word_1_169' title='bbox 1116 2213 1236 2296; x_wconf 90' lang='lat' dir='ltr'><strong>populos</strong></span> 
     </span>
     <span class='ocr_line' id='line_1_22' title="bbox 236 2312 1234 2376; baseline -0.005 -1"><span class='ocrx_word' id='word_1_170' title='bbox 236 2312 409 2376; x_wconf 85' lang='lat' dir='ltr'><strong>catholicos</strong></span> <span class='ocrx_word' id='word_1_171' title='bbox 421 2313 571 2374; x_wconf 88' lang='lat' dir='ltr'><strong>viverent.</strong></span> <span class='ocrx_word' id='word_1_172' title='bbox 590 2313 706 2373; x_wconf 87' lang='lat' dir='ltr'><strong>Omnes</strong></span> <span class='ocrx_word' id='word_1_173' title='bbox 719 2312 830 2374; x_wconf 89' lang='lat' dir='ltr'><strong>eodem</strong></span> <span class='ocrx_word' id='word_1_174' title='bbox 848 2313 967 2376; x_wconf 86' lang='lat' dir='ltr'><strong>scilieet</strong></span> <span class='ocrx_word' id='word_1_175' title='bbox 981 2315 1076 2376; x_wconf 91' lang='lat' dir='ltr'><strong>modo</strong></span> <span class='ocrx_word' id='word_1_176' title='bbox 1089 2315 1185 2375; x_wconf 90' lang='lat' dir='ltr'><strong>vitam</strong></span> <span class='ocrx_word' id='word_1_177' title='bbox 1194 2329 1234 2370; x_wconf 92' lang='lat' dir='ltr'><strong>re-</strong></span> 
     </span>
     <span class='ocr_line' id='line_1_23' title="bbox 234 2410 1235 2492; baseline -0.004 -20"><span class='ocrx_word' id='word_1_178' title='bbox 234 2411 380 2490; x_wconf 89' lang='lat' dir='ltr'><strong>ligiosam</strong></span> <span class='ocrx_word' id='word_1_179' title='bbox 403 2411 536 2490; x_wconf 82' lang='lat' dir='ltr'><strong>professi</strong></span> <span class='ocrx_word' id='word_1_180' title='bbox 557 2416 640 2484; x_wconf 92' lang='lat' dir='ltr'><strong>sunt,</strong></span> <span class='ocrx_word' id='word_1_181' title='bbox 666 2410 842 2492; x_wconf 86' lang='lat' dir='ltr'><strong>iisdemque</strong></span> <span class='ocrx_word' id='word_1_182' title='bbox 865 2411 991 2491; x_wconf 82' lang='lat' dir='ltr'><strong>juribus</strong></span> <span class='ocrx_word' id='word_1_183' title='bbox 1016 2413 1137 2492; x_wconf 81' lang='lat' dir='ltr'><strong>recepti</strong></span> <span class='ocrx_word' id='word_1_184' title='bbox 1159 2413 1235 2472; x_wconf 87' lang='lat' dir='ltr'><strong>luere</strong></span> 
     </span>
    </p>
   </div>
   <div class='ocr_carea' id='block_1_6' title="bbox 235 2517 1237 3777">
    <p class='ocr_par' dir='ltr' id='par_1_6' title="bbox 235 2517 1237 3777">
     <span class='ocr_line' id='line_1_24' title="bbox 235 2517 1237 2599; baseline -0.002 -21"><span class='ocrx_word' id='word_1_185' title='bbox 235 2518 319 2580; x_wconf 90' lang='lat' dir='ltr'><strong>inter</strong></span> <span class='ocrx_word' id='word_1_186' title='bbox 338 2519 481 2580; x_wconf 90' lang='lat' dir='ltr'><strong>membra</strong></span> <span class='ocrx_word' id='word_1_187' title='bbox 500 2517 629 2590; x_wconf 87' lang='lat' dir='ltr'><strong>ordinis,</strong></span> <span class='ocrx_word' id='word_1_188' title='bbox 653 2517 740 2580; x_wconf 91' lang='lat' dir='ltr'><strong>nullo</strong></span> <span class='ocrx_word' id='word_1_189' title='bbox 769 2520 934 2599; x_wconf 89' lang='lat' dir='ltr'><strong>supposito</strong></span> <span class='ocrx_word' id='word_1_190' title='bbox 962 2520 1143 2582; x_wconf 87' lang='lat' dir='ltr'><strong>discrimine</strong></span> <span class='ocrx_word' id='word_1_191' title='bbox 1166 2519 1237 2579; x_wconf 86' lang='lat' dir='ltr'><strong>inter</strong></span> 
     </span>
     <span class='ocr_line' id='line_1_25' title="bbox 235 2615 1236 2696; baseline -0.002 -20"><span class='ocrx_word' id='word_1_192' title='bbox 235 2615 319 2686; x_wconf 90' lang='lat' dir='ltr'><strong>illos,</strong></span> <span class='ocrx_word' id='word_1_193' title='bbox 336 2617 400 2677; x_wconf 91' lang='lat' dir='ltr'><strong>sive</strong></span> <span class='ocrx_word' id='word_1_194' title='bbox 415 2617 570 2696; x_wconf 83' lang='lat' dir='ltr'><strong>gubernio</strong></span> <span class='ocrx_word' id='word_1_195' title='bbox 582 2615 686 2677; x_wconf 89' lang='lat' dir='ltr'><strong>civilia</strong></span> <span class='ocrx_word' id='word_1_196' title='bbox 699 2617 841 2694; x_wconf 85' lang='lat' dir='ltr'><strong>gentium</strong></span> <span class='ocrx_word' id='word_1_197' title='bbox 852 2618 935 2679; x_wconf 91' lang='lat' dir='ltr'><strong>unde</strong></span> <span class='ocrx_word' id='word_1_198' title='bbox 952 2619 1076 2680; x_wconf 91' lang='lat' dir='ltr'><strong>oriundi</strong></span> <span class='ocrx_word' id='word_1_199' title='bbox 1091 2623 1180 2680; x_wconf 89' lang='lat' dir='ltr'><strong>erant</strong></span> <span class='ocrx_word' id='word_1_200' title='bbox 1192 2633 1236 2676; x_wconf 89' lang='lat' dir='ltr'><strong>eus</strong></span> 
     </span>
     <span class='ocr_line' id='line_1_26' title="bbox 237 2714 1233 2795; baseline 0 -21"><span class='ocrx_word' id='word_1_201' title='bbox 237 2714 407 2776; x_wconf 86' lang='lat' dir='ltr'><strong>habuerint</strong></span> <span class='ocrx_word' id='word_1_202' title='bbox 427 2715 594 2795; x_wconf 85' lang='lat' dir='ltr'><strong>incapaces</strong></span> <span class='ocrx_word' id='word_1_203' title='bbox 617 2715 749 2776; x_wconf 89' lang='lat' dir='ltr'><strong>dominii</strong></span> <span class='ocrx_word' id='word_1_204' title='bbox 772 2717 813 2777; x_wconf 89' lang='lat' dir='ltr'><strong>ad</strong></span> <span class='ocrx_word' id='word_1_205' title='bbox 839 2735 985 2778; x_wconf 86' lang='lat' dir='ltr'><strong>normam</strong></span> <span class='ocrx_word' id='word_1_206' title='bbox 1009 2735 1169 2779; x_wconf 81' lang='lat' dir='ltr'><strong>sacrorum</strong></span> <span class='ocrx_word' id='word_1_207' title='bbox 1190 2733 1233 2774; x_wconf 87' lang='lat' dir='ltr'><strong>oe·</strong></span> 
     </span>
     <span class='ocr_line' id='line_1_27' title="bbox 238 2811 1236 2894; baseline -0.003 -21"><span class='ocrx_word' id='word_1_208' title='bbox 238 2831 369 2887; x_wconf 91' lang='lat' dir='ltr'><strong>nonum,</strong></span> <span class='ocrx_word' id='word_1_209' title='bbox 389 2813 452 2874; x_wconf 87' lang='lat' dir='ltr'><strong>sive</strong></span> <span class='ocrx_word' id='word_1_210' title='bbox 467 2813 538 2875; x_wconf 93' lang='lat' dir='ltr'><strong>illos</strong></span> <span class='ocrx_word' id='word_1_211' title='bbox 552 2813 707 2875; x_wconf 88' lang='lat' dir='ltr'><strong>haherent</strong></span> <span class='ocrx_word' id='word_1_212' title='bbox 721 2832 864 2893; x_wconf 83' lang='lat' dir='ltr'><strong>capuces,</strong></span> <span class='ocrx_word' id='word_1_213' title='bbox 880 2816 921 2876; x_wconf 91' lang='lat' dir='ltr'><strong>ad</strong></span> <span class='ocrx_word' id='word_1_214' title='bbox 940 2817 1040 2877; x_wconf 85' lang='lat' dir='ltr'><strong>instar</strong></span> <span class='ocrx_word' id='word_1_215' title='bbox 1055 2816 1186 2894; x_wconf 89' lang='lat' dir='ltr'><strong>aliorum</strong></span> <span class='ocrx_word' id='word_1_216' title='bbox 1203 2811 1236 2872; x_wconf 90' lang='lat' dir='ltr'><strong>ci·</strong></span> 
     </span>
     <span class='ocr_line' id='line_1_28' title="bbox 237 2911 1234 2998; baseline -0.001 -26"><span class='ocrx_word' id='word_1_217' title='bbox 237 2912 336 2974; x_wconf 90' lang='lat' dir='ltr'><strong>vium.</strong></span> <span class='ocrx_word' id='word_1_218' title='bbox 359 2913 469 2972; x_wconf 89' lang='lat' dir='ltr'><strong>Patres</strong></span> <span class='ocrx_word' id='word_1_219' title='bbox 494 2912 699 2989; x_wconf 85' lang='lat' dir='ltr'><strong>Benedictini,</strong></span> <span class='ocrx_word' id='word_1_220' title='bbox 727 2913 937 2989; x_wconf 88' lang='lat' dir='ltr'><strong>Dominicaui‚</strong></span> <span class='ocrx_word' id='word_1_221' title='bbox 962 2913 1170 2998; x_wconf 82' lang='lat' dir='ltr'><strong>Francisoani,</strong></span> <span class='ocrx_word' id='word_1_222' title='bbox 1195 2911 1234 2972; x_wconf 88' lang='lat' dir='ltr'><strong>Je-</strong></span> 
     </span>
     <span class='ocr_line' id='line_1_29' title="bbox 238 3007 1233 3089; baseline -0.004 -17"><span class='ocrx_word' id='word_1_223' title='bbox 238 3010 339 3085; x_wconf 84' lang='lat' dir='ltr'><strong>snitae‚</strong></span> <span class='ocrx_word' id='word_1_224' title='bbox 365 3007 519 3089; x_wconf 89' lang='lat' dir='ltr'><strong>plurimos</strong></span> <span class='ocrx_word' id='word_1_225' title='bbox 545 3010 604 3071; x_wconf 91' lang='lat' dir='ltr'><strong>sibi</strong></span> <span class='ocrx_word' id='word_1_226' title='bbox 628 3010 788 3072; x_wconf 87' lang='lat' dir='ltr'><strong>sociarunt</strong></span> <span class='ocrx_word' id='word_1_227' title='bbox 814 3030 831 3072; x_wconf 92' lang='lat' dir='ltr'><strong>e</strong></span> <span class='ocrx_word' id='word_1_228' title='bbox 858 3012 1040 3089; x_wconf 89' lang='lat' dir='ltr'><strong>regionibus</strong></span> <span class='ocrx_word' id='word_1_229' title='bbox 1068 3015 1233 3080; x_wconf 84' lang='lat' dir='ltr'><strong>Persarum,</strong></span> 
     </span>
     <span class='ocr_line' id='line_1_30' title="bbox 236 3107 1232 3192; baseline -0.004 -22"><span class='ocrx_word' id='word_1_230' title='bbox 236 3109 398 3183; x_wconf 87' lang='lat' dir='ltr'><strong>Indorum,</strong></span> <span class='ocrx_word' id='word_1_231' title='bbox 418 3107 607 3184; x_wconf 81' lang='lat' dir='ltr'><strong>sinensium,</strong></span> <span class='ocrx_word' id='word_1_232' title='bbox 630 3111 845 3185; x_wconf 86' lang='lat' dir='ltr'><strong>Tartarorum,</strong></span> <span class='ocrx_word' id='word_1_233' title='bbox 868 3109 1066 3192; x_wconf 88' lang='lat' dir='ltr'><strong>aliarumque</strong></span> <span class='ocrx_word' id='word_1_234' title='bbox 1089 3109 1232 3190; x_wconf 82' lang='lat' dir='ltr'><strong>gentium;</strong></span> 
     </span>
     <span class='ocr_line' id='line_1_31' title="bbox 237 3206 1233 3288; baseline -0.001 -20"><span class='ocrx_word' id='word_1_235' title='bbox 237 3206 401 3288; x_wconf 88' lang='lat' dir='ltr'><strong>perplures</strong></span> <span class='ocrx_word' id='word_1_236' title='bbox 416 3212 602 3286; x_wconf 86' lang='lat' dir='ltr'><strong>computant</strong></span> <span class='ocrx_word' id='word_1_237' title='bbox 615 3207 698 3270; x_wconf 90' lang='lat' dir='ltr'><strong>inter</strong></span> <span class='ocrx_word' id='word_1_238' title='bbox 716 3209 846 3286; x_wconf 87' lang='lat' dir='ltr'><strong>Anglos,</strong></span> <span class='ocrx_word' id='word_1_239' title='bbox 861 3208 1160 3286; x_wconf 83' lang='lat' dir='ltr'><strong>Hibernos,&#39;incolas</strong></span> <span class='ocrx_word' id='word_1_240' title='bbox 1173 3209 1233 3270; x_wconf 82' lang='lat' dir='ltr'><strong>sta·</strong></span> 
     </span>
     <span class='ocr_line' id='line_1_32' title="bbox 238 3304 1233 3385; baseline -0.005 -19"><span class='ocrx_word' id='word_1_241' title='bbox 238 3311 328 3367; x_wconf 88' lang='lat' dir='ltr'><strong>tuum</strong></span> <span class='ocrx_word' id='word_1_242' title='bbox 359 3305 597 3367; x_wconf 65' lang='lat' dir='ltr'><strong>Foederatorum</strong></span> <span class='ocrx_word' id='word_1_243' title='bbox 623 3306 786 3370; x_wconf 85' lang='lat' dir='ltr'><strong>Amerioee.</strong></span> <span class='ocrx_word' id='word_1_244' title='bbox 813 3309 854 3367; x_wconf 89' lang='lat' dir='ltr'><strong>At</strong></span> <span class='ocrx_word' id='word_1_245' title='bbox 880 3325 975 3385; x_wconf 84' lang='lat' dir='ltr'><strong>vero,</strong></span> <span class='ocrx_word' id='word_1_246' title='bbox 1006 3308 1032 3368; x_wconf 92' lang='lat' dir='ltr'><strong>si</strong></span> <span class='ocrx_word' id='word_1_247' title='bbox 1066 3304 1233 3370; x_wconf 85' lang='lat' dir='ltr'><strong>solemnitas</strong></span> 
     </span>
     <span class='ocr_line' id='line_1_33' title="bbox 236 3398 1233 3486; baseline -0.006 -20"><span class='ocrx_word' id='word_1_248' title='bbox 236 3409 381 3466; x_wconf 89' lang='lat' dir='ltr'><strong>votorum</strong></span> <span class='ocrx_word' id='word_1_249' title='bbox 404 3403 556 3483; x_wconf 87' lang='lat' dir='ltr'><strong>penderet</strong></span> <span class='ocrx_word' id='word_1_250' title='bbox 577 3424 597 3466; x_wconf 88' lang='lat' dir='ltr'><strong>a</strong></span> <span class='ocrx_word' id='word_1_251' title='bbox 615 3423 767 3467; x_wconf 88' lang='lat' dir='ltr'><strong>consensu</strong></span> <span class='ocrx_word' id='word_1_252' title='bbox 784 3405 964 3486; x_wconf 88' lang='lat' dir='ltr'><strong>principum</strong></span> <span class='ocrx_word' id='word_1_253' title='bbox 982 3406 1186 3476; x_wconf 84' lang='lat' dir='ltr'><strong>saeoularium,</strong></span> <span class='ocrx_word' id='word_1_254' title='bbox 1205 3398 1233 3460; x_wconf 93' lang='lat' dir='ltr'><strong>hi</strong></span> 
     </span>
     <span class='ocr_line' id='line_1_34' title="bbox 238 3498 1231 3585; baseline -0.002 -21"><span class='ocrx_word' id='word_1_255' title='bbox 238 3522 347 3565; x_wconf 89' lang='lat' dir='ltr'><strong>omnes</strong></span> <span class='ocrx_word' id='word_1_256' title='bbox 368 3501 448 3564; x_wconf 83' lang='lat' dir='ltr'><strong>falso</strong></span> <span class='ocrx_word' id='word_1_257' title='bbox 472 3508 695 3582; x_wconf 86' lang='lat' dir='ltr'><strong>reputarentur</strong></span> <span class='ocrx_word' id='word_1_258' title='bbox 715 3503 855 3581; x_wconf 82' lang='lat' dir='ltr'><strong>religiosi</strong></span> <span class='ocrx_word' id='word_1_259' title='bbox 875 3505 1027 3585; x_wconf 88' lang='lat' dir='ltr'><strong>professi;</strong></span> <span class='ocrx_word' id='word_1_260' title='bbox 1054 3510 1139 3567; x_wconf 89' lang='lat' dir='ltr'><strong>certo</strong></span> <span class='ocrx_word' id='word_1_261' title='bbox 1161 3498 1231 3562; x_wconf 83' lang='lat' dir='ltr'><strong>enirn</strong></span> 
     </span>
     <span class='ocr_line' id='line_1_35' title="bbox 238 3596 1231 3681; baseline -0.005 -19"><span class='ocrx_word' id='word_1_262' title='bbox 238 3601 352 3672; x_wconf 79' lang='lat' dir='ltr'><strong>certius</strong></span> <span class='ocrx_word' id='word_1_263' title='bbox 371 3607 418 3663; x_wconf 89' lang='lat' dir='ltr'><strong>est</strong></span> <span class='ocrx_word' id='word_1_264' title='bbox 436 3601 600 3680; x_wconf 84' lang='lat' dir='ltr'><strong>gubernia,</strong></span> <span class='ocrx_word' id='word_1_265' title='bbox 619 3601 677 3662; x_wconf 90' lang='lat' dir='ltr'><strong>sub</strong></span> <span class='ocrx_word' id='word_1_266' title='bbox 693 3619 829 3681; x_wconf 89' lang='lat' dir='ltr'><strong>quorum</strong></span> <span class='ocrx_word' id='word_1_267' title='bbox 847 3602 965 3665; x_wconf 85' lang='lat' dir='ltr'><strong>ditione</strong></span> <span class='ocrx_word' id='word_1_268' title='bbox 985 3609 1160 3677; x_wconf 88' lang='lat' dir='ltr'><strong>versantur,</strong></span> <span class='ocrx_word' id='word_1_269' title='bbox 1174 3596 1231 3658; x_wconf 92' lang='lat' dir='ltr'><strong>nul·</strong></span> 
     </span>
     <span class='ocr_line' id='line_1_36' title="bbox 238 3694 1231 3777; baseline -0.007 -18"><span class='ocrx_word' id='word_1_270' title='bbox 238 3699 303 3760; x_wconf 92' lang='lat' dir='ltr'><strong>lam</strong></span> <span class='ocrx_word' id='word_1_271' title='bbox 325 3699 443 3762; x_wconf 89' lang='lat' dir='ltr'><strong>habere</strong></span> <span class='ocrx_word' id='word_1_272' title='bbox 466 3701 620 3762; x_wconf 89' lang='lat' dir='ltr'><strong>rationem</strong></span> <span class='ocrx_word' id='word_1_273' title='bbox 640 3706 806 3777; x_wconf 88' lang='lat' dir='ltr'><strong>votorum;</strong></span> <span class='ocrx_word' id='word_1_274' title='bbox 835 3719 888 3764; x_wconf 87' lang='lat' dir='ltr'><strong>eos</strong></span> <span class='ocrx_word' id='word_1_275' title='bbox 909 3701 1058 3764; x_wconf 87' lang='lat' dir='ltr'><strong>nimirum</strong></span> <span class='ocrx_word' id='word_1_276' title='bbox 1084 3721 1104 3764; x_wconf 86' lang='lat' dir='ltr'><strong>a</strong></span> <span class='ocrx_word' id='word_1_277' title='bbox 1127 3694 1231 3766; x_wconf 85' lang='lat' dir='ltr'><strong>oaeteris</strong></span> 
     </span>
    </p>
   </div>
   <div class='ocr_carea' id='block_1_7' title="bbox 0 0 1298 4276">
    <p class='ocr_par' dir='ltr' id='par_1_7' title="bbox 0 0 1298 4276">
     <span class='ocr_line' id='line_1_37' title="bbox 0 0 1298 4276; baseline 0 0"><span class='ocrx_word' id='word_1_278' title='bbox 0 0 1298 4276; x_wconf 95' lang='lat' dir='ltr'><strong> </strong></span> 
     </span>
    </p>
   </div>
  </div>
 </body>
</html>
