2588 4276
145 255 214 304 ΛΒΤ.
237 229 287 304 IV.v
300 255 438 304 nuulsslo
457 257 607 306 aloncion
627 258 659 306 lu
679 258 782 306 ΜΔΝ·
795 259 960 307 nnnioroso.
1007 253 1058 308 253

45 395 62 427 «
79 372 193 434 itemm
210 373 414 434 sacularibus
431 373 565 452 negotiis
583 373 758 453 implicare.
781 377 918 436 Tenetur
937 379 1058 454 tamen,

46 494 64 527 «
81 471 167 532 saiva
187 470 236 531 sui
260 471 385 549 praelati
409 471 600 544 ohedientia,
626 477 656 533 et
679 491 743 534 suae
770 471 934 549 religionis
958 478 1052 548 statu,

47 591 65 624 (ι
80 569 167 648 pium
183 569 323 629 studium
340 569 492 630 adhihere
506 569 643 649 qualiter
658 569 726 649 ejus
741 569 927 649 parentibus
942 570 1061 631 subve-

52 667 194 726 uniatur.
214 689 230 722 u
246 669 265 726 2
279 675 301 739 ²,
320 670 372 745 ΞΘ,
391 672 502 745 quaest.
519 684 560 744 cr,
579 672 639 728 art.
655 670 685 727 4.
705 701 744 712 -
761 668 910 728 Nituntur
924 671 958 728 2⁰
976 686 1059 729 com·

45 763 209 842 paratione
235 765 372 825 adducta
396 783 468 826 cum
491 765 557 826 filio
585 765 767 846 conjugato,
785 766 841 844 qui
855 770 1059 827 nontcnetur

47 879 176 922 uxorem
191 861 359 939 dimittere,
377 867 412 922 ut
429 868 574 941 parentes
590 863 693 937 adeat,
712 863 788 942 quia
799 864 900 941 magis
918 864 1059 926 adhaeret

48 959 138 1019 uxori
160 977 255 1038 quam
280 960 343 1020 suis
364 961 557 1039 parentibus.
581 959 660 1041 (Lib.
686 962 737 1035 lv,
763 964 801 1019 οἱ·
821 961 942 1042 66-70.)
967 961 1059 1022 Ratio

48 1055 206 1135 praecipua
217 1062 265 1117 est
274 1057 449 1136 periculum
462 1059 512 1118 cui
524 1059 707 1138 frequenter
715 1059 1058 1138 exponiturreligiosus

50 1154 168 1215 rediens
183 1173 201 1214 e
216 1161 375 1217 conventu
389 1155 472 1216 inter
486 1157 653 1217 saeeularia
668 1155 805 1234 negotia.

103 1262 138 1321 Iu
152 1261 216 1322 hac
231 1262 416 1341 opinionum
432 1244 665 1336 contrarietate,
682 1262 848 1342 religiosus
863 1261 999 1342 quivult
1014 1262 1059 1324 sic

51 1358 227 1438 parentibus
241 1360 372 1439 obsequi
383 1366 418 1420 ut
432 1361 491 1421 sihi
510 1361 665 1434 consulat,
682 1379 774 1421 suum
791 1379 985 1438 suorumque
999 1379 1059 1439 pa-

53 1461 169 1517 rentum
184 1461 304 1518 statum
316 1457 451 1536 ingenue
464 1463 613 1536 exponat,
627 1457 858 1536 superiorisque
870 1457 1060 1518 sententiam

54 1561 196 1634 sequatur
221 1575 228 1616 :
254 1555 315 1634 ipsi
339 1574 417 1635 opus
440 1556 500 1616 erit
519 1555 753 1634 dispensatione
776 1556 807 1617 S.
834 1554 1008 1630 Pontificis,
1033 1554 1059 1615 si

55 1653 159 1714 debeat
181 1653 340 1714 dimittere
360 1655 505 1715 habitum
524 1655 718 1732 religiosum,
735 1653 786 1714 vel
807 1654 999 1715 commorari
1021 1652 1062 1714 ad

55 1750 176 1830 longum
189 1758 316 1830 tempus
332 1758 422 1814 extra
436 1753 664 1813 monasterium
680 1753 703 1812 ¹.
839 1747 841 1758 '

107 1859 181 1930 Quae
197 1857 236 1918 de
252 1858 324 1918 tiliis
340 1864 484 1937 respectu
497 1863 666 1938 parentum
679 1857 826 1932 diximus,
842 1857 912 1920 hacc
922 1857 1062 1918 vicissim

58 1955 89 2014 dc
100 1956 286 2034 parentibus
297 1956 456 2036 intelligas
471 1961 617 2037 respectu
630 1955 779 2029 filiorum,
797 1974 934 2036 quorum
949 1956 1062 2016 educa·

57 2053 126 2113 tioni
139 2072 253 2132 operas
266 2054 341 2114 dare
352 2059 499 2115 tenentur
511 2054 582 2133 jure
595 2053 745 2130 naturali,
759 2055 937 2132 usquedum
954 2053 1016 2113 sint
1025 2070 1063 2112 ea

60 2155 142 2211 atate
159 2170 223 2230 qua
239 2151 299 2210 sihi
310 2151 472 2212 consulere
485 2151 616 2230 possint.

108 2259 233 2317 Fratres
249 2263 280 2318 et
292 2276 425 2332 sorores,
438 2257 483 2318 ait
497 2258 528 2318 S.
545 2257 685 2336 Lignori‚
702 2275 767 2318 non
781 2257 856 2318 licet
868 2258 1015 2318 deserere
1029 2258 1062 2318 in

57 2355 232 2415 necessitate
244 2360 395 2430 extrema,
407 2355 463 2415 sed
478 2355 550 2416 licet
562 2355 595 2414 in
607 2355 706 2434 gravi,
718 2354 862 2434 quamvis
872 2359 979 2434 posset
991 2355 1062 2432 quis

57 2453 167 2514 ratione
186 2452 351 2514 charitatis
370 2452 509 2528 differre,
526 2457 558 2514 et
572 2453 668 2513 etiam
686 2451 831 2512 omittere
847 2456 964 2512 statum
983 2452 1059 2512 reli-

56 2549 157 2627 gionis,
178 2551 220 2611 ad
240 2551 493 2611 subveniendum
512 2550 662 2610 fratribus
684 2549 824 2627 graviter
840 2549 1056 2627 indigentibus

57 2646 120 2726 (loc.
138 2649 204 2726 cit„
221 2663 256 2708 n⁰
271 2649 334 2726 70).
352 2649 482 2708 Gravior
496 2653 578 2708 certe
593 2648 674 2709 ratio
690 2651 792 2727 urget,
810 2647 880 2706 siin
891 2647 1060 2708 discrimen

57 2746 150 2807 veniat
165 2747 251 2807 salus
266 2745 436 2825 spiritualis
450 2746 586 2806 fratrum
601 2750 633 2807 et
648 2735 804 2806 sororum.

107 2855 175 2915 458.
192 2886 231 2899 -
249 2853 300 2913 lv.
317 2852 665 2933 Episcopi-consecrati,
682 2852 732 2916 vel
749 2852 845 2913 etiam
866 2851 1058 2927 confirmati,

58 2967 113 3008 non
126 2954 258 3028 possunt
278 2968 368 3010 suam
388 2950 495 3010 sedem
512 2950 718 3023 desererent
738 2949 949 3028 profiteantur
961 2950 1060 3010 vitam

57 3045 235 3124 reiigiosam,
254 3047 321 3108 sine
336 3037 456 3128 'praevio
473 3067 627 3108 consensu
645 3046 867 3121 sponsionis,
887 3052 922 3108 ut
937 3048 1054 3126 proba-

58 3149 115 3204 tum
128 3144 187 3205 fuit
202 3144 280 3206 alibi
294 3147 338 3225 (n0
356 3146 424 3220 194,
443 3151 467 3206 t.
484 3147 508 3220 l,
525 3165 556 3225 p.
570 3144 652 3226 334).

108 3252 228 3329 Regula
243 3253 319 3312 data
331 3253 511 3314 extenditur
527 3252 567 3313 ad
582 3252 754 3332 Episcopos
769 3251 923 3326 titulares,
942 3251 1016 3328 quia
1030 3255 1062 3312 et

61 3345 112 3426 ipsi
131 3349 252 3428 alligati
271 3355 345 3410 suut
368 3355 460 3414 certae
486 3350 644 3427 Ecclesiae,
670 3349 729 3411 etsi
752 3368 808 3430 per
832 3349 990 3423 accidens,
1017 3349 1058 3409 ob

60 3442 222 3508 infidelium
245 3447 498 3527 occupationem,
514 3449 565 3509 vel
584 3449 625 3511 ob
643 3453 853 3528 tyrannorum
872 3443 1063 3524 persecutio·

5 3631 6 3700 ᾖ
100 3635 120 3682 i.
129 3633 164 3682 Gi.
181 3633 275 3696 Callet,
296 3634 381 3685 Troite
391 3635 435 3686 des
447 3635 586 3700 disperses,
600 3635 645 3688 liv.
657 3635 700 3696 IV,
710 3643 741 3685 n0
757 3638 796 3687 99.
808 3633 898 3684 Lettrc
911 3646 955 3681 sur
968 3631 994 3682 lo
1002 3646 1064 3696 pro-

5 3701 6 3704 ’
62 3705 144 3767 session
154 3709 292 3774 relipieuse
305 3709 368 3760 uun
383 3709 484 3762 domme
498 3712 563 3762 dont
573 3711 720 3778 lequrenis
729 3712 788 3762 cont
800 3709 866 3759 dous
880 3707 902 3758 le
914 3705 1009 3758 nescio.

116 3834 187 3868 rur.
203 3837 256 3871 rua.
267 3837 322 3870 cnr.
335 3839 359 3870 n.
889 3810 921 3862 15
