2588 4276
243 269 294 323 rso
577 257 655 322 'raas
676 274 709 320 11.
731 271 920 321 sanctinus.

302 393 338 452 ll.
364 391 494 453 Vocatio
509 391 615 452 divina
628 390 797 452 innotescit
814 377 1023 450 communiter
1043 389 1183 468 qrrodam
1196 389 1244 448 im·
1289 453 1290 458 γ

243 491 337 570 pulsu
358 491 482 551 interno
504 509 567 569 quo
587 489 702 568 aliquis
721 507 754 550 se
768 489 934 549 incitatum
954 488 1049 548 sentit
1063 486 1243 563 adreligic·
1292 513 1293 550 i

244 607 327 662 nem,
345 593 377 648 et
390 588 560 648 idoneitate
576 589 616 648 ad
631 587 792 667 implenda
806 586 967 666 religionis
983 586 1098 647 officia.

303 686 336 746 Si
346 686 384 746 de
400 685 514 746 affectu
525 685 639 762 agitur,
652 685 867 764 unusquisque
880 690 1024 745 nostrum
1039 684 1101 744 sibi
1114 684 1246 744 conscius

244 790 291 844 est
314 803 354 844 an
379 801 411 843 se
439 783 571 843 interius
600 783 787 844 inclinatum
813 801 921 844 versus
951 788 1068 844 statum
1093 782 1246 859 religionis

243 881 367 942 sentiat.
399 883 440 942 Ut
468 885 574 941 tamen
602 881 759 960 possimus
788 882 963 942 discernere
991 887 1101 942 utrum
1130 881 1247 940 affectus
1290 871 1291 878 ἵ

242 979 295 1040 ille
315 979 355 1039 sit
374 998 391 1039 a
411 980 486 1053 lieo,
507 979 754 1040 considerandus
771 986 818 1040 est
838 980 908 1039 linis
928 980 968 1039 ad
991 999 1087 1059 quem
1109 979 1244 1054 refertur,
1290 1019 1291 1024 κ

242 1077 333 1156 eujus
345 1077 463 1139 scilicet
478 1096 587 1138 amore
603 1083 634 1138 et
646 1078 800 1140 desiderio
817 1079 858 1140 ad
871 1079 968 1138 talem
984 1083 1104 1138 statum
1119 1078 1246 1156 impelli-

241 1197 321 1238 mur.
350 1179 464 1238 uGum
486 1177 580 1252 enim,
603 1177 647 1238 ait
667 1178 800 1254 Lessim,
823 1183 922 1238 status
942 1176 1112 1255 religiosus
1134 1175 1247 1236 nonsit

245 1305 260 1334 «
275 1277 406 1337 ultimus
425 1275 508 1351 finis,
526 1276 581 1336 sed
596 1276 735 1337 medium
753 1277 925 1355 quoddam,
942 1294 1109 1355 nunquam
1130 1280 1247 1355 propter

246 1399 262 1431 α
280 1393 312 1434 se
326 1373 498 1453 appetitur,
515 1373 569 1433 scd
582 1392 706 1452 semper
721 1379 850 1456 propter
863 1374 961 1434 aliud.
977 1375 1123 1434 Desertio
1138 1372 1244 1446 saeculi,

247 1495 261 1532 o
275 1477 457 1552 paupertas,
471 1472 636 1549 sthcotio,
648 1463 849 1552 voluptatum
863 1472 1044 1550 abnegatio,
1060 1472 1181 1551 quibus
1190 1471 1248 1532 reli·

194 1649 196 1652 Ι
243 1593 258 1626 u
276 1571 328 1646 gio
343 1574 477 1642 constat,
495 1574 645 1629 non-sunt
659 1587 710 1629 res
722 1570 848 1630 blandae
863 1589 933 1649 quae
950 1571 980 1631 vi
994 1589 1052 1630 sua
1065 1576 1187 1630 nostrae
1199 1587 1245 1630 vo-

245 1691 260 1724 «
274 1668 405 1728 luntatis
418 1667 567 1728 affectum
581 1666 723 1728 alliciant
735 1669 811 1728 etin
828 1668 876 1728 sui
891 1687 1032 1729 amorem
1046 1667 1243 1746 pertrahant,

246 1789 261 1822 u
277 1766 331 1826 sed
356 1784 435 1844 opus
459 1769 506 1824 est
530 1764 658 1843 aliquod
683 1765 770 1825 aliud
793 1767 913 1827 bonum
936 1767 1142 1841 interveniat,
1168 1764 1244 1844 cujus

245 1887 260 1920 u
278 1882 384 1924 amore
400 1863 440 1924 ad
455 1863 511 1923 illa
523 1863 683 1923 iuamoena
700 1882 895 1924 moveamur.
913 1888 929 1922 »
946 1863 1040 1945 (Loco
1056 1864 1127 1939 cit,
1144 1872 1179 1923 n⁰
1193 1863 1245 1941 56.)

211 2019 214 2028 ,
301 1963 334 2022 Si
348 1967 416 2022 tota
427 1962 524 2040 igitur
535 1960 617 2022 ratio
632 1980 704 2040 quae
716 1961 852 2040 impellit
864 1962 1005 2022 animum
1016 1963 1056 2024 ad
1067 1962 1244 2040 religionem

242 2065 290 2122 est
300 2061 419 2121 bonum
431 2059 605 2138 spirituale,
619 2077 733 2138 nempe
744 2066 779 2120 ut
789 2060 935 2139 periculis
948 2060 1055 2120 saeculi
1065 2061 1243 2131 eximamur,

242 2163 272 2218 et
293 2157 409 2218 Ghristi
421 2157 519 2216 vitam
533 2156 705 2236 imitemur,
721 2159 786 2218 Deo
800 2158 970 2237 perfectius
985 2159 1166 2234 serviendo,
1183 2177 1244 2218 nos·

240 2261 297 2316 trae
308 2255 403 2315 saluti
413 2254 614 2316 consulamus
627 2260 660 2315 et
669 2255 747 2316 alios
758 2257 798 2329 ad
811 2257 945 2318 meliora
955 2275 1180 2337 provocemus,
1190 2275 1243 2316 non

240 2359 286 2414 est
310 2353 518 2414 dubitandum
541 2353 617 2431 quin
639 2353 770 2414 affectus
790 2354 844 2415 ille
866 2356 906 2430 sit
926 2358 1037 2417 aDeo.
1059 2359 1132 2417 Non
1151 2359 1244 2435 potest

238 2452 403 2532 provenire
428 2471 447 2512 a
471 2452 624 2526 daemone,
650 2469 749 2512 neca
772 2455 1152 2534 naturaetpropensione3
1178 2471 1243 2530 ergo

237 2549 327 2610 illum
338 2549 592 2609 indiditSanctus
601 2549 750 2628 Spiritus.
761 2553 909 2612 Attamen
915 2553 1044 2632 expedit
1052 2557 1089 2612 ut
1099 2553 1156 2632 qui
1168 2553 1242 2612 hunc

238 2647 387 2708 affectum
402 2647 510 2720 habet,
527 2647 631 2706 virum
644 2647 732 2726 pium
747 2668 837 2728 aeque
852 2669 888 2710 ac
898 2650 1099 2728 prudentem,
1111 2651 1145 2710 in
1160 2651 1242 2709 rebus

238 2745 351 2805 divinis
364 2745 582 2820 exercitatum,
600 2745 753 2820 consulat,
771 2765 810 2806 ne
822 2747 905 2807 forte
918 2748 951 2807 in
967 2767 1107 2810 errorem
1120 2747 1238 2821 incidat,

237 2842 665 2903 sumendomomentaneum
681 2843 810 2922 spiritus
825 2846 981 2906 fervorem
996 2838 1054 2925 pio
1070 2845 1239 2918 vocatione,

237 2946 269 3001 et
287 2939 447 3018 deincepS,
472 2940 650 3001 mobilitate
673 2941 781 3017 animi,
805 2943 909 3024 ipsum
931 2945 1096 3023 poeniteat.
1121 2947 1186 3005 Hoc
1209 2958 1239 3000 eo

236 3037 472 3117 magisattente
490 3029 766 3114 considerandum,
780 3041 876 3118 quod,
889 3047 925 3102 ut
939 3043 1099 3120 sapienter
1109 3039 1240 3102 animad-

196 3201 200 3209 ,
236 3136 331 3196 vertit
345 3136 470 3210 Suarez,
491 3160 505 3190 α
520 3136 610 3213 Saepe
625 3136 760 3215 Spiritus
780 3139 913 3200 Sanctus
923 3141 1044 3219 prabet
1059 3139 1238 3201 desiderium

238 3232 404 3312 «alicujus
423 3232 480 3306 rei,
498 3230 588 3310 cujus
610 3235 827 3296 executionem
845 3255 909 3298 non
921 3238 1001 3312 vult,
1016 3234 1238 3318 siout'praebuit
1292 3229 1293 3322 l

239 3355 253 3390 u
267 3331 379 3394 Davidi
399 3331 594 3392 voluntatem
616 3332 794 3394 aedificandi
808 3339 980 3415 templum3
1003 3337 1145 3396 immittit
1162 3333 1235 3396 enim

237 3451 253 3488 o
267 3430 426 3492 interdum
436 3429 572 3508 Spiritus
580 3436 707 3492 sanctus
714 3434 777 3492 tale
788 3434 978 3496 desiderium
990 3441 1122 3515 propter
1128 3435 1236 3496 bonum
1292 3425 1293 3520 t

237 3535 300 3590 «et
317 3528 465 3590 meritum
482 3527 603 3605 ipsius3
621 3532 765 3607 quamvis
783 3534 823 3594 ad
841 3534 1058 3595 executionem
1076 3536 1233 3614 perventu·
1292 3589 1293 3622 ,

237 3653 252 3684 «
268 3647 339 3688 rum
353 3625 481 3696 nonsit,
496 3632 551 3685 eut
566 3629 730 3705 pervenire
742 3649 807 3692 non
822 3633 1004 3712 expediat.»
1023 3631 1079 3716 (De
1088 3631 1231 3712 rell'pr'one,
1292 3625 1293 3680 ἒ

234 3727 289 3812 lib.
306 3727 344 3797 V,
361 3741 434 3801 cap.
448 3740 513 3796 rur,
531 3727 565 3783 n⁰
581 3718 627 3803 l.)
1292 3709 1293 3748 ¹
