2568 4272
212 267 264 322 328
552 271 629 320 PARS
651 271 888 362 maudunense.

209 397 341 450 taueum
358 394 394 450 ut
406 388 492 450 idem
506 393 640 466 utroque
656 387 772 463 officio,
788 393 856 449 tum
869 388 1051 468 superioris,
1073 393 1151 448 tum
1166 405 1230 448 con-

210 488 334 549 lessarii
346 488 378 547 in
397 487 509 548 eodem
525 491 681 547 conventu
696 487 865 564 fungatur3
883 487 967 565 quod
982 505 1080 566 aeque
1100 485 1232 547 dicemus

212 587 252 648 de
266 585 565 665 congregationibus
578 603 642 644 non
657 584 820 663 exemptis.

273 686 310 746 ll.
336 682 441 758 Quoad
453 683 585 762 regimen
599 681 741 742 donorum
756 681 975 763 temporalium.

273 781 507 853 Nonsubditur,
517 785 631 840 natura
641 797 759 852 rerum,
765 779 976 857 jurisdictioni
986 781 1161 862 Episcopi;
1174 781 1232 842 haec
1255 823 1256 834 ,

212 881 374 960 euimper
393 898 425 939 se
444 897 508 938 non
528 882 601 939 sunt
620 877 781 956 objectum
798 877 1025 956 jurisdictionis
1045 879 1231 959 spiritualis,

213 979 269 1040 sed
294 981 390 1057 penes
418 976 676 1038 communitatem
697 981 864 1037 remanent
888 985 958 1056 quae
982 977 1119 1038 illorum
1145 976 1233 1038 habet

213 1076 401 1137 dominium.
416 1074 608 1136 Conveniens
620 1078 729 1135 tamen
742 1079 810 1134 erat
822 1078 857 1133 ut
868 1074 1041 1153 Episcopus
1054 1074 1233 1152 invigilaret

213 1175 288 1235 huic
299 1173 565 1234 administrationi
575 1173 617 1232 ad
629 1172 853 1250 praecavendos
861 1173 988 1248 abusus,
999 1179 1031 1233 et
1041 1172 1231 1234 detrimenta
1256 1165 1257 1168 '

214 1291 284 1352 quae
299 1273 412 1332 exinde
426 1275 495 1332 tum
508 1271 585 1350 ipsae
598 1270 850 1344 communitates,
862 1275 931 1331 tum
944 1271 1067 1350 religio.
1084 1276 1230 1350 peteren-

213 1375 275 1430 tur.
291 1369 371 1430 Hinc
386 1372 540 1429 statutum
555 1367 614 1426 fuit
626 1386 646 1427 a
660 1367 808 1444 Gregorio
823 1368 886 1442 XV,
902 1368 1007 1428 Const.
1021 1367 1229 1438 Inscrmtobili,
1257 1394 1258 1462 p

214 1474 250 1529 ut
269 1467 524 1528 administrantes
545 1466 630 1525 bona
651 1465 692 1525 ad
715 1465 907 1526 monasteria
929 1466 1229 1542 sanctimonialium,
1257 1465 1258 1486 *

217 1591 233 1621 «
248 1567 343 1626 etiam
359 1563 569 1643 Regularibus
583 1563 796 1642 subjectarum
809 1551 1019 1642 pertinentia,
1029 1564 1168 1642 singulis
1180 1583 1229 1625 au⁴

210 1649 233 1720 ¹u
248 1665 296 1724 nis
306 1663 445 1725 rationes
455 1661 738 1723 administrationis
750 1661 880 1722 reddere
890 1666 1071 1736 teneantur,
1087 1663 1133 1723 ad
1141 1663 1229 1741 idque

220 1761 393 1823 «remediis
409 1760 489 1839 juris
509 1760 580 1838 cogi
599 1765 630 1820 et
644 1759 791 1837 compelli
808 1765 944 1839 queant;
965 1760 1128 1840 liceatque
1146 1760 1228 1839 Epis·
1258 1759 1259 1830 t

217 1884 233 1914 «
249 1878 329 1938 copo
344 1877 384 1920 ex
397 1858 580 1919 rationabili
601 1875 697 1918 causa
715 1858 894 1937 superiores
909 1857 1081 1919 admonere
1097 1864 1136 1918 ut
1150 1856 1225 1936 ejus·
1258 1849 1259 1852 '

217 1956 337 2018 «modi
356 1955 627 2018 administratores
643 1961 849 2016 amoveant.»
865 1955 894 2035 (§
914 1955 957 2036 5.)
971 1956 1002 2016 S.
1021 1955 1227 2033 congregatio

215 2053 430 2133 Regularium,
448 2071 585 2133 saepe'ea
602 2053 640 2113 de
661 2071 757 2113 causa
775 2053 981 2132 interrogata,
998 2053 1177 2116 declaravit
1192 2052 1228 2112 ad

215 2158 354 2214 mentem
368 2151 600 2212 constitutionis
610 2150 752 2228 Gregorii
762 2152 826 2224 XV,
839 2151 1031 2230 Episcopum
1044 2171 1109 2212 non
1121 2151 1228 2212 debere
1259 2128 1260 2173 ἦ

216 2269 249 2312 se
270 2251 412 2330 ingerere
432 2251 465 2310 in
486 2249 794 2310 administrationem
813 2249 965 2310 directam
986 2251 1158 2322 bonorum,
1179 2247 1227 2308 sed
1259 2261 1260 2264 ’

217 2348 257 2409 ab
281 2367 319 2410 eo
341 2347 565 2429 approbandos
587 2364 653 2407 esse
673 2345 943 2408 administratores
967 2353 1137 2408 extraneos
1156 2363 1228 2425 quos

214 2452 389 2508 conventus
417 2446 564 2524 elegerit,
590 2444 651 2524 ipsi
674 2444 853 2506 reddendas
877 2464 944 2506 esse
964 2446 1104 2506 rationes
1126 2445 1227 2521 singu·

215 2543 254 2604 lis
283 2545 383 2619 annis,
418 2562 496 2623 quas
529 2544 686 2622 approbat
715 2549 770 2604 aut
797 2543 966 2622 improbat,
993 2543 1228 2604 reformationes

217 2641 384 2716 abusuum,
414 2643 441 2702 si
469 2642 558 2708 locus
583 2641 688 2718 luerit,
709 2640 925 2720 injungend03
950 2641 1055 2702 nullas
1077 2642 1227 2721 impensas

218 2738 495 2814 extraordinarias,
530 2757 589 2800 nec
623 2738 887 2800 commutationes
918 2738 1141 2812 immobilium,
1173 2753 1223 2796 nec

218 2836 439 2914 acquisitiones
464 2855 615 2898 onerosas
635 2837 669 2896 in
687 2854 731 2912 re
742 2837 847 2913 gravis
867 2837 1030 2910 momenti,
1046 2837 1163 2897 aliosve
1177 2851 1221 2894 ac·

218 2939 269 2994 tus
284 2933 480 3014 hujusmodi,
497 2935 566 2995 fieri
584 2953 688 3014 posse,
705 2951 743 2996 eo
758 2953 823 2994 non
837 2933 994 2996 consulto.

277 3032 347 3093 499.
360 3065 400 3076 -
410 3033 464 3093 lV⁰
478 3032 549 3106 One
558 3034 599 3093 sit
599 3031 778 3112 jurisdictio
788 3031 940 3113 Episcopi
949 3031 982 3092 ln
991 3030 1225 3110 congregationes

217 3149 277 3190 non
291 3129 468 3211 eaemptos?
1089 3125 1094 3132 '

277 3224 1222 3308 VelcongregationeslueruntapprobataeaS.Sede,velnou.

278 3330 303 3390 Ι.
327 3327 483 3399 Quamdiu
493 3327 754 3406 congregationes
763 3325 934 3405 religiosa,
947 3327 1012 3387 sive
1022 3325 1162 3386 virorum
1171 3321 1225 3380 sive

220 3426 400 3499 mulierum,
412 3444 476 3485 non
489 3424 694 3484 obtinuerunt
707 3424 1001 3504 approbationema
1015 3425 1133 3485 Sancta
1145 3419 1224 3488 Sede,

220 3523 419 3584 dimittuntur
429 3522 577 3601 prudenti
587 3521 717 3582 arbitrio
728 3523 958 3601 Episcoporum
968 3521 1001 3581 in
1012 3520 1225 3596 omnibusque

222 3637 261 3679 ex
273 3627 387 3682 natura
399 3639 507 3681 rerum
527 3620 660 3680 subsunt
676 3619 889 3697 jurisdictioni
901 3619 1059 3698 spirituali
1072 3637 1079 3692 3
1094 3612 1227 3691 Episcopi

222 3735 296 3776 vero
304 3719 459 3779 rationem
467 3718 585 3782 habere
594 3715 922 3787 debentvotorum,si,
934 3714 974 3770 de
982 3728 1040 3770 sua
1050 3709 1101 3771 vel
1111 3725 1225 3772 suorum
