2568 4272
222 265 274 317 tlt
415 265 424 274 ⁰
563 271 634 318 PARS
656 271 690 317 11.
712 271 898 318 ruobertus

219 387 425 466 praedicandi,
437 392 636 447 sacramenta
648 385 796 447 fidelibus
810 385 1061 460 administrandi,
1076 384 1189 445 fideles
1200 386 1233 445 ad

220 503 292 545 suas
305 485 478 564 respective
494 485 649 546 Ecclesias
661 483 850 561 adducendi,
863 502 901 544 eo
916 483 1011 545 modo
1025 483 1082 563 qui
1098 482 1234 562 pluribus

218 583 304 644 visus
317 589 365 644 est
378 582 534 667 derogans
552 581 677 661 juribus
694 581 943 661 parochialibus
963 582 1089 662 ipsique
1107 581 1233 642 Ordina-

141 678 143 704 ⁵
223 681 342 742 riorum
356 681 513 758 dignitati.

280 781 427 842 Nostrum
454 797 517 839 non
544 783 592 839 cst
614 779 728 839 harum
754 778 1042 838 controversiarum
1073 776 1236 838 historiam

220 877 348 950 reterre,
366 883 398 937 et
418 877 632 956 querelarum,
648 875 820 956 inquibus,
838 881 872 936 ut
892 876 1006 955 saepius
1021 876 1133 936 evenit
1145 875 1179 936 in
1193 894 1235 935 ar·

221 975 291 1034 duis
304 975 450 1052 negotiis,
468 975 615 1054 utrinque
631 978 796 1053 peccatum
811 978 869 1035 est.
886 976 918 1036 S.
931 974 1006 1035 Pius
1021 975 1049 1036 V
1063 973 1235 1034 testaturin

222 1073 327 1134 Gcnst.
345 1071 420 1133 Etsi
430 1071 668 1133 Mendctantium
690 1070 754 1152 (an.
779 1072 882 1152 1567),
902 1071 943 1132 ad
963 1071 1237 1132 confirmationem

221 1177 252 1232 ct
262 1189 386 1232 novam
395 1170 628 1232 concessionem
638 1171 836 1231 indultorum
847 1189 905 1250 pro
916 1169 1085 1231 ordinibus
1099 1172 1236 1232 Fratrum

220 1269 467 1330 Mendicantium
486 1268 571 1343 data,
592 1267 749 1349 plerosque
761 1287 799 1329 ec
812 1266 1054 1348 Arelatepc'scopcs
1066 1277 1099 1328 et
1121 1266 1236 1348 Episco

218 1368 268 1449 pis
282 1367 397 1428 horum
418 1366 566 1427 ordinum
580 1366 753 1446 privilegiis
775 1384 948 1444 gravamen
971 1365 1087 1428 afferre
1112 1371 1232 1431 conatos

220 1483 286 1526 esse
302 1463 329 1545 (§
346 1466 386 1542 l).
404 1463 578 1526 Verisimile
594 1470 642 1526 est
654 1482 718 1524 noa
733 1463 870 1524 defuisse
879 1463 1034 1544 quosdam
1056 1483 1099 1525 ex
1109 1469 1160 1526 tot
1171 1481 1238 1542 pra-

205 1633 207 1636 ·
221 1563 292 1624 latis
305 1562 360 1642 qui
375 1561 475 1640 magis
490 1579 523 1623 se
538 1561 690 1632 sollicitos
703 1561 876 1624 habuerint
890 1562 929 1623 de
940 1563 1101 1624 servanda
1115 1561 1234 1640 iutegri-

221 1666 286 1722 tate
301 1677 366 1722 suae
379 1659 617 1739 jurisdictionis,
633 1678 730 1740 quam
741 1660 780 1720 de
791 1660 943 1739 obsequio
959 1660 1150 1740 praestando
1163 1678 1237 1720 man-

221 1757 302 1818 datis
315 1758 439 1819 Sanctus
455 1757 558 1832 Sedis
570 1777 641 1838 quae
651 1757 821 1819 certissime
832 1763 945 1836 potest,
958 1758 999 1818 ad
1012 1757 1235 1820 consulendum

222 1856 410 1918 utilitatibus
420 1854 567 1918 Ecclesia
578 1856 774 1928 universalis,
790 1856 907 1917 limites
922 1875 1087 1936 apponere
1099 1855 1235 1936 jurisdic-

221 1955 299 2016 tioni
313 1953 481 2017 ordinaria
492 1955 732 2035 Episcoporum,
744 1954 1009 2035 exemptionibus,
1020 1973 1078 2016 seu
1088 1955 1235 2018 localibus

221 2073 276 2118 seu
295 2053 533 2133 personalibus;
551 2058 583 2114 at
597 2053 779 2115 nullatcnus
795 2053 927 2114 dubium
948 2058 996 2114 est
1011 2053 1124 2133 plures
1148 2072 1231 2131 regu-

221 2155 304 2215 lares
326 2153 524 2214 occasionem
541 2151 715 2230 praebuisse
731 2151 869 2231 querelis
883 2151 1131 2232 Episcoporum,
1149 2169 1234 2230 exag-

221 2253 363 2330 gerando
373 2251 446 2330 jura
467 2249 528 2310 sibi
546 2249 682 2322 indulta,
704 2249 804 2329 iisque
827 2250 945 2310 utendo
966 2250 1063 2310 modo
1086 2250 1230 2311 indebito.

222 2353 281 2412 Res
296 2369 333 2411 eo
353 2350 546 2410 devenerant
565 2353 601 2408 ut
624 2347 720 2407 «nisi
742 2365 853 2408 eorum
875 2346 1041 2408 conatibus
1058 2347 1234 2428 Apostolics

225 2470 239 2506 a
254 2449 349 2510 Sedes
364 2447 549 2521 obstitisset,
566 2445 796 2525 Episcoporum
807 2445 1064 2524 jurisdictionem
1077 2447 1147 2513 fere
1161 2446 1235 2506 labe-

226 2567 239 2604 «
254 2547 423 2606 lactassent
438 2569 468 2618 s,
497 2545 544 2605 ait
556 2543 745 2604 Benedictus
759 2544 838 2606 xlv,
856 2543 889 2603 in
925 2560 1020 2622 opere
1040 2541 1079 2604 de
1106 2541 1232 2625 Synodc,

221 2644 277 2705 lib.
288 2644 325 2719 V,
341 2663 411 2723 cap.
426 2661 458 2720 v,
476 2651 512 2703 n⁰
527 2645 556 2703 6.

281 2743 447 2822 Exemptio
463 2741 656 2820 regularium
671 2740 798 2802 transiit
820 2740 919 2818 igitur
939 2739 1038 2820 injus
1060 2757 1232 2811 commune,

222 2860 285 2900 non
314 2842 498 2901 omnimoda
522 2839 668 2918 quidem,
695 2839 751 2899 scd
774 2839 858 2900 intra
884 2843 987 2900 certos
1015 2839 1136 2901 limites
1164 2855 1232 2918 quos

222 2939 439 3018 praelinierunt
457 2939 584 3006 decreta
601 2937 786 2999 Tridentina
801 2943 833 2998 et
852 2937 1093 3000 constitutiones
1108 2935 1231 3000 Pontifi-

222 3037 290 3110 ciae,
307 3042 342 3097 ut
356 3036 591 3115 prospiceretur
605 3035 787 3098 auctoritati
801 3036 1050 3115 Episcoporum3
1065 3035 1153 3115 quod
1167 3051 1232 3096 mox

222 3153 428 3215 exponemus.

280 3235 333 3296 His
348 3233 518 3313 praemissis
534 3234 572 3293 de
587 3232 708 3310 origine
724 3232 967 3311 privilegiorum
982 3251 1054 3312 quae
1070 3237 1144 3294 sunl
1162 3249 1229 3294 con·
1265 3281 1266 3312 ,

222 3351 309 3396 cessa
327 3332 537 3412 regularibus,
559 3331 699 3393 dicemus
722 3347 792 3409 quae
813 3331 854 3391 sit
869 3330 1050 3410 jurisdictio
1072 3333 1228 3414 Episcopo·
1265 3315 1266 3320 ¹

221 3450 293 3491 rum
305 3448 312 3492 :
326 3433 357 3490 1ο
371 3432 404 3491 in
417 3429 679 3508 congregationes
691 3435 855 3508 exemptas
870 3430 1011 3492 virorum
1024 3431 1226 3512 regularium3

222 3533 255 3589 2⁰
262 3529 296 3589 in
304 3528 568 3607 congregationes
577 3526 766 3587 monialium
781 3526 928 3589 similiter
938 3537 1118 3608 exemptam
1132 3530 1225 3588 meen-

223 3625 342 3685 demin
357 3625 617 3705 congregationes
632 3642 696 3684 non
711 3630 886 3704 exemptas.
1265 3691 1266 3702 ,

281 3725 351 3781 lec.
369 3755 407 3768 -
418 3724 458 3782 ΙΙΟ
475 3722 545 3796 Ocea
559 3723 599 3782 sit
610 3722 774 3782 auctoritas
787 3721 1008 3804 Episcoporum
1024 3723 1056 3782 in
1070 3736 1219 3802 congrego·
1265 3715 1266 3780 l
