2582 4278
345 312 412 363 tur.
433 311 469 362 11.
489 312 616 363 millii)
636 311 858 362 utrlrutonuu.
1059 303 1108 360 tlt

92 429 188 508 gata
211 429 315 492 etiam·
329 429 464 509 insignis
482 449 547 493 non
568 431 747 510 reputanda
767 435 815 492 est
836 447 932 492 causa
952 428 1056 509 major
1074 430 1107 492 S.

92 526 167 590 sodi
184 532 344 589 reservata
360 545 400 590 ex
415 528 486 608 ipsa
501 534 618 590 natura
635 527 784 604 instituti,
802 546 861 612 neo
880 546 919 590 er
934 526 1109 590 ordinatio-

93 625 186 686 nibus
204 623 285 705 juris
307 626 495 687 communis.
524 627 593 688 Non
614 626 744 706 quidem
771 644 809 688 ex
833 644 866 687 se
891 643 899 686 :
924 624 1004 686 nibil
1025 623 1110 686 enirn

93 723 193 784 babet
215 722 301 803 quod
322 723 439 786 reiciat
460 724 500 786 ad
522 724 696 786 Ecclesiam
716 723 938 797 universalem,
965 727 997 783 ct
1020 721 1112 784 valde

92 819 229 882 differta
240 811 416 883 cathedrali
428 839 499 902 qnae
509 822 663 902 ltpiscopo
678 821 860 896 auxiliatur,
874 819 1028 900 illumque
1041 839 1113 900 snp-

93 917 171 997 plet‚
193 919 266 980 sede
284 925 428 982 vacante.
450 921 513 982 Nec
531 921 628 982 etiam
647 939 687 982 ex
704 918 822 998 regulis
840 919 917 999 juris
936 937 944 981 :
964 919 1110 1000 quando·
1146 903 1157 922 ⁸

93 1015 223 1094 quidem
237 1015 343 1078 nullus
358 1016 488 1078 affertur
501 1022 607 1079 textus
620 1016 841 1090 Decretalium,
858 1015 948 1078 nulla
962 1015 1111 1078 constitu·

92 1113 139 1174 tio
159 1131 179 1174 a
199 1115 316 1176 Sancta
334 1114 426 1190 Sede,
447 1114 497 1177 vel
518 1134 539 1176 a
559 1114 701 1177 conciliis
718 1116 797 1194 lata,
823 1115 864 1178 ad
884 1114 1112 1176 reservandum

92 1209 156 1272 hoe
186 1228 286 1290 mnus
316 1213 435 1290 negotii
464 1211 646 1274 auctoritati
676 1230 833 1292 suprema
862 1212 900 1274 S.
932 1210 1110 1274 Pontificio.

92 1311 125 1368 2ο
142 1308 175 1370 S.
190 1309 357 1386 Gregorius
369 1311 423 1372 Vll
438 1310 547 1371 statuit
560 1311 597 1371 ut
610 1309 770 1390 Episcopi,
786 1309 992 1371 facultatibus
1003 1307 1113 1370 anm

92 1406 225 1482 siarum,
246 1406 451 1485 proventibus
467 1413 500 1468 et
519 1408 666 1487 expensis
683 1407 851 1487 diligenter
867 1406 1028 1486 inspectis,
1050 1421 1115 1466 cer·

92 1509 163 1566 tum
181 1505 281 1566 ineis
301 1503 431 1568 valeant
448 1524 566 1585 ponere
586 1525 755 1568 numerum
774 1505 962 1568 clericorum
984 1509 1016 1565 et
1033 1520 1130 1584 praa,

93 1601 230 1665 scribere
255 1626 272 1660 n
295 1607 331 1664 ut
351 1603 436 1664 bona
459 1623 569 1665 eorum
587 1604 767 1666 venientia
789 1621 969 1677 commune,
992 1601 1024 1662 in
1048 1619 1112 1662 una

95 1723 111 1759 «
125 1699 223 1762 domo
237 1706 416 1774 vescantur,
431 1705 526 1782 atque
541 1704 599 1764 sub
615 1721 681 1764 uno
693 1707 775 1765 tecto
790 1700 951 1763 dormiant
965 1705 997 1762 et
1011 1699 1114 1780 quies·

98 1818 113 1855 n
126 1802 212 1859 cant.
228 1820 243 1856 n
261 1798 350 1880 (Gap.
367 1798 524 1874 Quocum
535 1803 566 1876 9,
582 1817 621 1861 nn
634 1803 714 1863 vrrs
728 1817 769 1864 ar
788 1803 923 1862 Horasr.
940 1797 1038 1878 casn.)
1057 1796 1114 1858 llic

93 1894 200 1972 agitur
216 1895 256 1956 de
273 1896 442 1974 collegiata
457 1897 618 1972 soeculari3
637 1904 671 1959 et
687 1897 834 1962 omnibus
848 1896 1011 1977 Episcopis
1028 1895 1116 1957 attri-

94 1992 172 2054 buta
188 1992 315 2056 videtur
324 1994 460 2059 facultas
474 1997 630 2057 llcclesias
644 1995 710 2060 suae
725 1995 869 2058 dioecesis
883 1995 916 2056 in
931 1994 1114 2074 collegiatae

94 2091 248 2169 erigendi,
269 2092 570 2172 qnando,inspecto
586 2093 715 2156 illarum
730 2099 825 2170 statu,
845 2094 877 2154 id
897 2098 1113 2174 opportunum

92 2187 324 2266 judicaverint;
345 2191 489 2270 quamvis
503 2191 587 2252 enim
604 2193 635 2254 S.
655 2192 822 2270 Gregorius
838 2210 929 2254 suam
947 2190 1114 2272 epistolam

96 2287 285 2349 decretalem
298 2289 339 2349 ad
352 2289 507 2368 quosdam
517 2289 549 2350 in
561 2289 748 2369 particulari
761 2290 935 2370 Episcopos
949 2287 1109 2361 direxerit,

96 2401 133 2446 co
147 2385 218 2464 ipso
233 2386 321 2466 quod
333 2386 451 2448 inserta
465 2392 512 2448 est
527 2388 560 2448 in
574 2387 893 2463 librouecretalium,
911 2386 1024 2448 merito
1042 2404 1114 2448 con·

97 2481 236 2544 cluditur
254 2484 413 2546 transiisse
427 2484 527 2564 injus
546 2504 725 2550 commune.
747 2487 780 2547 3⁰
798 2488 865 2547 Hac
883 2489 1038 2566 potestate
1058 2500 1113 2545 sae-

98 2580 168 2660 pius
183 2581 260 2643 olim
273 2600 348 2643 usos
358 2581 454 2644 luisse
466 2583 636 2664 Episcopos
652 2589 828 2663 agnoscunt
842 2583 987 2645 doctores
1001 2581 1056 2662 qui
1069 2599 1115 2642 se-

99 2679 235 2740 cundam
249 2679 433 2760 opinionem
444 2687 637 2762 sequuntur3
652 2687 684 2744 et
695 2682 820 2762 praxim
835 2679 1018 2762 hujusmodi
1029 2680 1116 2761 apud

98 2773 255 2854 nonanta
267 2777 374 2840 rerum
386 2779 576 2842 Gallicarum
588 2780 871 2862 perturbationem,
887 2779 991 2842 adhuc
1005 2777 1116 2858 persti-

99 2875 170 2937 tisse
195 2876 271 2938 satis
293 2877 458 2956 probabile
482 2883 529 2940 est
552 2878 593 2940 ob
617 2877 801 2959 opinionem
824 2879 907 2939 inter
935 2877 1115 2939 canonistas

100 2974 235 3038 Gallicos
249 2975 532 3040 communiorem¹.
937 2992 939 2996 ’

160 3073 423 3135 communissima
440 3079 548 3136 tamen
562 3075 682 3156 opinio,
698 3095 770 3157 quae
788 3076 922 3138 decursu
936 3080 1115 3155 temporum

101 3172 267 3249 prevaluit
281 3172 366 3252 apud
381 3173 571 3249 canonistas,
587 3169 683 3253 negat
696 3175 729 3236 id
740 3175 821 3256 juris
835 3180 1015 3255 competere
1031 3170 1115 3252 Epis

101 3269 197 3356 copis.
212 3294 227 3325 n
235 3273 324 3332 Hanc
333 3271 533 3344 sententiam,
543 3272 616 3334 licet
624 3291 773 3352 expresso
783 3279 872 3335 textu
882 3291 946 3334 non
954 3269 1113 3343 fulciatur,

104 3389 118 3422 n
133 3372 242 3430 tamen
260 3369 429 3431 confovent
447 3371 553 3452 plures
570 3371 718 3446 rationes,
741 3369 785 3433 ait
802 3371 893 3435 tlard.
913 3372 1028 3443 Petra;
1047 3373 1116 3428 tum

105 3485 119 3519 n
134 3465 210 3544 quia
216 3466 350 3546 collegia
357 3467 483 3529 nonnisi
491 3473 647 3548 potestate
655 3468 809 3548 Principis
818 3466 958 3548 supremi
965 3464 1117 3544 erigenda

149 3627 171 3673 r.
187 3624 302 3686 eonon,
320 3625 403 3676 narn
423 3627 468 3677 ses
487 3627 627 3693 senescet,
647 3631 714 3678 tom.
732 3628 755 3688 1,
772 3605 833 3692 pag]
852 3621 891 3688 oa,
907 3628 950 3690 or;
967 3654 997 3663 -
1017 3625 1116 3687 ciaon,

105 3697 264 3750 lmtttuttons
278 3701 375 3764 scotta,
392 3706 457 3754 tom.
473 3704 493 3764 l,
506 3717 567 3768 pag.
587 3705 648 3766 4703
663 3731 694 3742 -
709 3703 884 3767 d'lltricourt,
898 3703 956 3756 bots
967 3699 1117 3755 accusasti·

107 3787 174 3839 ques,
184 3777 219 3827 ΙΙθ
230 3777 324 3840 partio,
336 3777 414 3842 cbap.
428 3792 478 3844 m,
491 3789 524 3831 nt
535 3783 574 3832 35.
