2582 4278
145 286 151 294 .
252 213 302 270 168
618 219 694 268 Pana
713 219 746 266 11.
767 218 897 268 ctafltcl.

249 338 287 398 l9
302 336 377 398 maii
391 337 479 398 1838.
504 369 544 382 -
564 336 649 397 Inter
671 353 715 408 se,
734 336 861 415 quando
884 337 982 398 choro
1010 344 1064 400 aut
1087 348 1240 407 conventui
1281 375 1282 410 t

248 433 416 514 capitulari
431 433 598 510 adsistunt,
616 439 744 494 servant
763 434 908 495 ordinem
927 437 1053 496 statutis
1070 439 1242 516 praeilxum:
1276 480 1280 510 ι,

246 533 357 594 sedent
378 532 582 611 primoloco
611 531 794 609 dignitates,
824 531 937 593 deinde
967 541 1172 612 personatus;
1198 540 1243 602 alii
1276 548 1280 596 l

248 628 744 708 postea,servatoinstallationis
758 628 877 691 ordine.
1279 700 1280 710 ἵ

304 715 338 787 4⁶
356 727 389 788 Si
403 728 484 788 forte
499 727 561 788 sint
578 727 661 788 inter
681 727 849 789 canonicos
863 729 918 807 qui
935 729 1151 807 insignientur
1171 733 1244 796 titulo
1276 727 1280 806 ἕ

245 825 515 905 protonotariatus
533 825 710 904 apostolici,
731 826 984 916 servantlocum
1005 828 1053 889 sui
1075 830 1203 904 ordinis,
1220 840 1245 894 ut
1275 868 1280 908 ς

246 922 398 996 canonici,
417 923 543 1004 quando
557 923 708 984 incedunt
727 922 760 983 i'n
778 923 889 984 habitu
905 926 1066 986 canonicis
1086 930 1243 992 communi.
1276 919 1280 1003 l

247 1021 281 1084 Si
294 1039 370 1082 vero
382 1021 429 1082 uti
439 1021 538 1082 velint
553 1020 664 1081 habitu
679 1020 861 1099 praelatitio,
878 1041 992 1102 nempe
1008 1024 1171 1087 rocchetto
1188 1046 1245 1087 cum
1275 1014 1280 1123 l

245 1119 466 1191 manteletto¹,
494 1118 603 1178 sedent
633 1123 705 1196 post
737 1119 922 1191 canonicos3
953 1127 1145 1200 reputantur
1177 1125 1244 1185 enin
1276 1128 1281 1201 Ι

245 1215 337 1295 quasi
352 1215 503 1290 extranei,
518 1215 669 1294 nulloque
682 1214 754 1294 jure
773 1216 991 1294 praecedentia
1005 1220 1147 1297 gaudent
1158 1221 1190 1281 in
1203 1241 1244 1282 ca·
1284 1257 1285 1264 ,

243 1313 358 1392 pitulo.
370 1315 468 1374 Extra
478 1313 622 1386 chorum,
633 1313 858 1386 Protonotarii,
869 1315 985 1375 nedum
997 1311 1038 1376 od
1049 1317 1150 1378 inetur
1159 1322 1244 1400 porti-
1284 1353 1285 1356 =

243 1411 421 1492 repentium,
434 1411 488 1471 sed
506 1416 537 1471 et
556 1411 652 1472 etiam
667 1411 842 1484 honorarii,
859 1411 914 1490 qni
936 1413 1072 1474 titularet
1094 1423 1243 1490 vocantur,

242 1504 319 1570 dum
342 1507 492 1568 incedunt
504 1507 606 1568 induti
628 1507 739 1568 habitu
754 1507 935 1587 praelatitio,
952 1512 1143 1588 praecedunt
1157 1514 1243 1574 omni-
1280 1531 1286 1590 ς

241 1606 301 1666 b'us
315 1605 445 1678 clericis,
467 1605 684 1666 sacerdotibus
705 1605 910 1684 simplicibus,
933 1612 964 1668 et
978 1607 1054 1687 ipsis
1079 1611 1238 1684 canonicis,

242 1703 423 1782 singulatim
438 1703 570 1782 sumptis
582 1702 627 1783 (n⁰
642 1704 712 1776 123,
727 1707 751 1765 t.
765 1705 789 1778 1,
807 1723 839 1783 p.
855 1703 937 1786 205).
1280 1703 1284 1781 ζ

247 1853 251 1865 .
300 1802 441 1864 Vicarius
463 1801 628 1880 generalis,
644 1801 670 1880 si
693 1801 733 1862 sit
755 1819 772 1862 e
798 1803 917 1880 gremio
941 1803 1083 1883 capituli,
1108 1810 1139 1866 et
1154 1807 1239 1869 choro
1281 1798 1284 1834 *

240 1900 366 1962 intersit
376 1919 447 1961 cum
462 1899 572 1960 habitu
586 1898 821 1973 canonicorum,
837 1919 928 1960 suum
943 1901 1048 1962 locum
1057 1902 1157 1964 habet
1169 1905 1241 1964 inter
1282 1935 1287 1992 ι

240 2002 379 2070 caeteros,
394 2015 451 2058 nec
466 1997 506 2058 ab
523 1995 567 2057 eis
584 1996 650 2058 ulla
671 1997 909 2075 praeeminentia
923 1999 1106 2059 secernitur.
1126 2001 1159 2061 Si
1176 2019 1240 2060 vero
1285 1993 1287 2038 l

239 2094 362 2156 intersit
376 2094 409 2155 in
424 2093 535 2155 habitu
551 2093 703 2174 vicariali,
720 2095 870 2173 praecedit
893 2095 1100 2174 dignitatibus
1114 2104 1146 2158 et
1161 2115 1243 2158 cano·
1285 2117 1288 2240 ι

239 2192 317 2253 nicis
335 2196 421 2253 veste
441 2192 563 2252 chorali
587 2191 716 2253 indutis.
737 2194 836 2253 Porro
863 2192 990 2256 habitus
1016 2194 1175 2256 vicarialis
1203 2201 1241 2256 eet
1287 2241 1288 2270 ,

235 2291 330 2352 vestis
353 2289 462 2352 talaris
477 2295 559 2351 cum'
576 2291 726 2351 mantello
754 2295 785 2350 et
808 2290 937 2352 biretto.
965 2292 1092 2352 Etenim
1116 2293 1242 2355 vicarius
1287 2331 1288 2334 κ

235 2389 401 2468 generalis,
418 2407 483 2468 qua
501 2388 584 2461 talis,
610 2407 673 2449 non
694 2393 741 2449 est
762 2388 942 2462 canonicus,
966 2389 1164 2470 quapropter
1185 2409 1242 2451 nou

235 2487 329 2548 debet
343 2487 473 2548 induere
491 2491 610 2547 vestem
626 2485 788 2546 choralem
808 2486 1053 2563 canonicorum
1071 2507 1130 2550 nec
1157 2489 1241 2550 etiem

233 2590 282 2645 est
306 2584 482 2646 necessario
506 2583 681 2663 presbyter,
705 2588 760 2644 aut
783 2583 880 2645 sacris
900 2585 1066 2646 ordinibus
1087 2586 1240 2658 initiatus;

234 2681 351 2742 suflicit
361 2686 396 2741 ut
410 2681 450 2741 sit
463 2681 727 2762 clero'cooptatus
746 2697 803 2759 per
816 2679 898 2760 prim
904 2699 956 2741 am
971 2687 1137 2743 tonsuram
1149 2702 1156 2745 :
1174 2700 1240 2761 ergo

232 2784 352 2840 vestem
364 2783 488 2840 tantum
501 2778 678 2840 clericalem
691 2777 796 2838 induit
805 2785 930 2857 quoties
940 2797 1004 2840 non
1015 2779 1079 2840 alio
1095 2779 1189 2842 titulo
1204 2780 1242 2839 in.

234 2881 331 2938 teresi
343 2895 440 2956 quam
456 2876 622 2938 vicariatus
638 2875 806 2954 generalis·

293 2976 368 3036 llaec
387 2973 547 3038 dictasint
568 2973 608 3032 ad
633 2972 853 3053 praescriptum
875 2971 956 3052 juris
977 2975 1170 3048 communis;
1188 2973 1239 3035 scd

277 3153 301 3200 l.
320 3145 505 3198 Mantelettum
525 3146 623 3194 vocant
638 3146 741 3194 vastem
760 3142 912 3194 breviorem
940 3146 1072 3207 apertam,
1092 3145 1130 3194 ita
1151 3147 1180 3195 ut
1197 3155 1238 3208 par

229 3224 358 3276 scissuras
369 3220 478 3274 brachia
490 3219 591 3270 extrahi
600 3219 703 3283 possint
712 3235 718 3280 ;
727 3219 801 3268 illam
811 3217 914 3282 praelati
929 3223 1034 3282 gestant
1044 3233 1126 3283 snper
1136 3222 1232 3269 restem

230 3300 384 3353 inferiorem
404 3297 523 3359 talarem,
545 3295 653 3361 quando
674 3294 802 3346 incedunt
825 3294 855 3346 tu
878 3293 972 3344 habitu
992 3294 1144 3360 prestation.
1168 3294 1239 3344 color

231 3374 381 3429 manteletti
392 3373 585 3426 determinatur
598 3385 631 3422 ex
645 3370 728 3436 gradu
740 3369 899 3435 praelatura.
908 3371 990 3420 Porro
997 3369 1176 3422 protonotarii
1185 3367 1238 3420 nul-

230 3463 285 3514 lam
301 3452 495 3516 prelationem,
510 3449 538 3498 id
552 3451 592 3500 est
603 3447 649 3512 jus
664 3445 924 3511 praedominatur
940 3459 1065 3510 arrogare
1080 3447 1178 3508 valent,
1192 3443 1238 3494 nisi

231 3530 363 3594 quatenus
377 3527 469 3577 habitu
485 3523 623 3590 prolatitio
636 3525 750 3574 utuntur
767 3534 801 3570 t«
816 3521 919 3584 absque
934 3521 1011 3571 dictis
1032 3522 1194 3586 insignibus,
1206 3518 1237 3568 ait

233 3603 375 3667 alliganti,
391 3605 550 3667 reputentur
559 3604 586 3651 et
598 3598 733 3650 habentur
746 3597 785 3647 uti
801 3597 897 3660 privati
913 3597 1011 3660 clerici,
1027 3597 1071 3648 vel
1087 3593 1236 3668 presbyteri,

233 3698 246 3727 a
262 3678 338 3730 nulla
349 3677 479 3742 dignitato
491 3676 608 3730 decorati
622 3694 645 3726 ».
662 3675 700 3725 De
712 3672 902 3725 Protonotore'ir
914 3672 1070 3739 apostolicis.
