2582 4278
220 291 272 344 138
588 297 661 348 PARS
681 297 717 346 11.
738 296 868 346 otbaldi.

218 413 460 494 respexerimus,
477 413 644 494 apparebit
657 417 796 476 mentem
810 411 999 476 venerabilis
1010 411 1123 492 synodi
1136 409 1226 472 fuisse

218 517 254 574 ut
270 510 410 590 capitula
424 529 489 574 non
503 529 537 572 se
551 511 707 574 haberent
721 510 851 572 seorsim
866 511 906 572 ab
920 509 1087 589 Episcopo,
1103 509 1160 570 sed
1172 527 1225 587 po-

219 609 283 670 tius
293 615 330 670 ut
339 608 397 683 illi,
408 613 562 688 tanquam
576 609 721 670 membra
730 608 871 688 corporis
880 625 937 669 suo
948 606 1057 686 capiti,
1066 605 1227 668 unirentur
1283 625 1284 661 1

181 773 184 780 ,
218 712 249 768 et
262 705 503 784 subjicerentur,
520 707 607 786 quod
623 707 896 768 manifestatores
909 704 1013 784 capita
1027 723 1057 768 vr
1068 703 1105 764 da
1119 703 1226 782 Refor-

219 811 292 866 mut.
308 804 460 866 Sessionis
478 821 550 867 xxv.
568 805 615 866 lbi
632 805 751 866 scilicet
763 808 933 884 postquam
948 821 987 864 ea
1000 801 1149 864 ordinata
1162 806 1227 870 suut
1283 833 1284 838 κ

178 913 180 916 ·
217 917 292 980 ,qum
302 901 475 981 Episcopus
484 903 652 964 observare
662 902 778 964 debeat
788 901 1008 964 invisitatione
1020 899 1227 978 capitulorum

221 1004 450 1086 eremptorum,
467 999 630 1061 subditur:
646 1003 743 1062 «llaec
756 1005 862 1061 autem
878 999 985 1060 omnia
996 999 1030 1060 in
1041 998 1078 1058 iis
1088 993 1228 1058 Ecclesiis

224 1113 238 1152 a
251 1096 358 1159 locum
368 1116 434 1170 non
445 1097 749 1178 habeant'inqnibus
762 1098 919 1177 Episcopi,
933 1102 988 1172 aut
1000 1113 1112 1158 eorum
1124 1093 1229 1156 vicarii

225 1215 239 1252 u
252 1211 293 1256 ex
306 1194 593 1268 constitutionibus,
610 1197 660 1258 vel
674 1195 857 1275 privilegiis,
869 1200 925 1256 aut
938 1193 1226 1265 consuetudinibus,

223 1309 307 1360 «seu
323 1309 522 1373 quocumque
542 1293 604 1354 alio
616 1293 704 1372 jure,
723 1292 878 1372 majorem
893 1292 1014 1353 habent
1027 1296 1227 1370 potestatem,
1280 1311 1285 1374 f

168 1439 170 1443 .
221 1411 237 1445 r
253 1391 473 1451 auctoritatem
488 1409 525 1450 ac
531 1389 794 1468 jurisdictionem,
809 1390 924 1470 quibus
937 1391 968 1452 S.
984 1390 1134 1469 Synodus
1147 1389 1228 1448 dero
1279 1409 1285 1458 ,ff

223 1507 238 1542 u
252 1503 329 1565 gare
344 1505 407 1576 non
421 1487 567 1548 intendit.
585 1513 601 1542 n
617 1491 685 1549 Non
700 1489 855 1550 miramur
867 1488 965 1568 igitur
979 1487 1005 1548 si
1018 1491 1091 1566 post
1104 1485 1227 1547 inandi·
1284 1531 1285 1536 1

128 1639 130 1642 .
218 1586 283 1642 tem
301 1583 334 1643 in
349 1584 472 1645 saeculis
489 1585 659 1668 praeteritis
677 1587 961 1666 perturbationem,
981 1603 1081 1664 quum
1095 1585 1138 1644 de
1153 1601 1228 1644 novo
1284 1607 1285 1642 ς

217 1679 469 1744 instaurarentur
483 1682 629 1746 Ecclesia
642 1689 770 1761 nostrae,
789 1685 936 1763 Episcopi
951 1683 1080 1744 vincula
1089 1671 1227 1762 simplius

161 1809 164 1814 ,
211 1777 370 1856 stringere
384 1780 562 1841 studuerint
576 1783 727 1842 cumanis
745 1782 903 1861 capitulis,
917 1786 955 1842 ut
969 1781 1002 1842 in
1017 1780 1108 1842 novis
1129 1797 1230 1842 rerum

217 1873 375 1960 adjunctis
390 1878 577 1940 tollerentur
590 1880 772 1942 occasiones
786 1879 1003 1954 conflictuum,
1019 1885 1116 1958 atque
1132 1877 1231 1956 major
1282 1915 1284 1964 4

217 1978 299 2034 esset
325 1975 399 2036 unio
425 1975 508 2036 inter
530 1977 702 2057 Episcopos
727 1983 758 2040 et
781 1977 964 2052 canoniooS,
989 1978 1030 2038 ad
1054 1977 1228 2038 libertatem
1283 1969 1284 2008 ³

215 2072 364 2134 Ecclesia
375 2073 489 2135 fortius
503 2079 534 2136 et
549 2076 689 2136 securius
702 2076 981 2156 propugnandam.

231 2165 233 2170 ’
275 2172 308 2230 2·
321 2169 392 2232 Alia
406 2171 566 2253 dispositio
582 2179 772 2235 statutorum
791 2174 1014 2254 capitulorum,
1029 2171 1168 2234 'vicarios
1182 2187 1230 2249 ge·
1283 2197 1286 2231 r

215 2267 338 2329 nerales
358 2270 520 2333 constituit
536 2271 669 2334 membra
683 2271 819 2352 capituli,
839 2273 1012 2354 primosque
1028 2269 1112 2332 illius
1128 2269 1226 2350 dr'pni-
1285 2295 1286 2328 ;

216 2373 302 2428 totas
310 2369 426 2429 Notatu
435 2369 568 2447 dignum
576 2376 622 2432 ast
630 2371 738 2432 omnia
747 2370 882 2432 eoncilia
891 2369 1110 2451 provincialia,
1120 2368 1229 2430 habite

208 2464 306 2523 annis
325 2466 555 2546 quinquaginta
575 2469 700 2530 circiter
716 2487 735 2529 a
750 2468 942 2529 concordate
963 2467 1012 2528 Pii
1025 2468 1092 2540 Vll,
1115 2465 1226 2526 unani·

214 2560 308 2621 miter
330 2561 506 2626 declarasse
530 2561 663 2628 vicarios
687 2565 849 2644 generales
878 2564 1034 2638 tr'tulures,
1059 2561 1176 2624 haberi
1198 2563 1226 2622 in
1285 2601 1286 2604 κ

214 2658 330 2720 nostris
353 2659 516 2740 Ecclesiis‚
540 2664 668 2726 nomine
689 2657 1014 2737 Archidiaconorum,
1037 2680 1095 2742 pro
1116 2660 1227 2740 primis

214 2755 420 2835 dignitatibus
438 2759 650 2822 Ecclesiarum
670 2755 901 2823 cathedralium
923 2766 955 2821 et
972 2759 1226 2839 Metropolitanus

213 2871 295 2916 rum.
312 2857 401 2918 Hane
415 2856 615 2937 disciplinam
637 2860 670 2920 in
690 2859 797 2921 Galliis
819 2859 957 2937 viguisse
980 2875 1016 2918 ac
1038 2857 1136 2918 etiam
1156 2861 1227 2917 tuno

211 2950 330 3030 vigere,
343 2971 427 3015 anno
438 2955 527 3032 1819,
539 2958 715 3018 testabatur
725 2956 893 3018 concilium
904 2953 1077 3035 provinciae
1092 2945 1224 3014 Remen-
1242 2953 1245 2960 “

211 3049 273 3126 sis:
287 3074 299 3106 o
316 3051 433 3117 Vicorii
444 3055 607 3131 generales
621 3056 677 3135 qui
691 3073 806 3116 munus
821 3058 970 3116 exercent
983 3051 1226 3114 Archidiecono·

182 3181 185 3186 ‹
212 3170 229 3204 r
250 3167 333 3222 rum,
348 3168 483 3230 quorum
498 3154 626 3214 nomine
639 3153 781 3231 insigniti
795 3156 878 3228 sunt,
896 3151 981 3230 apud
995 3169 1053 3212 nos
1068 3150 1225 3210 habentur

212 3269 227 3302 «
250 3253 285 3307 nt
297 3248 408 3328 primae
428 3250 596 3328 dignitates
612 3250 802 3312 cathedralis
821 3249 979 3312 Ecclesiae.
997 3248 1060 3328 Ipsi
1074 3247 1107 3308 in
1125 3247 1220 3308 choro

213 3369 227 3398 α
249 3349 282 3406 et
294 3351 394 3420 extra,
412 3354 483 3426 post
497 3347 690 3428 Episcopum
703 3347 886 3410 immediate
902 3347 1044 3420 veniunt,
1058 3345 1140 3406 sieut
1157 3360 1223 3404 mos

211 3443 333 3520 «apud
363 3443 535 3506 Galliarum
564 3446 736 3522 Ecclesias,
763 3465 782 3507 a
806 3446 998 3507 concordate
1026 3442 1103 3504 anni
1131 3442 1222 3510 1801,

211 3561 227 3594 «
248 3540 392 3601 universe
404 3541 548 3602 invaluit.
567 3545 635 3604 Non
646 3550 720 3604 sunt
734 3544 828 3605 titulo
844 3541 989 3604 canonici
998 3559 1057 3602 nec
1068 3541 1224 3600 fruumtur

210 3658 226 3690 u
249 3637 474 3698 canonicorum
484 3638 620 3716 juribus,
635 3629 743 3720 'neque
757 3642 839 3720 ¹ipsis
853 3640 1042 3702 incumbunt
1061 3636 1226 3698 canonico·

213 3754 227 3792 u
249 3753 319 3795 rum
339 3736 457 3810 munia,
479 3737 538 3798 nisi
552 3739 711 3818 desumpti
729 3740 846 3801 fuerint
863 3757 879 3799 e
901 3737 1052 3817 capitulo,
1071 3749 1223 3813 suumque

1282 2023 1284 2082 i
