2588 4276
227 281 294 328 altr.
313 275 335 326 i·
355 275 446 326 onloo
465 277 604 327 onolton
623 276 854 324 naulalosoatnt.
994 269 1048 334 207

34 415 87 477 pro
103 395 364 474 transgressionis
378 411 520 470 excessu,
535 399 685 475 prompta
703 392 882 460 humilitate
896 392 1047 474 recipien-

35 495 103 555 dam
115 495 197 555 lore.

89 598 346 680 obligationibus
384 598 577 678 'respondent
608 596 783 676 privilegia.
824 596 1047 659 pretermissis

34 699 260 778 quaestionibus
278 696 316 758 de
331 694 494 777 privilegio
508 695 569 756 fori
584 711 663 774 quas
678 694 754 756 olim
769 695 933 774 agitabant
951 715 1048 760 cano-

33 796 130 870 nistre,
160 796 232 858 haec
254 800 365 856 notare
388 793 529 855 sufficiat
545 811 553 855 :
569 791 600 854 l⁰
621 793 792 854 Tertiarios
814 794 931 856 lucrari
954 811 1048 875 posse

32 895 136 976 plures
155 893 371 973 indulgentias
389 892 558 973 plenarias,
582 891 647 953 sive
671 911 728 954 suo
753 891 856 952 ordini
872 893 955 955 datae
970 892 1045 969 sint,

33 993 91 1054 sive
102 993 159 1072 jus
175 993 217 1054 ad
231 993 302 1052 illas
317 991 459 1052 habeant
478 1009 537 1070 per
558 989 878 1054 communicationem
899 991 945 1071 (n⁰
960 989 1044 1072 502).

33 1125 68 1136 —-
84 1093 117 1151 2⁰
135 1091 314 1170 Participes
332 1091 400 1150 fore
417 1107 548 1168 precum
567 1093 599 1150 et
619 1089 805 1150 meritorum
823 1089 951 1150 familiae
971 1087 1047 1150 reli·

33 1188 122 1267 gicsae
139 1189 195 1250 oui
213 1187 447 1250 consociantur.
462 1188 502 1247 3⁰.
519 1187 651 1260 Quando
666 1185 699 1246 in
714 1186 981 1266 processionibus,
995 1185 1047 1248 vel

34 1285 96 1347 aliis
104 1287 206 1348 sacris
220 1285 445 1359 functionibus
459 1285 637 1365 procedunt
652 1303 724 1345 cum
738 1302 796 1344 suo
809 1283 920 1345 habitu
936 1283 1046 1344 assub

35 1403 94 1458 sua,
115 1385 206 1446 suive
226 1384 344 1446 ordinis
367 1401 470 1454 cruce,
487 1383 606 1444 habere
630 1381 874 1462 praecedentiam
888 1381 920 1441 in
936 1398 1047 1443 omnes

35 1483 247 1545 fraternitates
258 1483 400 1557 laicales3
417 1481 493 1562 quia
508 1486 580 1542 sunt
591 1481 822 1560 quadamtenus
838 1478 988 1541 elamilia
999 1497 1047 1540 re-

35 1580 140 1659 ligiosa
165 1586 198 1642 et
221 1581 362 1641 medium
385 1583 495 1641 tenent
517 1579 599 1640 inter
625 1579 769 1640 ordinem
798 1579 978 1657 regularem
1013 1583 1046 1640 et

36 1684 146 1740 statum
157 1678 354 1740 saecularem.

87 1786 146 1861 Qui
159 1786 293 1846 nimiam
302 1783 521 1846 difficultatem
531 1783 736 1864 experiuntur
747 1783 780 1844 in
789 1781 988 1844 observantia
998 1798 1047 1844 ra·

38 1883 186 1962 gularum‚
198 1883 286 1944 adiro
297 1883 413 1943 debent
429 1881 636 1962 superiorem,
650 1882 699 1942 vel
715 1881 903 1942 directorem
919 1879 1043 1942 lertio·

37 1982 144 2044 norum
157 1979 305 2060 regimini
314 1980 531 2060 prepositum,
544 1999 564 2042 a
579 1997 641 2060 quo
657 1979 821 2042 obtineant
831 1983 1044 2058 opportunam

36 2062 317 2141 commutationem.

88 2186 235 2249 Tertiarii
250 2185 417 2247 saeeulares
430 2202 494 2245 non
505 2183 687 2247 eximuntur
698 2203 716 2245 a
720 2184 940 2265 jurisdictione
952 2201 1045 2262 paro⁴

36 2283 132 2346 chiali.
153 2284 254 2345 Debet
273 2281 528 2344 communionem
548 2282 732 2362 paschalem
758 2281 791 2342 in
810 2300 868 2342 sua
890 2280 1044 2360 parochia

37 2383 181 2462 accipere,
199 2401 219 2442 a
233 2375 363 2461 proprio
374 2398 430 2441 suo
441 2379 604 2441 sacerdote
615 2379 755 2459 recipere
767 2380 949 2440 Extremam
964 2379 1045 2440 Unc-

37 2477 156 2555 tionem,
169 2487 200 2541 et
215 2479 278 2540 alia
297 2479 378 2540 sicut
397 2477 503 2540 caeteri
519 2478 671 2540 fidelium.
695 2478 774 2550 Quin
795 2475 891 2537 etiarn
914 2493 1044 2554 magno·

37 2595 99 2655 pere
114 2577 255 2658 expedit,
270 2577 386 2637 nedum
408 2594 441 2636 se
461 2575 640 2636 subducant
660 2576 700 2636 ab
722 2573 849 2635 illorum
872 2573 1040 2651 consortie,

37 2676 218 2736 utomnibus
229 2673 375 2754 exemplo
388 2673 450 2734 sint
458 2672 595 2748 assidue,
604 2677 699 2751 prout
708 2677 851 2752 possunt,
867 2670 1043 2734 assistendo

38 2773 249 2834 communibus
277 2769 444 2845 exercitiis,
481 2776 512 2831 et
537 2770 758 2850 participando
789 2769 850 2849 piis
876 2768 1042 2830 eharitatis

37 2871 174 2949 operibus
189 2869 349 2950 parochiae
367 2871 390 2930 ¹.

76 3063 143 3112 1.1n
161 3075 194 3112 eo
216 3073 298 3110 sensu
316 3058 520 3122 interpretanda
535 3061 661 3108 notamus
675 3058 778 3108 monita
792 3057 852 3122 quaa
869 3059 898 3108 in
922 3057 1043 3108 manuali

38 3135 106 3188 citato
113 3137 304 3187 Tertianarum
313 3135 339 3186 S.
353 3135 487 3186 Francisci
495 3133 619 3200 legimus,
630 3135 664 3186 11θ
672 3135 769 3199 partie,
779 3135 838 3184 titre
853 3149 882 3196 11,
894 3133 972 3197 chop.
984 3147 1041 3186 xn:

40 3211 126 3262 «Nous
137 3211 362 3262 recommandons
371 3211 606 3260 instammentaux
616 3209 757 3260 Tertisires
770 3209 802 3260 de
810 3223 844 3260 ne
858 3209 935 3273 point
947 3208 1042 3260 s'assc·

39 3287 101 3336 scier
113 3289 129 3336 a
142 3287 190 3337 des
202 3300 308 3336 oeuvres
322 3288 474 3351 ttrungeres
484 3287 500 3336 t
509 3285 744 3348 laeongrtgation‚
754 3299 817 3335 sans
830 3286 908 3334 s'etre
921 3284 984 3334 bien
999 3297 1041 3334 as·
1068 3289 1070 3293 '

41 3363 144 3412 «suites
159 3363 175 3412 t
189 3361 308 3412 l’avance
319 3361 429 3426 qu'elles
441 3375 475 3412 no
493 3363 583 3411 serent
592 3361 688 3425 jamule
704 3375 742 3411 un
757 3359 902 3410 obstaclet
916 3359 1041 3408 l’aceom·

41 3437 210 3499 «ptissement
229 3438 276 3487 des
295 3437 458 3501 obligations
474 3441 500 3488 et
518 3437 567 3488 des
588 3437 696 3488 devoirs
711 3449 763 3500 que
782 3436 840 3486 leur
859 3435 964 3498 impose
983 3433 1043 3484 leur
1084 3427 1092 3450 ‘

40 3514 181 3564 «vocation
196 3527 230 3564 au
254 3513 426 3563 'liare-Ordre
451 3518 478 3563 et
494 3527 557 3564 sens
574 3512 769 3563 l’antorisution
787 3513 823 3561 du
846 3509 1040 3560 Discretoirs.»

41 3585 92 3638 lieo
109 3590 298 3650 intelliguntur
315 3589 348 3638 de
360 3589 441 3638 variis
453 3588 663 3640 lmtarnitatibus
678 3589 770 3638 aliisve
784 3585 1042 3650 congregationibus

40 3671 139 3723 quarum
156 3666 244 3716 officia
260 3670 287 3716 et
305 3666 431 3716 exercitia
449 3665 595 3716 consociari
610 3677 664 3714 non
685 3667 794 3728 possent
815 3676 877 3712 cum
902 3661 996 3710 olflciis
1013 3662 1043 3710 et

41 3741 160 3792 exercitiis
173 3742 254 3793 Tertii
270 3742 390 3806 Ordinis3
404 3742 561 3805 neutiquam
574 3753 637 3790 vero
653 3740 685 3790 de
703 3739 835 3790 exercitiis
852 3735 1041 3788 communibus
