2588 4276
210 245 264 303 264
548 251 622 302 PARS
642 250 675 298 11.
696 250 886 298 annullans.

211 371 309 431 tiente
325 368 454 442 novitio,
471 374 597 448 tempus
611 366 809 447 probationis
819 384 878 446 pro
894 365 1026 426 arbitrio
1038 383 1220 444 prorogare.

210 470 259 529 lta
273 467 382 527 statuit
397 464 564 528 concilium
577 464 798 525 Tridentinum
813 484 820 524 :
836 463 938 524 Finito
949 471 1079 544 tempore
1090 464 1223 525 nouitiu-

213 573 269 641 τηε,
285 564 454 646 superiores
467 582 540 644 quos
554 561 667 624 debiles
686 561 854 624 inuenerint
877 562 1005 622 uooite'os
1019 559 1061 622 od
1074 560 1225 642 profiten-

129 713 130 716 ,
212 659 282 721 dum
298 659 471 733 admittant,
489 669 542 721 out
564 679 579 721 e
598 661 777 721 monasterio
795 677 841 719 eos
857 659 993 738 ejiciunt.
1011 659 1087 737 Gap.
1105 675 1167 720 xvi.
1186 660 1227 719 ld

211 763 318 819 tamen
334 757 504 818 canonistae
520 759 781 837 interpretantur,
802 757 971 818 subaudita
990 755 1179 832 conditione,
1195 757 1225 816 si

212 856 301 916 nulla
320 856 420 916 subsit
444 873 540 918 causa
559 855 757 916 rationabilis
776 853 970 934 prorogandi
992 859 1128 932 tempus,
1146 853 1226 913 etin

213 971 278 1014 suae
292 951 561 1032 interpretationis
574 953 709 1032 gratim
720 952 883 1014 adducunt
896 951 1125 1012 declarationes
1135 951 1227 1011 datas

213 1051 279 1138 aSy.
292 1039 557 1128 congregatione.
574 1050 689 1111 Sensus
707 1055 754 1110 est
770 1050 855 1128 quod
871 1048 1014 1128 superior
1029 1047 1155 1120 debeat,
1169 1065 1226 1108 ex-

212 1149 299 1229 pleto
321 1153 476 1228 tempore,
498 1147 663 1208 admittere
679 1147 814 1209 novitios
827 1146 1025 1216 ,sufficienter
1040 1152 1180 1224 paratos
1195 1150 1228 1205 et

213 1245 371 1305 dimittere
387 1263 467 1323 quos
481 1244 634 1305 invenerit
646 1263 710 1304 non
725 1243 846 1305 habiles
862 1245 903 1304 ad
917 1244 1015 1304 vitam
1029 1242 1226 1320 religiosam

212 1343 285 1404 illos
300 1347 407 1402 autem
423 1342 478 1421 qui
495 1341 600 1402 adhuc
615 1361 680 1403 non
695 1329 896 1403 inveniuntur
911 1340 1066 1420 dispositi,
1086 1340 1142 1401 sed
1159 1357 1226 1418 pro·

212 1440 374 1512 habiliter,
389 1445 461 1519 post
472 1445 594 1500 eertum
605 1446 741 1520 tempus,
752 1441 850 1501 futuri
863 1445 935 1500 sunt
950 1439 1074 1500 habiles
1087 1438 1129 1499 ad
1145 1438 1225 1498 hune

215 1543 344 1612 statum,
361 1537 497 1598 retinere
508 1539 602 1612 valet,
618 1538 693 1600 novi
707 1538 914 1618 experimenti
929 1555 1035 1598 eausa.
1186 1605 1190 1612 ,

202 1644 204 1648 ‘
275 1637 346 1698 463.
362 1637 456 1695 -110
472 1635 542 1710 Ouae
552 1636 613 1696 sint
625 1636 821 1716 obligationes
837 1646 865 1697 et
874 1637 952 1716 juro
964 1631 1170 1696 novitiorum?

274 1734 299 1793 1.
316 1733 432 1794 Novitii
446 1752 509 1793 non
525 1739 674 1795 tenentur
688 1734 796 1794 stricto
809 1735 882 1814 jure
902 1751 1028 1795 servare
1050 1732 1180 1811 regulas
1197 1736 1228 1791 et

215 1832 377 1909 praeoepta
391 1831 571 1892 eommunia
583 1831 701 1892 ordinis
717 1819 865 1909 religiosi,
883 1831 956 1892 lieet
974 1831 1104 1891 omnino
1121 1828 1227 1890 deceat

216 1928 285 1990 haee
305 1928 433 1989 servari.
454 1930 523 1990 Non
540 1933 687 1990 tenentur
705 1929 737 1990 vi
749 1934 907 2002 votorum,
924 1947 996 1989 eum
1011 1946 1049 1988 ea
1063 1946 1132 1988 non
1151 1926 1226 1988 emi-

216 2025 329 2100 serint;
346 2044 405 2086 nee
416 2027 444 2086 vi
458 2032 649 2088 statutorum
661 2027 791 2102 ordinis,
808 2045 878 2106 quae
889 2027 922 2086 id
931 2028 1013 2106 juris
1025 2025 1131 2088 solum
1142 2043 1228 2104 supe-

215 2123 292 2184 riori
306 2125 493 2199 ooncedunt,
511 2129 546 2184 ut
561 2144 634 2186 suos
649 2125 783 2186 novitios
798 2144 918 2204 regere,
939 2126 1105 2200 instruere,
1125 2143 1163 2184 ao
1178 2125 1228 2184 de-

216 2220 396 2300 linquentes
421 2222 532 2300 punire
552 2222 668 2297 valeat,
693 2224 778 2303 quod
807 2223 941 2300 obtinet,
970 2223 1096 2285 etiamsi
1118 2220 1228 2283 novitii

216 2337 280 2380 non
294 2318 475 2396 obligentur
488 2319 521 2380 in
536 2319 738 2382 conscientia.

276 2419 389 2478 Utrum
403 2435 478 2478 vero
493 2417 670 2497 superiores
685 2416 806 2496 aliquid
820 2417 991 2497 praeeipere
1006 2417 1129 2498 possint
1144 2417 1226 2479 novi-

216 2513 267 2574 tiis
282 2515 433 2576 mandato
448 2514 633 2594 pertitulari
647 2515 814 2576 inducente
830 2515 1059 2594 obligationem
1073 2516 1225 2588 strictam,

217 2616 248 2672 et
265 2613 363 2674 etiam
378 2613 623 2674 comminatione
643 2631 859 2686 censurarum,
872 2615 1035 2693 *pendete
1055 2614 1225 2694 quastione

216 2728 312 2788 quam
326 2711 496 2772 oenonistee
513 2711 721 2772 diversimode
741 2712 917 2786 resolvunt3
935 2713 1063 2786 scilieet,
1076 2731 1118 2773 an
1133 2729 1224 2791 supe-

216 2808 315 2867 riores
335 2807 475 2868 habeant
494 2827 602 2870 veram
618 2808 870 2888 jurisdictionem
890 2810 980 2890 quasi
1002 2809 1223 2890 episcopalem,

194 2979 196 2984 Ι
216 2909 284 2966 tam
296 2904 330 2966 in
342 2906 411 2966 foro
423 2905 547 2967 interno
559 2926 655 2986 quam
667 2912 809 2984 externo,
821 2908 855 2969 in
866 2908 1012 2970 novitios.
1023 2909 1134 2968 Plures
1145 2909 1224 2968 hano

215 3001 470 3082 jurisdictionem
498 3005 656 3084 denegant
686 3005 902 3084 superioribus
932 3006 1079 3066 ordinum
1105 3006 1223 3084 regula-

215 3101 309 3164 rium.
329 3100 488 3182 (Ferraris,
510 3113 544 3162 νο
562 3101 690 3176 Nooe'tei,
711 3103 752 3163 n¹⁵
768 3103 883 3184 ll-lb.)
903 3103 964 3164 Alii
975 3103 1223 3182 jurisdictionem

215 3200 415 3279 superiorum
430 3199 628 3278 regularium·
647 3201 679 3262 in
700 3201 836 3262 novitios
852 3206 991 3272 tuentur,
1011 3201 1185 3280 praesertim
1197 3202 1222 3261 si

216 3302 328 3376 agatur
351 3297 390 3368 de
409 3297 519 3358 ordine
538 3298 687 3376 religioso
711 3305 875 3378 exempt03
900 3299 1082 3360 existimant
1103 3299 1135 3360 id
1153 3299 1220 3380 jure

216 3395 376 3456 communi
396 3396 537 3472 concedi,
555 3403 710 3476 quatenus
727 3397 884 3457 inclusum
898 3396 932 3456 in
942 3396 1161 3474 jurisdictione
1174 3415 1223 3475 ge-

215 3491 316 3552 nerali
328 3511 392 3571 qua
407 3493 583 3572 superiores
598 3494 765 3573 potiuntur
778 3494 819 3554 ad
832 3496 1006 3572 regendam
1022 3494 1221 3555 communita-

215 3593 280 3649 tem
295 3607 401 3665 suam3
419 3591 502 3652 unde
518 3591 711 3653 concludunt
723 3593 873 3671 praelatos
885 3592 1047 3670 regulares
1062 3596 1217 3670 exemptos

214 3704 318 3765 posse,
336 3692 482 3768 respectu
501 3689 643 3750 omnium
657 3708 786 3752 suorum
805 3689 1015 3766 subditorum,
1034 3707 1073 3750 ne
1088 3687 1217 3769 exeeptis
