2582 4278
282 303 352 350 ABE.
374 303 407 351 11.
430 303 557 352 anaema
576 265 796 353 unrlruuoeuu.
997 296 1043 350 {El

90 423 157 482 Duo
168 425 244 480 sunt
258 418 362 480 officia
376 435 456 498 quae,
472 420 519 480 ita
532 425 690 481 statuente
704 420 837 482 concilio
847 419 1042 494 Tridentino,

40 519 201 598 Episcopus
217 509 408 579 constituere
419 517 524 592 debet,
541 518 660 579 scilicet
678 519 819 580 officium
841 517 1044 597 Theologalis

41 622 65 676 et
79 614 325 688 Poenitentiarii;
344 615 494 693 quocirca
510 634 574 676 una
592 617 765 696 praebenda
784 615 974 695 assignanda
998 619 1046 677 est

40 731 99 792 quae
118 717 275 792 perpetuo
290 731 415 773 annexa
430 713 537 772 futura
552 713 592 774 sit
606 713 710 774 oilicio
722 713 923 790 theologalis,
945 712 1046 774 altera
1123 763 1124 768 ,

39 811 135 871 codem
155 827 289 888 prorsus
310 809 405 870 modo
425 810 551 871 annecti
574 811 669 871 debet
683 811 788 872 officio
802 809 1043 890 poenitentiarii,

39 909 84 988 qui
100 906 315 968 confessiones
328 907 362 967 in
378 907 517 969 Ecclesia
540 908 659 970 audiat.
684 908 833 988 Episcopi
852 909 911 968 erit
929 908 1043 986 invigi-

39 1007 92 1066 lare
105 1011 139 1065 ut
151 1011 289 1082 uterque
304 1022 361 1064 suo
376 1005 480 1065 officio
495 1005 600 1066 debite
620 1006 772 1084 iungatur
790 1006 883 1084 juxta
904 1005 1045 1084 discipli-

39 1122 100 1163 nam
121 1121 326 1164 communem
346 1107 377 1162 et
401 1103 644 1164 consuetudines
659 1105 814 1177 locorum,
841 1103 1045 1182 quemadmo-

41 1203 101 1260 dum
124 1201 210 1262 inlra
236 1201 367 1262 dicetur.
405 1200 591 1280 (Concilium
624 1202 724 1275 Trid.,
749 1219 823 1262 sess.
856 1220 887 1275 v,
914 1219 983 1279 cap.
1010 1217 1042 1270 ις

42 1317 101 1358 sess,
116 1315 203 1373 xxrv,
222 1317 292 1377 cap.
311 1315 375 1373 vm,
393 1297 428 1360 de
445 1299 595 1380 Reform.)

87 1397 153 1456 386.
181 1429 223 1440 -
244 1397 282 1457 ll.
305 1397 415 1468 Quoad
439 1397 631 1456 creationem
654 1396 893 1472 concertaturum,
920 1395 1046 1456 distinc-

41 1493 108 1552 tione
123 1511 208 1573 opus
222 1499 269 1553 est
283 1493 366 1554 inter
385 1493 526 1572 capitula
541 1493 656 1574 quibus
669 1494 818 1574 praefixus
833 1498 881 1555 est
893 1511 1043 1554 numerus

42 1591 265 1667 canonicorum,
283 1595 314 1651 et
328 1589 391 1651 elia
403 1592 554 1670 capitula.

88 1688 118 1748 Si
131 1687 285 1766 praefixus
304 1706 368 1748 non
383 1688 422 1748 sit
436 1706 599 1762 numerus,
619 1707 729 1749 omnes
744 1689 916 1750 canonistae
932 1689 1046 1750 docent

43 1785 219 1865 Episcopum
242 1803 333 1864 posse
358 1803 456 1846 novos
487 1786 692 1847 canonicatus
723 1788 925 1861 constituere,
946 1787 1042 1848 modo

43 1889 130 1942 tamen
145 1883 283 1960 singulis
298 1883 436 1961 assignet
451 1883 667 1961 praebendam,
684 1903 740 1945 seu
755 1889 927 1963 proventus
942 1890 1043 1945 certos

44 1981 84 2056 qui
106 1981 214 2041 locum
238 1980 418 2059 praebendae
447 1986 586 2054 teneant,
608 1981 694 2060 quod
715 2001 734 2042 a
754 1981 826 2059 jure
855 1981 1043 2060 requisitum

44 2075 171 2138 diximus.
191 2080 281 2138 Hanc
303 2079 488 2139 facultatem
508 2079 671 2158 Episcopis
694 2084 872 2157 competere
896 2080 1043 2152 innuunt,

43 2173 92 2234 imo
102 2176 211 2254 potius
225 2175 388 2237 declarant
403 2176 578 2237 decisiones
592 2177 697 2236 allatae
718 2177 750 2237 S.
770 2177 1041 2254 Congregationis

89 2273 119 2332 Si
130 2273 283 2353 praefixus
296 2273 390 2334 fuerit
400 2292 563 2350 numerus,
576 2273 823 2334 examinandum
837 2275 926 2335 venit
939 2293 979 2335 an
990 2275 1045 2335 illa

44 2369 250 2432 determinatio
265 2371 389 2431 numeri
403 2372 488 2432 facta
503 2371 542 2432 sit
557 2372 683 2432 decreto
698 2371 844 2432 absoluto
862 2371 893 2432 S.
911 2372 1045 2432 Pontin-

45 2466 85 2540 cis,
99 2475 152 2528 aut
172 2469 395 2529 tantummodo
414 2469 455 2529 ob
470 2469 626 2529 rationem
641 2470 855 2548 proventuum
871 2469 926 2548 qui
942 2468 1044 2548 impa-

45 2581 81 2623 res
97 2570 263 2626 censentur
279 2565 422 2645 pluribus
445 2566 616 2626 canonicis
638 2568 673 2626 ln
694 2566 793 2646 priori
815 2585 901 2641 casu,
928 2567 1046 2627 servari

11 2703 12 2754 p
45 2668 153 2738 oportet
175 2665 339 2724 decretum
364 2663 583 2742 apostolicum.
615 2664 661 2725 Sit
682 2664 715 2723 in
743 2664 925 2744 exemplum
946 2665 1043 2724 Breve

11 2763 12 2810 l
46 2754 135 2841 Sancti
154 2759 301 2840 Dionysii
312 2759 363 2840 (m
383 2766 444 2821 oct.
471 2759 563 2842 1872)
572 2746 689 2821 ‘datum
708 2780 727 2821 a
744 2763 800 2823 Pio
812 2764 853 2823 IX
868 2781 924 2842 pro
942 2779 1047 2823 recen-

11 2901 12 2904 ,
47 2855 102 2915 tiori
114 2859 338 2920 constitutione
354 2859 486 2938 capituli
501 2859 608 2920 Sancti
627 2859 779 2940 Dionysii,
806 2862 892 2941 quod
914 2861 960 2921 ita
984 2867 1046 2922 sta·

47 2953 112 3014 tuit:
129 2979 146 3011 u
167 2956 386 3035 Capitulum...
405 2975 445 3016 ex
462 2957 621 3019 canonicis
641 2958 813 3018 conflatum
833 2959 892 3020 erit
911 2959 989 3018 duas
1012 2959 1044 3017 in

49 3051 174 3114 «classes
196 3055 361 3128 distinctis,
374 3073 412 3116 ex
430 3054 479 3115 his
498 3055 649 3116 nimirum
678 3056 734 3134 qui
750 3057 923 3136 episcopali
944 3056 1044 3135 digni-

11 3155 12 3163 ’
49 3170 59 3200 v
69 3155 126 3210 tate
138 3151 293 3228 fulgeant,
310 3157 404 3232 atque
419 3152 510 3213 exiis
527 3152 581 3231 qui
596 3154 820 3232 presbyteralis
835 3155 898 3214 sint
911 3152 1041 3214 ordinis

52 3247 1041 3328 rUtraqueclassis,praeterdignitatem,duodecimadsummum

52 3345 220 3407 rcanomcis
238 3347 406 3409 constabit.
425 3371 441 3403 »
457 3349 493 3410 In
508 3347 646 3409 secundo
663 3367 749 3424 casu,
766 3349 941 3427 Episcopus
957 3346 1042 3408 valet

49 3457 197 3504 numerum
208 3446 452 3507 canonicatuum
460 3447 630 3524 adaugere,
645 3447 740 3508 modo
756 3445 849 3507 simul
861 3445 1042 3522 adaugean-

11 3535 13 3622 ,
50 3541 89 3596 tur
113 3547 299 3619 proventus;
318 3562 390 3604 cum
406 3544 568 3606 decretum
589 3545 755 3605 erectionis
783 3561 949 3604 numerum
977 3561 1042 3604 non

50 3633 285 3701 determinaverit
299 3641 363 3702 nisi.
374 3648 408 3702 ut
426 3660 537 3703 mensa
555 3642 739 3721 capitularis
753 3641 912 3704 sufficiens
935 3641 975 3703 sit
1000 3640 1040 3702 ad

50 3735 261 3808 providendum
276 3740 496 3802 sustentationi
511 3740 699 3804 titularium.
