2642 4268
112 255 117 274 ι
140 225 143 230 ’
239 219 292 276 466
502 232 576 281 PARS
595 234 639 282 Ill.
660 235 716 284 RES
735 233 984 286 heetnsltsrlch.

239 345 354 424 lentur,
377 346 602 424 exhumentur,
628 350 654 410 si
677 351 717 412 sb
743 351 879 414 aliorum
902 349 1088 430 corporibus
1113 349 1267 415 discerni

240 442 374 522 possint,
394 449 426 505 et
443 447 554 525 procul
572 447 614 508 ah
633 448 844 510 ecclesiastice
863 448 1266 526 sepultura-reponantur.

219 561 266 600 ·«:
281 541 371 614 Quod
391 541 428 616 si,
452 543 566 623 i'nquit,
590 545 726 608 discerni
746 565 811 608 non
834 550 994 626 poterunt,
1018 545 1169 624 expchre
1189 563 1268 606 non

154 698 156 701 ,
244 638 437 700 «credimus
457 647 493 702 ut
514 661 586 704 oum
608 645 952 723 excommunicatorum
972 643 1098 706 ossibus
1120 661 1270 722 corpora

243 757 268 791 c·
282 737 675 802 extumulenturlid'elium.
686 742 799 822 »(Cop.
809 740 982 816 Sacrislt,
991 738 1268 820 risissemus.)

243 832 441 896 llum'tsmen
460 837 552 898 ts'cile
566 857 630 900 non
649 840 748 919 possit
766 839 829 902 ulio
849 839 1010 907 transterri
1023 838 1265 910 coemeterium,

241 929 278 998 Iit
296 933 511 996 reconciliatio
530 935 605 1009 loci,
620 943 661 1012 et,
678 937 741 998 ritu
759 937 854 1017 hujus
873 936 1140 1000 reconciliationis
1160 936 1267 998 semel

240 1035 383 1106 peracto,
402 1031 482 1094 nihil
503 1033 609 1096 ohstst
627 1035 795 1114 quominus
812 1035 971 1098 inseruist
983 1034 1158 1114 sepulturis
1179 1034 1263 1094 fide-

242 1124 330 1187 IIum.
499 1137 500 1144 ’
675 1119 679 1129 ’
792 1139 794 1145 ’

263 1225 267 1234 “
303 1225 336 1288 Si
361 1227 484 1306 polluto
509 1231 705 1306 coemeterio,
726 1237 838 1310 urgeat
865 1230 1035 1294 necessitas
1063 1230 1263 1292 inhumandi

243 1327 607 1404 corporsdefunctorum
617 1335 788 1411 antequam
803 1329 1001 1392 reconciliari
1016 1328 1173 1409 potuerit,
1188 1327 1264 1389 nul-

242 1422 354 1502 lusque
366 1423 406 1484 sit
418 1425 498 1486 allus
513 1427 600 1488 locus
610 1447 674 1507 quo
686 1429 891 1508 sepeliantur,
901 1433 1140 1507 componuntur
1149 1426 1183 1488 in
1195 1425 1260 1487 hoc

244 1521 423 1584 coemeterio
430 1521 503 1596 {sed
516 1525 617 1586 clerus
628 1525 709 1588 illud
718 1545 782 1588 non
793 1526 973 1605 'ingreditur
983 1531 1021 1586 et
1029 1524 1153 1586 idcirco
1163 1522 1263 1588 absd-

217 1626 219 1630 ‘
243 1621 297 1678 net
311 1617 352 1679 sb'
362 1619 522 1698 'explendo
536 1623 615 1684 ritus
630 1629 796 1687 consuetos
810 1623 1037 1686 inhumationis
1055 1622 1256 1684 ohrIstienoe.

283 1713 395 1778 'Note
406 1749 445 1764 -
460 1721 495 1780 In
507 1719 607 1782 GalIIs
627 1722 752 1800 legibus
769 1722 902 1784 uetitum
921 1726 969 1783 est
981 1721 1041 1782 sub
1054 1719 1259 1799 gravioribus

244 1814 346 1893 peruls
365 1813 404 1877 ne
429 1817 617 1882 osdaveroc
638 1821 769 1882 tumulis
790 1820 1008 1894 extrahentur,
1024 1837 1101 1898 ,non
1127 1818 1257 1880 obtento

244 1913 332 1992 prius
342 1909 472 1976 ¹licentio
483 1916 523 1976 sb
538 1917 665 1978 officiali
677 1917 793 1980 civili1.

304 2011 374 2073 568.
391 2014 484 2074 -110
501 2013 631 2076 Ubinam
644 2013 745 2094 fideles
758 2014 920 2097 sepeliendi
931 2012 1012 2078 sint?

302 2107 426 2170 Fideles
439 2111 643 2190 sepeliuntur,
655 2114 706 2174 vel
717 2113 749 2175 in
766 2113 944 2186 coemeterio
956 2109 1148 2193 parochiali,
1159 2106 1253 2169 velih

140 2247 142 2250 -
244 2201 413 2286 sepulchro
427 2207 584 2287 majorum
598 2229 653 2271 scu
672 2195 838 2286 Gedts'lt'lio,
858 2210 962 2273 velis
982 2209 1057 2270 loco
1077 2225 1177 2287 quem
1194 2204 1255 2284 ipsi

166 2340 170 2349 ·
246 2303 413 2383 elegerint3
430 2306 514 2368 unde
528 2306 644 2388 triplex
657 2315 705 2370 est
718 2308 805 2370 locus
820 2308 1002 2387 sopolmrmss
1047 2342 1060 2360 ,
1080 2337 1094 2368 μ

178 2479 182 2486 ⁴
305 2403 329 2466 I.
346 2404 435 2476 Quod
450 2405 557 2466 fideles
571 2406 624 2485 jus
642 2407 782 2470 habeant
797 2407 855 2467 sihi
870 2405 1005 2484 eligendi
1017 2405 1135 2465 vocum·
1150 2400 1256 2481 sepul·

245 2505 335 2576 turoe,
352 2507 385 2564 et
398 2504 513 2583 quihus
527 2505 658 2566 servatis
672 2503 917 2579 conditionibus,
927 2504 1007 2582 juro·
1018 2501 1200 2564 deomant.

305 2593 584 2680 Leforapt111,in
604 2599 757 2682 csp.'¹Noc
775 2602 922 2689 cortitum,
944 2601 972 2675 I,
993 2611 1031 2660 nn
1052 2600 1255 2670 Ssrumuuis,

247 2696 356 2758 stetuit
371 2709 383 2758 :¹
396 2693 416 2754 «'
426 2699 510 2760 Nulli
519 2697 854 2780 ‘negamuspropriom
867 2699 983 2778 eligere
998 2697 1213 2776 scpmtursm,
1229 2699 1258 2756 ct

250 2815 265 2850 c
281 2793 376 2855 etism
391 2792 564 2859 alienam...
579 2799 635 2860 sed
650 2797 724 2878 quis
743 2797 857 2876 dignus
867 2802 918 2858 ost
932 2794 1097 2875 operarius
1113 2793 1258 2857 mercede

250 2914 266 2948 c
281 2909 349 2965 sus,
370 2893 495 2954 tertiam
509 2900 633 2973 portem
645 2895 763 2974 judicii
770 2895 820 2956 sui
828 2895 878 2961 illi
893 2893 1039 2956 Ecclesiae
1055 2894 1136 2954 dore
1151 2909 1258 2954 censc-

250 3006 362 3069 c‹·mus,
380 2983 413 3050 in
428 3008 492 3069 qus
510 2992 629 3054 coelesti
648 2993 769 3072 pohulo
784 2992 872 3054 retici
892 2991 1093 3053 consuevit..
1110 2990 1255 3052 aliterue

249 3087 348 3164 «dot,
365 3083 552 3150 auctoritate
564 3091 700 3165 Domini,
716 3088 1000 3153 subensthemstis
1012 3087 1143 3150 vinculo
1158 3087 1259 3148 detes·

250 3190 387 3260 «tamur
407 3192 438 3248 et
461 3189 714 3250 contradicimus.
736 3213 751 3244 »
776 3188 864 3251 Idem
885 3191 1038 3248 statutum
1053 3183 1256 3247 confirmavit

248 3268 426 3354 Bonifatius
443 3287 520 3361 VIII,
543 3284 884 3366 remotisquihusdam
900 3282 1160 3353 ,restriodcnisus
1183 3298 1258 3362 quas

296 3466 319 3511 1.
333 3445 498 3514 orrrdmat
510 3465 555 3514 uec
567 3464 710 3530 tuteque,
722 3467 788 3514 tom.
801 3464 847 3525 111,
859 3476 920 3527 pag.
936 3463 983 3513 ssi
997 3465 1024 3512 st
1037 3462 1094 3512 sss
1107 3459 1258 3512 luserim

250 3536 335 3586 cirillo
345 3538 526 3590 obsecundato
533 3543 573 3590 est
580 3540 651 3590 houd
662 3540 747 3590 semol
754 3539 876 3605 petitioni
884 3541 1031 3602 postorum,
1040 3540 1071 3586 ut
1080 3550 1096 3586 e
1106 3535 1257 3587 coemeterio

251 3611 442 3664 catholicorum
450 3615 631 3668 extraheretur
638 3615 752 3668 cadaver
758 3615 876 3668 heretici
883 3613 989 3675 notorii,
999 3611 1183 3676 quodihidom
1194 3623 1258 3676 pre·

250 3689 292 3736 ter
303 3685 343 3736 tos
355 3689 491 3740 condilum
503 3690 597 3741 lucret.
