2642 4268
146 219 216 269 Am.
238 218 271 267 11.
292 218 486 276 contemnas,
506 218 721 268 ruuutrlonus
734 219 771 268 ΕΤ
789 219 956 269 aunarium.
1002 216 1053 270 537

51 355 120 399 vero
133 335 327 416 speculative
342 337 475 414 dicatur,
493 337 526 398 in
544 337 637 418 praxi
650 337 703 398 vix
717 336 865 416 possibile
882 339 1008 401 videtur
1021 347 1057 402 ut

51 437 122 498 siant
136 436 362 497 succursalium
378 435 560 510 erectiones,
577 454 635 496 nec
648 433 816 497 divisiones
829 437 967 512 stabiles
984 438 1055 500 aba·

52 553 106 614 que
121 553 275 596 consensu
289 541 399 597 mutuo
414 535 561 615 Episcopi
574 539 606 595 et
619 534 817 612 gubernii‚ut
829 536 949 614 patebit
960 537 1054 613 infra,

51 633 275 694 ubidiceturde
285 633 890 713 administrationetemporalibonorum
896 635 1054 698 Ecclesia.

103 731 172 792 603.
190 765 230 776 -
245 733 285 793 V⁰
304 731 412 793 Utrum
430 741 460 793 et
478 741 624 812 quotenus
641 729 784 814 beneficia
799 732 926 811 proveri
936 735 1056 814 possim

51 848 131 891 enee
139 827 313 910 pensionis?

104 928 215 990 Pensio
231 933 279 990 est
289 927 345 1008 jus
357 927 451 993 alicui
464 947 650 990 concessum
669 929 864 1008 percipiendi
877 931 1057 1011 portionem

52 1027 183 1106 aliquam
198 1027 360 1088 fructuum
379 1045 417 1090 ex
438 1027 543 1090 alieno
565 1027 731 1103 beneficio,
748 1028 790 1090 ad
805 1033 941 1108 tompus,
957 1029 1007 1091 vel
1024 1029 1057 1090 iu

53 1131 244 1208 perpetuum.
584 1143 586 1152 ·

106 1225 136 1286 1⁰
147 1226 275 1287 Certum
288 1228 334 1285 est
344 1227 377 1288 S.
388 1224 676 1305 Pontificemposse
686 1224 849 1305 imponere
859 1225 1056 1305 pensionem,

54 1321 139 1383 etiam
153 1327 355 1402 perpetuam,
372 1321 532 1384 beneficiis
548 1322 783 1399 ecclesiasticis3
805 1323 880 1384 licet
895 1323 979 1387 enim
993 1343 1057 1386 non

32 1420 251 1482 sitdominus
273 1421 509 1497 beneficiorum,
534 1439 635 1501 neque
659 1421 788 1482 illorum
806 1422 976 1499 fructuum,
1003 1419 1058 1504 sed

55 1519 146 1580 solum
157 1520 395 1582 administrator
413 1525 444 1580 et
461 1520 671 1601 dispensator,
694 1519 931 1600 dispositionem
942 1526 1057 1582 'tamen

54 1617 141 1678 hahet
154 1619 298 1680 omnium
311 1618 534 1692 Ecclesiarum,
550 1614 740 1698 dignitatum
756 1619 955 1700 aliorumque
966 1620 1059 1680 ben'e·

55 1715 198 1792 fitiorum,
215 1722 252 1778 ut
266 1716 304 1777 de
318 1717 357 1778 iis
372 1717 404 1776 in
419 1717 539 1778 bonum
549 1716 696 1778 Ecclesiae
711 1716 889 1789 catholicae,
906 1715 1056 1778 etEcole-

54 1814 162 1876 siarum
172 1815 620 1895 particulariumnecessitates
631 1820 761 1891 statuat,
776 1820 872 1895 prout
880 1815 912 1876 iu
923 1816 1057 1876 Domino

55 1911 107 1982 sibi
126 1913 228 1976 visum
252 1913 355 1976 fuerit.
373 1913 462 1996 (Gap.
488 1912 583 1989 Licet,
607 1917 637 1991 2,
665 1931 704 1976 nu
729 1916 920 1990 Panaenum,
937 1913 970 1975 in
992 1921 1057 1990 νιος

55 2010 191 2092 Ρίιιιίιις,,
203 2013 236 2073 in
251 2012 300 2074 tit.
315 2029 370 2087 xu,
386 2012 443 2074 lib.
459 2013 512 2087 111,
527 2018 561 2071 ιι0
574 2010 618 2092 9.)
990 2021 992 2028 “

107 2111 137 2170 2⁰
149 2112 278 2176 Certum
286 2115 334 2172 est
346 2110 539 2189 Episcopum
550 2129 612 2171 non
623 2127 716 2190 posse
727 2110 892 2198 imponere
900 2111 1061 2173 beneficiis

57 2208 231 2284 pensionem
252 2209 502 2288 inperpetuum.
525 2210 572 2269 Ita
589 2208 781 2270 unanimiter
800 2210 983 2286 canonista,
1007 2211 1062 2290 qui

57 2322 138 2366 suam
151 2307 340 2370 sententiam
351 2307 512 2370 deducunt
526 2325 565 2368 ex
583 2308 711 2370 decreto
726 2307 853 2370 concilii
866 2311 1060 2370 Lateranen-

57 2402 92 2462 sis
105 2421 136 2482 11,
153 2424 215 2485 quo
230 2410 428 2486 praeceptum
440 2406 500 2466 fuit
518 2431 533 2460 α
544 2411 579 2468 ut
592 2405 698 2468 clerici
709 2406 829 2485 absque
841 2405 1060 2468 imminutione

60 2523 73 2556 ι(
88 2502 197 2582 aliqua,
213 2504 332 2566 collata
351 2505 410 2566 sibi
425 2505 626 2583 dignitateet
644 2504 796 2570 beneficio
811 2505 1015 2584 perfruantur
1029 2529 1058 2568 ι).

108 2603 244 2682 AEquum
263 2609 316 2665 est·
329 2609 364 2664 ut
384 2605 439 2683 qui
452 2603 703 2666 *sulusmustinet
725 2621 821 2664 onera
845 2603 954 2679 officii,
978 2605 1062 2665 solus

59 2697 144 2760 etiam
162 2703 287 2763 fruatur
306 2702 460 2764 fructibus
480 2701 584 2764 eidem
602 2701 708 2764 officio
730 2701 900 2778 attributis,
922 2702 1061 2781 exceptis

59 2796 255 2880 casibusjure
266 2800 426 2879 praevisis‚’
435 2800 473 2861 de
486 2799 602 2880 quibus
612 2799 750 2862 diximus
761 2800 793 2860 in
805 2799 962 2864 solutione
978 2817 1061 2878 qua-

59 2893 446 2977 stionurnrprsecsdentium
461 2903 492 2960 et
507 2899 576 2960 aliis
594 2899 633 2960 de
648 2900 764 2978 quibus
779 2903 922 2978 superest
936 2903 971 2958 ut
986 2917 1062 2959 non-

58 2993 138 3054 nulla
157 3001 317 3059 notentur.¹
333 2999 459 3060 —Haec
485 2998 695 3060 consideratio
719 2999 821 3076 magis
845 2996 949 3058 adhuc
971 3002 1063 3074 urget

59 3094 176 3167 quando
188 3097 301 3174 ‚agitur
318 3097 356 3157 de
371 3095 526 3158 beneficio
548 3096 676 3170 curiali;
696 3097 788 3158 valde
803 3096 887 3159 enim
910 3096 1006 3171 refert
1021 3095 1061 3154 ad

57 3183 168 3252 honum
181 3195 358 3256 animarum
377 3198 412 3255 ut
427 3200 536 3274 pastor
555 3213 612 3274 per
629 3194 820 3273 copiosiores
844 3193 1061 3272 eleemouysas

58 3286 212 3353 subvenire
224 3293 328 3356 valeat
335 3293 571 3358 necessitatibus
579 3293 699 3372 populi,
712 3298 746 3353 ut
756 3291 924 3353 notaturin
937 3291 1061 3352 decreto

58 3383 221 3452 iunocentii
236 3393 302 3454 XII.
325 3392 455 3465 Quando
474 3391 647 3455 attenditur
668 3391 707 3452 ad
734 3407 842 3452 curam
870 3389 1062 3468 pastoralem

58 3484 140 3547 nulla
155 3506 295 3571 congrua
308 3491 384 3553 satis
401 3491 508 3571 ampla
521 3486 690 3572 judicatur,
712 3495 747 3550 ut
764 3493 810 3550 tot
824 3487 1061 3550 necessitatibus

58 3585 260 3657 provideatur.

21 3707 25 3766 ᾗ
62 3671 68 3684 '
114 3683 256 3754 Quamvis
281 3688 447 3768 disciplina
473 3687 606 3762 concilio
624 3687 828 3759 Lateranansi
848 3686 1060 3760 constabilita,
