2642 4270
220 211 287 258 aar.
309 209 355 257 111.
376 208 615 258 nnurulsruarlo
635 207 778 258 BONORUH
798 210 953 258 EGGLESIAE.
1043 203 1094 257 583

80 331 153 407 post
169 325 366 388 vacationem
380 325 530 401 muneris,
549 324 727 386 devolvitur
741 325 782 384 ad
798 317 1000 406 Episcopum.
1019 327 1095 388 Om'·

79 443 136 486 nes
151 423 321 485 consiliarii
339 423 468 484 fabrica
483 429 617 502 possunt
631 421 715 500 eligi,
734 429 866 502 excepto
886 428 993 484 tamen
1009 426 1095 502 quod

79 521 261 584 assumendi
276 539 339 580 non
355 521 417 580 sint
430 520 558 582 insimul
572 522 634 580 duo
652 520 889 598 consanguinei,
911 540 970 583 nec
984 522 1095 583 affines

78 620 112 680 in
128 619 231 699 primo
246 618 297 678 rel
311 619 344 678 in
359 619 497 680 secundo
514 619 629 696 gradu,
645 616 764 678 scilicet
776 619 902 693 fratrea,
919 619 1095 680 avunculus

78 736 153 780 cum
168 725 294 798 nepote.

140 817 315 895 Collegium
326 816 422 876 semel
433 805 641 876 constitutum
654 815 742 893 eligit
752 833 844 877 suum
855 815 1033 894 praesidem,
1050 833 1096 876 se·

78 916 249 976 cretarium
270 921 301 975 at
325 914 568 974 thesaurarium.
592 916 666 974 Haec
687 914 810 975 diversa
835 914 940 975 officia
963 915 1096 975 totidem

77 1013 229 1074 memhris
249 1012 374 1090 collegii
395 1011 621 1072 committenda
639 1017 729 1086 sunt,·
749 1013 824 1092 quia
843 1019 1001 1092 repugnat
1022 1031 1095 1073 cum

77 1117 194 1173 natura
208 1128 353 1182 onerum,
374 1117 409 1172 ut
425 1110 511 1170 idem
528 1109 654 1188 expleat
671 1129 786 1171 munus
808 1111 951 1189 praesidis
969 1117 1000 1170 et
1022 1111 1094 1171 the·

78 1211 224 1285 saurarii,
240 1211 291 1270 vel
307 1208 477 1270 secretarii.

139 1308 302 1368 Parochus
318 1312 433 1386 potest,
450 1306 477 1366 si
491 1307 532 1366 ad
550 1307 583 1367 id
600 1306 740 1368 muneris
755 1311 935 1368 assumatur
954 1307 1092 1382 aorchi,

76 1406 239 1467 secretarii
252 1405 335 1466 vices
350 1419 462 1484 agere;
482 1409 515 1464 at
530 1405 722 1466 contrarium
736 1405 861 1467 videtur
879 1405 942 1483 legi
962 1405 1046 1466 civili
1060 1410 1096 1464 ut

78 1503 216 1582 eligatur
229 1504 262 1562 in
277 1503 446 1582 praesidem
461 1503 597 1582 collegii,
617 1521 674 1564 uec
694 1521 785 1564 suam
803 1503 989 1582 dignitatem
1004 1504 1095 1564 decet

77 1607 115 1662 ut
130 1601 340 1661 ministerium
354 1600 546 1662 thesaurarii
561 1606 706 1680 occupet.
723 1604 788 1662 Lex
807 1600 907 1662 civilis
923 1599 1033 1662 statuit
1047 1618 1096 1660 ar·

76 1715 150 1760 cam
160 1695 373 1758 nummariam
386 1698 487 1758 trihus
497 1698 640 1760 clavibus
656 1698 864 1759 obserandam
878 1716 958 1776 esse,
974 1717 1013 1758 ex
1029 1698 1095 1777 qui·

77 1795 139 1857 hus
145 1815 209 1857 uua
218 1795 374 1878 parocho,
387 1797 488 1858 altera
495 1797 634 1874 prasidi,
644 1797 737 1858 tertia
746 1797 945 1858 thesaurario
954 1797 1095 1858 commit-

77 1899 180 1968 tatur3
196 1894 222 1954 si
235 1895 398 1956 Parochus
412 1899 492 1954 esset
503 1911 630 1973 praeca,
649 1895 727 1955 duas
741 1895 834 1959 simul
844 1895 947 1956 claves
958 1899 1091 1969 teneret,

77 1992 165 2071 quod
180 2011 244 2052 non
260 1997 322 2052 stat
333 2011 404 2052 cum
425 1993 559 2053 articulo
571 1992 662 2071 legis.
677 1994 810 2074 Insuper
820 1993 982 2054 Parochus
1001 1992 1093 2053 dehet

74 2090 232 2151 rationem
258 2090 467 2150 exsecutionis
489 2090 711 2150 fundationum
737 2090 867 2152 reddere
888 2089 1035 2167 collegio,
1062 2095 1094 2150 et

75 2187 226 2249 exhihere
236 2187 372 2248 indicem
387 2189 602 2266 impensarum
614 2204 683 2264 quae
695 2175 845 2248 ssaccurate
856 2187 1093 2265 perpendantur

76 2285 110 2345 in
126 2284 238 2346 eodem
250 2284 383 2364 collegio
396 2285 484 2364 prius
499 2303 596 2363 quam
609 2303 659 2344 res
674 2283 836 2346 deferatur
850 2284 891 2344 ad
906 2283 1088 2356 consilium;

75 2387 241 2444 estautem
253 2388 512 2444 contrementem
525 2383 615 2459 legia,
628 2381 784 2459 etregulis
794 2381 952 2442 consuetis
962 2381 1093 2440 minime

75 2498 265 2559 congruum,
281 2487 316 2540 ut
330 2497 402 2542 suas
420 2480 558 2541 rationes
573 2479 639 2558 ipse
655 2485 811 2559 quatenus
830 2496 946 2558 praeses
967 2477 1093 2555 collegii
1153 2485 1165 2502 ⁸

75 2577 226 2639 discutiat
241 2583 338 2656 atquc
357 2578 481 2656 prohat.
504 2576 583 2638 Hinc
603 2577 721 2656 pluries
752 2595 941 2654 responsum
965 2576 1024 2636 fuit
1052 2577 1092 2636 ah

76 2675 270 2738 administris
304 2674 459 2754 gubernii,
482 2673 664 2737 Parochum
694 2692 759 2734 non
779 2691 871 2753 posse
905 2673 1024 2734 assumi
1052 2675 1093 2734 ad

75 2774 217 2835 officium
230 2772 383 2852 praesidia
774 2839 775 2842 Ἴ

138 2873 260 2932 Praescs
283 2869 409 2949 collegii
427 2888 492 2931 non
511 2875 615 2949 potest
635 2870 840 2930 secretarium
859 2888 971 2949 agere3
993 2869 1091 2948 siqui·
1113 2916 1115 2921 .

73 2969 148 3032 dem
163 2969 401 3046 consignatione
416 2967 561 3048 praesidis
578 2969 673 3028 datur
688 2967 914 3030 authenticitas
929 2966 1092 3045 scripturis

76 3072 108 3128 et
129 3066 425 3145 transcriptionibus
448 3065 626 3138 secretarii;
649 3070 680 3126 et
701 3065 878 3142 generatim
904 3064 1031 3142 scripta,
1057 3068 1093 3122 ut

75 3163 173 3224 iidem
185 3163 448 3237 iaciantdehent
462 3162 580 3239 signari
594 3162 688 3222 simul
701 3163 741 3222 ah
760 3168 906 3241 utroque,
921 3175 946 3223 'a
959 3159 1092 3240 praeside

75 3261 196 3322 scilicet
208 3267 239 3322 ct
251 3279 271 3320 a
285 3260 467 3321 secretario.

137 3360 207 3420 632.
224 3393 264 3403 -
283 3358 391 3420 Munia
405 3357 559 3437 praesidis,
577 3357 748 3434 secretarii,
767 3363 799 3418 et
813 3353 1006 3418 thesaurarii
1026 3354 1090 3418 col·

75 3456 151 3534 legii
165 3456 463 3529 matriculariorum,
481 3455 674 3516 definiuntur
686 3457 719 3517 in
734 3456 818 3535 lega.

134 3551 249 3614 Preces
260 3553 428 3630 collegium
441 3558 595 3614 convocat
605 3571 641 3614 ac
654 3553 761 3630 dirigit
772 3573 779 3628 ;
792 3553 890 3616 habet
905 3549 1092 3628 suffragium

73 3651 337 3729 praeponderans;
354 3650 479 3728 signum
492 3668 583 3710 suum
594 3652 727 3729 apponit
742 3649 1002 3712 conventionibus
1018 3665 1088 3726 quae
