2642 4268
223 296 275 351 522
486 297 563 348 PARS
583 296 629 348 111.
651 296 708 348 ltus
726 293 971 348 auctusmsrms.

223 419 418 482 dotationem
432 407 608 480 titulorum}
621 416 672 478 Sic
688 420 724 476 ut
735 433 835 476 unum
850 413 1034 494 exemplum
1053 415 1236 492 afferamus,

221 519 249 582 J.
265 518 307 583 M.
322 517 499 597 Champion
513 517 552 578 de
568 516 648 590 Cice,
670 515 758 576 arch.
781 513 929 578 Ecclesiae
947 515 1115 594 Aquensis,
1130 515 1167 576 in
1181 515 1237 577 de-

122 669 124 672 >
223 616 490 682 cretoareetionis
500 613 641 694 capituli,
658 613 838 693 specialiter
852 612 1030 692 approbato
1041 631 1061 674 a
1071 613 1164 676 Gord.
1181 614 1238 676 Ga·

100 753 116 760 --
222 715 376 795 praradie
386 716 425 776 25
435 733 508 785 nov.
522 713 666 786 racana
673 711 784 786 statuit
797 731 805 774 :
823 732 838 770 n
848 711 934 773 Nous
944 711 1111 774 declarons
1121 711 1239 773 etablir

225 837 240 869 o
256 820 286 875 et
298 833 357 894 par
370 817 532 895 presentes
546 829 626 874 nous
639 811 784 890 erigeons
799 809 879 872 daus
891 815 983 872 notre
997 794 1101 889 E'glise
1115 815 1236 872 metro·

97 929 100 944 ·
208 933 241 972 v«
254 912 405 993 politaine
423 932 467 974 un
487 910 629 991 chapitre
652 911 800 989 compost
822 909 861 970 de
881 909 960 984 neus
975 908 1133 972 membres
1152 915 1186 970 et
1199 910 1239 970 de

222 1035 238 1068 «
252 1030 310 1073 nos
327 1011 402 1072 trois
411 1011 543 1074 vicaircs
556 1015 731 1089 genereus.
748 1011 833 1071 Nous
843 1007 1009 1070 deelarons
1020 1027 1082 1088 que
1097 1009 1130 1070 la
1143 1009 1237 1070 dota-

222 1133 238 1167 «
251 1111 319 1172 tion
334 1110 372 1171 de
385 1115 474 1173 notre
489 1109 590 1171 susdit
600 1108 745 1187 chapitre
755 1115 826 1170 sera
840 1107 960 1168 formes
975 1107 1015 1168 de
1030 1125 1168 1168 revenus
1183 1109 1239 1188 qui

222 1233 238 1266 n
253 1213 330 1270 vont
344 1211 410 1270 dtre
426 1209 566 1287 assignes
581 1225 641 1288 por
654 1207 684 1268 le
700 1210 949 1285 gouvernement
968 1209 987 1268 a
1005 1209 1078 1267 tous
1095 1206 1143 1268 les
1159 1205 1236 1268 oba-

222 1332 238 1365 «
253 1308 374 1385 noiues,
390 1312 422 1370 et
435 1309 500 1387 qui,
517 1323 641 1370 comme
654 1323 734 1367 nous
754 1305 940 1386 l’espdrons‚
955 1309 1064 1368 serent
1076 1304 1239 1366 suffisants

223 1430 239 1464 n
251 1425 332 1488 pour
341 1407 410 1468 leur
425 1407 547 1468 donner
560 1406 606 1468 les
619 1423 751 1485 moyens
766 1404 806 1466 de
821 1402 964 1466 soutenir
978 1402 1182 1466 decemment
1193 1404 1237 1465 les

196 1521 204 1534 =
224 1529 239 1562 «ι
253 1505 386 1584 charges
400 1504 562 1566 attachees
574 1503 673 1565 aleur
685 1503 817 1582 dignita,
829 1508 861 1564 et
871 1502 943 1564 d’eu
953 1501 1235 1583 remplirlesfonc-

179 1597 181 1600 ’
225 1603 347 1666 otions.
364 1627 380 1658 »
397 1603 517 1665 Eodem
530 1603 626 1664 modo
641 1607 793 1664 statutum
805 1603 866 1664 fuit
877 1601 918 1664 ab
930 1600 1001 1664 aliis
1014 1601 1191 1682 Episcopis.

175 1769 179 1774 ,
280 1702 399 1764 Eodem
414 1702 484 1783 pari
502 1702 597 1765 modo
616 1701 871 1764 ratiocinandum
890 1707 937 1764 est
956 1702 995 1762 da
1013 1701 1237 1782 supplemento
1309 1717 1310 1784 t

219 1801 307 1883 quod
321 1801 449 1864 comitia
461 1801 631 1878 districtus,
648 1799 831 1880 municipio,
851 1800 903 1862 vel
923 1800 1051 1862 fabricae
1070 1800 1149 1862 daut
1167 1801 1239 1880 Epi·

219 1901 716 1980 scopis,canonicisetParocbis3
734 1901 796 1964 hoc
810 1899 894 1962 enim
906 1898 1237 1962 titularibusdouatur

218 2000 252 2064 in
274 2000 543 2081 complementum
561 1999 721 2080 pensionis
740 2017 810 2080 quae
830 1998 1006 2061 estimatur
1025 1997 1229 2060 insufficiens.

278 2100 322 2160 Da
336 2099 491 2160 fructibus
500 2098 693 2179 praediorum
705 2116 902 2160 annexorum
913 2097 1233 2178 domibusparochia-

218 2197 313 2273 libus,
328 2187 453 2260 nullum
467 2196 602 2259 suboriri
615 2196 879 2280 potest'dubium3
896 2201 970 2258 sunt
984 2201 1070 2259 certe
1080 2196 1166 2260 bona
1180 2213 1233 2258 ec·
1309 2199 1310 2284 f

218 2296 405 2360 clesiastica.
1309 2301 1310 2370 j

276 2395 456 2476 Adjeeimus
470 2396 599 2457 tandem
614 2395 791 2458 oblationes
805 2394 947 2456 fidelium
961 2413 1033 2475 quse
1044 2395 1078 2457 vi
1093 2399 1232 2456 statuto·
1309 2425 1310 2454 ÷

136 2547 139 2554 .
217 2514 288 2557 rum
299 2495 350 2557 rel
362 2495 597 2558 consuetudinis
612 2495 728 2556 dantur
741 2493 892 2557 Perochis
905 2494 1028 2556 ratione
1036 2493 1124 2556 tituli
1137 2513 1233 2574 paro·

217 2593 340 2670 chialis‚
355 2611 497 2675 quasque
515 2593 622 2675 plures
637 2593 803 2673 designant
816 2593 874 2654 sub
892 2593 1020 2654 nomine
1036 2591 1125 2654 lura
1138 2592 1231 2656 stola.
1309 2661 1310 2666 γ

217 2694 286 2754 Non
311 2697 434 2754 constat
458 2692 544 2772 apud
568 2692 747 2754 canonistas
770 2711 812 2754 an
840 2691 981 2754 redditus
1006 2691 1096 2752 stolae
1125 2691 1234 2754 reduci
1309 2725 1310 2768 3

218 2789 354 2852 debeant
372 2791 413 2852 ad
428 2789 515 2851 bona
528 2791 728 2852 industrialia
746 2809 801 2852 seu
821 2791 911 2870 quasi
926 2789 1178 2871 patrimonialia,
1193 2811 1232 2852 an
1309 2771 1310 2848 i

216 2889 256 2950 ad
278 2887 364 2949 bona
384 2888 568 2967 simpliciter
587 2889 811 2964 ecclesiastica3
835 2889 891 2950 sed
916 2888 1134 2950 controversia
1150 2889 1233 2951 iuter
1309 2911 1310 2960 t

216 2988 362 3050 doctores
376 3006 414 3050 ea
431 2988 469 3064 de
481 3007 517 3050 re
531 2993 643 3050 exorta
656 2988 730 3049 inde
744 2987 890 3067 provenit
905 2987 991 3068 quod
1007 3005 1072 3049 non
1086 2988 1230 3050 eamdam

217 3105 326 3148 omnes
354 3086 495 3148 habeant
521 3089 683 3150 notionem
710 3085 795 3148 luris
823 3085 923 3150 stolae.
945 3085 1098 3149 Videntur
1126 3086 1230 3167 plures

216 3186 335 3247 habers
355 3204 412 3266 pro
434 3185 610 3248 redditibus
638 3185 738 3259 stolae,
757 3185 877 3247 fructus
896 3203 1062 3247 concessos
1079 3186 1229 3248 Parochis

217 3284 381 3348 occasione
406 3285 574 3348 functionis
601 3283 789 3374 spiritualis,
813 3301 868 3346 seu
900 3283 1019 3346 laboris
1041 3284 1225 3365 personalis,
1309 3273 1310 3358 ἷ

217 3383 394 3464 eujusmodi
422 3390 495 3445 sunt
529 3383 614 3445 bona
645 3381 706 3463 ipsi
733 3381 952 3463 provenientia
982 3401 1021 3445 ex
1053 3382 1227 3445 assistentia

216 3479 1225 3563 quibusdamfunctionibusecclesiasticis,obsequiiS,servitiolu·
1309 3485 1310 3542 l

217 3578 1225 3661 nebri‚ete.;undc,etmeritoquidem,communiustcnentred·

218 3678 301 3738 ditus
329 3679 435 3756 stolae,
466 3679 512 3740 ita
538 3683 701 3757 acceptos,
731 3695 798 3740 esse
823 3675 909 3738 bona
931 3675 1146 3753 industrialia,
1173 3695 1224 3737 seu

148 3854 151 3859 Ι
218 3774 307 3852 quasi
332 3775 578 3853 patrimonialis.
609 3775 705 3836 Nobis
735 3793 811 3836 vero
840 3775 896 3838 Jus
923 3773 1011 3838 stolae
1040 3775 1167 3854 proprie
1193 3779 1225 3836 et
