2604 4274
140 226 208 274 ART.
229 226 276 272 111.
298 226 486 273 PRAESCRIPTA
505 227 542 273 AD
562 227 809 277 cutubnurtouuu
829 231 995 280 FESTORUM.
1035 226 1082 281 381

39 357 114 400 sos
148 341 317 402 difficulter
338 339 445 402 induci
465 359 557 421 posse
573 343 613 404 ad
628 345 819 406 servandum
840 347 902 408 hoc
914 348 1085 429 jejunium,

41 455 95 498 eo
108 439 257 500 maxime
268 440 352 517 quod
366 439 454 499 istius
470 439 621 520 obligatio
636 441 668 501 in
684 443 805 521 Belgio,
819 445 910 506 sicuti
924 447 957 506 in
974 448 1085 522 Gallia,

39 533 87 596 in
109 537 249 598 dubium
263 542 438 597 vocaretur.
454 539 553 598 Porro
570 538 639 600 haec
658 539 784 618 prolata
799 548 845 603 est
860 543 976 605 decisio
993 564 1000 606 ε
1021 566 1035 602 u
1049 547 1084 606 ln

48 660 68 689 ιι
100 635 356 716 congregatione
371 634 553 711 generaliS.
569 637 717 698 Romanae
734 644 765 698 et
779 639 966 701 universalis
981 643 1087 722 Inqui-

48 759 68 788 κ
100 733 242 810 sitionis,
259 733 370 793 habita
386 733 418 791 in
439 739 595 794 conventu
613 736 645 797 S.
659 735 765 796 Mariae
786 756 881 815 supra
894 738 1080 817 Minervam,

50 853 69 888 n
100 851 215 894 coram
251 829 325 891 Eme
360 836 391 891 et
415 829 496 890 Revis
517 831 734 893 Cardinalibus
760 840 870 895 contra
897 835 1081 899 haereticam

51 951 71 988 u
98 930 297 1010 pravitatem
317 927 517 1008 generalibus
538 929 790 1008 inquisitoribus
812 934 973 1011 proposita
986 954 1084 1016 supra

54 1051 72 1086 u
102 1029 226 1108 scripta
249 1027 409 1094 instantia,
427 1031 458 1086 et
474 1027 652 1104 praehabito
670 1033 743 1089 voto
763 1030 825 1090 DI).
844 1031 1080 1110 consultorum,

50 1151 69 1182 ι(
99 1128 203 1188 iidem
227 1125 293 1188 Emi
310 1129 342 1188 et
364 1121 435 1187 Revi
460 1124 590 1186 rescribi
615 1127 847 1188 mandaverunt
861 1162 901 1172 —
921 1128 1079 1209 jejunium

52 1249 71 1281 «
100 1225 137 1286 in
150 1226 316 1305 pervigilio
334 1224 510 1286 festivitatis
525 1225 578 1286 SS.
593 1223 817 1303 Apostolorum
838 1226 925 1286 Petri
944 1231 975 1287 et
988 1229 1080 1289 Pauli

56 1345 73 1380 u
103 1343 173 1386 esse
189 1326 390 1386 servandum.
408 1347 423 1378 »

119 1423 233 1500 Igitur,
251 1423 277 1482 si
292 1423 492 1484 attendamus
506 1421 727 1482 tantummodo
743 1421 784 1481 ad
799 1422 961 1482 decretum
982 1422 1081 1504 Apes-

51 1521 158 1582 tolicae
172 1519 272 1594 Sedis,
284 1521 424 1581 subsistit
437 1519 589 1597 obligatio
601 1517 715 1598 J'ejunii
728 1536 787 1598 pro
798 1518 913 1596 vigiliis
926 1521 1078 1582 festorum

52 1620 100 1679 ad
109 1619 305 1680 dominicam
313 1615 802 1696 subsequentemtranslatorum.
814 1619 931 1680 Verum
944 1619 1081 1697 quaestio

50 1718 118 1788 ,sub
128 1717 192 1778 alio
202 1723 348 1796 respectu
357 1715 548 1778 considerari
557 1718 671 1795 potest.
685 1717 762 1777 Cum
773 1715 864 1776 aliter
876 1717 970 1777 luerit
980 1717 1080 1777 inter-

56 1819 224 1894 pretatum
239 1816 401 1891 decretum
423 1813 515 1892 praui
534 1812 673 1892 plurium
694 1813 882 1888 dioeceseon,
904 1819 934 1874 et
949 1814 1078 1894 quidem
1132 1825 1137 1836 “

57 1913 223 1974 bonafide
241 1918 404 1992 pastorum
427 1917 459 1973 et
477 1910 633 1985 fidelium;
654 1929 726 1972 cum
740 1909 869 1989 insuper
883 1911 951 1972 haee
970 1914 1080 1990 praxis

63 2012 218 2072 diuturna
235 2011 461 2072 consuetudine
481 2009 660 2084 invaluerit,
687 2008 774 2068 haud
796 2008 1006 2089 improbabile
1033 2014 1080 2070 est

65 2110 295 2189 obligationem
309 2108 423 2187 jejunii
443 2107 568 2168 desiisse
582 2107 614 2166 in
629 2106 741 2166 iisdem
755 2106 943 2167 dioecesibus
955 2107 988 2167 vi
1002 2126 1078 2168 con-

60 2206 239 2270 suetudinis
256 2207 464 2285 praescriptae;
485 2223 649 2266 versamur
675 2202 759 2264 euim
782 2203 814 2264 in
842 2204 975 2284 materia
997 2203 1078 2282 juris

64 2324 151 2367 mere
166 2305 306 2386 positivi,
323 2323 393 2384 quae
408 2301 657 2384 praescriptibilis
668 2306 724 2363 est.
