2604 4274
91 289 161 340 aar.
181 292 229 341 Ill.
248 293 436 348 oohstloans
451 293 586 341 MORALES
602 294 639 342 Db
657 293 854 342 reclusiora
870 293 990 342 orricii.
1030 284 1082 340 423

61 435 81 465 «ι
103 413 203 470 cantu
226 410 344 471 servari
370 411 473 485 dehet,
498 403 615 490 in‘quo
634 409 714 471 illud
735 411 891 490 imprimis
907 410 1083 472 curandum

63 535 81 563 «
103 514 153 570 est
165 513 202 570 ut
216 509 314 570 verba
326 510 420 588 plane
433 511 635 589 perfecteque
646 509 875 588 intelligantur.
900 533 916 566 »
940 509 1083 571 Subinde

56 607 212 668 Pontifex
235 613 392 668 memorat
413 607 593 686 exemplum
611 607 713 668 sancti
734 607 902 685 Augustini
920 607 976 687 qui
995 608 1033 668 de
1049 625 1083 670 se

56 705 133 784 ipso
147 710 284 766 testatur
299 709 453 784 quantum
464 705 587 767 fleverit
597 705 630 766 in
641 705 767 785 hymnis
783 711 815 766 et
829 705 970 780 oantiois,
985 723 1081 766 suave

59 803 253 865 sonantibus
272 803 419 866 Ecclesia
434 803 564 864 vocibus
580 808 767 864 commotus.
796 802 883 864 Voces
895 803 959 863 illa
972 803 1080 883 influe-

60 900 136 962 bant
151 901 276 961 auribus
291 902 374 974 meis,
391 910 420 962 et
434 899 622 981 eliquabatur
631 901 743 962 aeritur
753 910 805 961 tua
816 903 847 961 m
861 920 913 962 cor
927 920 1035 974 meam,
1052 908 1081 962 et

58 1016 97 1059 ecc
109 1017 146 1060 ea
161 998 319 1060 metuabat.
329 997 403 1059 lade
418 999 541 1078 affectus
553 999 686 1079 pietatis,
704 1008 732 1058 et
750 998 913 1060 currebant
925 999 1077 1080 lacrymas,

55 1105 87 1156 et
102 1096 176 1158 bene
188 1096 265 1157 milri
274 1105 341 1158 erat
354 1115 419 1156 cum
434 1097 485 1157 eis,
503 1096 556 1157 His
572 1085 660 1158 addit
675 1095 862 1158 Benedictus
876 1099 944 1159 XIV
959 1115 966 1157 :
987 1121 1001 1152 κ
1013 1097 1083 1158 Flo*

61 1219 76 1248 ι(
99 1195 160 1255 hat
174 1195 271 1272 igitur
284 1195 478 1274 Augustinus
493 1195 664 1255 tenerrimo
679 1195 806 1273 pietatis
820 1213 925 1269 sensu,
939 1213 1011 1254 oum
1026 1213 1080 1254 au·

60 1317 76 1349 «
101 1293 186 1354 diret
207 1293 240 1353 iu
263 1293 410 1354 Ecclesiis
434 1312 595 1354 sacrarum
616 1311 723 1354 rerum
750 1298 872 1369 cantus,
902 1293 1002 1372 probe
1027 1311 1081 1352 au-

58 1409 74 1440 «
100 1387 193 1447 diens
222 1393 254 1447 et
281 1386 461 1465 intelligens
488 1388 585 1449 verba
613 1405 684 1466 quae
718 1393 813 1447 cantu
840 1387 1077 1446 efferebantur:

61 1507 76 1542 u
98 1484 192 1557 fleret
204 1486 310 1546 forsan
321 1486 496 1546 etiamnum
506 1487 583 1564 ipse,
592 1486 618 1544 si
627 1485 854 1546 nonnullarum
865 1484 1077 1545 Ecclesiarum

57 1603 73 1638 r<
99 1583 240 1644 musicos
255 1589 365 1644 cantus
380 1583 514 1660 audiret,
531 1603 595 1643 non
608 1582 735 1661 pietatis
751 1601 856 1657 sensu,
876 1583 930 1642 sed
945 1581 1076 1654 doloris,

59 1703 75 1736 u
100 1681 189 1760 quod
199 1687 328 1742 cantum
341 1681 528 1762 perciperet,
540 1681 637 1741 verba
653 1685 760 1741 autem
772 1699 836 1740 non
843 1680 1045 1757 intelligeret.
1060 1703 1076 1736 a

58 1779 87 1859 (ἓ
102 1781 148 1859 9·)

119 1880 192 1939 546.
207 1912 247 1922 -
260 1879 312 1939 111.
328 1877 374 1938 De
388 1895 443 1937 um
459 1878 735 1950 instrumentorum,
752 1895 879 1957 quoram
897 1895 985 1936 sonus
1004 1895 1077 1938 caa-

56 1977 104 2036 tm'
117 1975 216 2036 dubini
235 1975 336 2056 afficti
349 1975 459 2036 serrari
477 1974 562 2053 solet,
584 1984 611 2036 et
626 1973 662 2036 de
673 1993 744 2036 rouo
759 1974 924 2056 separatim
938 1994 957 2036 a
972 1985 1074 2050 ronta,

57 2073 154 2146 idest,
170 2072 206 2134 de
219 2073 410 2154 symphonia.

117 2174 189 2232 Non
200 2172 316 2245 statim}
334 2191 391 2232 neo
404 2170 471 2232 sine
481 2169 731 2244 difficultatibus
744 2185 836 2230 usum
848 2169 1074 2232 instrumento·

56 2288 130 2330 rum
140 2269 173 2329 in
186 2269 298 2330 divinis
307 2269 418 2330 officiis
428 2269 682 2330 introduxerunt.
693 2268 823 2346 Capella
831 2268 998 2328 Pontifioia
1007 2287 1084 2328 can-1

56 2373 126 2448 tum
142 2367 296 2428 musicum
319 2367 598 2449 habet,hactenus
612 2385 687 2428 vero
699 2385 762 2426 non
779 2365 1087 2445 recepitorganum,

57 2465 160 2527 aliave
166 2465 294 2526 musicae
304 2465 524 2526 instrumenta.
540 2466 650 2526 Plures
666 2465 742 2525 olim
756 2468 847 2524 erant
860 2464 892 2524 in
905 2463 1011 2524 Galliis
1021 2464 1077 2524 Eo·

54 2562 161 2624 olesiae
181 2563 320 2643 insignes
335 2581 406 2642 quae
421 2581 576 2640 organum
592 2568 623 2623 et
635 2562 789 2623 musicam
804 2561 1006 2640 ignorabant,
1031 2561 1077 2620 iu·

55 2665 104 2721 ter
120 2678 199 2741 quas
214 2661 331 2722 citatur
347 2661 523 2740 praesertim
538 2659 768 2738 Lugdunensis,
785 2678 855 2740 quae
878 2658 1076 2737 gloriabatur

57 2759 179 2819 nescire
195 2758 363 2821 novitates.
377 2757 549 2820 Praevaluit
563 2762 680 2831 tamen,
698 2763 729 2818 et
748 2757 780 2818 in
798 2776 835 2818 eo
851 2756 1073 2836 approbando,

56 2856 171 2916 saltem
182 2857 215 2916 in
231 2857 366 2936 gratiam
390 2855 600 2932 infirmorum,
618 2843 783 2917 unanimes
803 2856 933 2916 tandem
948 2856 1076 2915 luerunt

56 2953 126 3031 viri,
139 2972 203 3015 non
212 2955 327 3016 minori
338 2955 482 3016 doctrina
492 2955 588 3034 quam
597 2954 724 3034 pietatis
733 2952 977 3033 zelooouspieui.
996 2952 1074 3013 «Or-

58 3075 74 3107 «
98 3069 183 3130 gana
202 3059 332 3132 propter
353 3054 495 3114 infirmos
509 3053 542 3113 in
556 3052 702 3114 Ecclesiis
727 3053 894 3112 retinenda
908 3056 991 3125 sunt,
1009 3051 1075 3112 aie·

59 3172 75 3205 «
91 3150 146 3211 bat
164 3150 374 3212 Bellarminus
400 3168 407 3212 :
437 3169 501 3212 non
526 3151 571 3211 ita
598 3150 691 3211 facile
714 3139 916 3210 admittenda
942 3148 1003 3210 alia
1028 3147 1076 3208 in·

60 3269 76 3302 a
96 3253 315 3309 strumenta.»
337 3248 408 3308 Alia
426 3249 522 3310 etiam
535 3251 651 3328 praeter
671 3265 830 3325 organum
850 3245 1072 3321 admittuntur,

58 3345 110 3406 sed
124 3363 163 3406 ea
177 3347 400 3407 tantummodo
413 3365 484 3426 quae
495 3345 536 3407 ad
549 3345 800 3407 corroborandas
813 3342 1074 3422 sustinendasque

57 3443 253 3505 cantantium
263 3444 546 3516 voeesinserviant,
559 3463 622 3504 non
636 3460 707 3523 quae
718 3441 872 3518 musicam
882 3439 1073 3501 theatralem

57 3543 208 3604 efficiant.
233 3544 308 3603 Haeo
324 3542 408 3603 enim
430 3543 640 3603 instrumenta
655 3541 773 3602 dehent
788 3539 932 3601 adhiberi
954 3539 995 3599 ad
1009 3537 1074 3598 vim

58 3642 226 3703 verborum
242 3640 350 3700 cantui
363 3640 598 3719 quodammodo
613 3638 836 3718 adjiciendam,
851 3642 887 3698 ut
900 3637 1002 3714 magis
1015 3656 1072 3697 au·

57 3737 210 3800 dientium
230 3738 390 3798 mentibus
409 3739 569 3816 infigatur,
597 3743 917 3815 commoveanturque
932 3734 1073 3794 fidelium
