2604 4274
128 267 129 271 ’
231 260 282 314 376
499 265 575 314 PARS
595 265 641 313 111.
663 266 719 314 RES
739 265 980 322 EGGLESMSTICAE.

229 383 422 444 conveniunt
433 383 576 443 homines
591 382 630 442 de
651 381 837 461 longinquo.
853 382 940 442 Licet
954 401 994 442 ex
1009 383 1100 460 praxi
1117 385 1235 447 univer-

229 480 299 558 sali,
317 481 434 560 passim
460 481 596 540 vendere
616 485 647 540 et
667 498 771 540 emere
794 499 921 559 panem,
945 480 1068 554 vinum,
1090 491 1235 545 carneset

229 578 293 639 alia
308 597 378 658 quac
394 577 435 639 ad
450 579 567 639 victum
582 577 803 656 quotidianum
824 579 1000 639 neccssaria
1016 585 1147 639 sunt.-
1161 581 1234 642 Mer·

203 681 205 686 ’
227 682 318 736 catus
332 676 476 754 publicos
495 675 605 737 haberi
624 676 736 736 diebus
749 676 913 736 dominicis
932 681 963 736 et
982 677 1102 738 festivis
1117 680 1235 740 omnino

229 773 368 834 alienum
384 779 431 834 cst
453 774 627 834 amoribus
645 778 677 834 et
693 774 810 852 regulis
826 774 1014 836 christianis.
1030 776 1066 836 ld
1080 795 1235 855 nunquam

228 871 369 932 Ecclesia
384 871 520 945 admisit,
537 890 745 951 quaecumque
758 871 959 935 invocaretur
973 874 1170 934 consuetudo
1185 875 1235 934 im-

227 968 442 1030 memorabilis
451 970 484 1029 in
499 969 705 1031 contrarium.
721 1003 759 1016 -
771 971 953 1049 Optandum
963 971 1102 1032 maxime
1117 972 1198 1031 foret
1206 980 1234 1032 ut

226 1067 311 1127 idem
327 1071 515 1127 statueretur
529 1067 567 1127 de
579 1067 739 1141 nundinis,
751 1067 806 1128 sed
817 1087 890 1128 cum
900 1068 992 1129 valde
1002 1069 1127 1147 prosint
1135 1069 1235 1130 huma·

226 1165 275 1225 nis
291 1165 487 1226 commerciis
501 1171 532 1226 et
540 1165 763 1227 difficillimum
778 1166 819 1227 sit
833 1167 904 1227 illas
918 1167 1032 1227 haberi
1045 1183 1139 1246 posse
1155 1172 1233 1228 extra

225 1263 292 1322 dies
306 1265 403 1324 festos
423 1264 537 1343 quibus
560 1265 724 1324 confertim
749 1265 860 1344 populi
879 1265 1055 1342 confluunt,
1073 1272 1229 1326 consuetu-

226 1360 334 1420 dinem
347 1379 417 1440 quae
430 1380 468 1421 ea
488 1356 531 1421 de¹
546 1381 580 1422 re
596 1362 739 1442 pluribus
755 1362 787 1422 in
802 1363 985 1441 regionibus
997 1363 1143 1436 invaluit,
1160 1363 1229 1424 tolc-

225 1458 359 1518 randam
374 1459 532 1518 duxerunt
548 1461 602 1520 SS.
624 1459 804 1533 Pontifices,
830 1460 989 1521 hortando
1013 1461 1185 1539 Episcopos
1201 1465 1229 1519 ut

226 1554 396 1616 matutinas
409 1555 742 1634 etvespertinashoras
755 1557 991 1631 constituerent,
1007 1558 1122 1636 quibus
1134 1557 1229 1618 fideles

223 1653 266 1713 ad
295 1653 452 1712 nundinas
481 1653 642 1714 venientes
670 1655 792 1734 possint
822 1655 923 1717 Missae
956 1656 1111 1716 sacrificio
1146 1655 1226 1716 inter·

222 1769 302 1824 csse,
319 1750 451 1830 aliisque
466 1750 642 1812 christianis
655 1753 803 1832 operibus
817 1755 933 1814 festum
946 1754 1144 1815 sanctificare
1153 1754 1174 1812 ¹.

283 1849 331 1909 Ad
353 1854 441 1910 aetus
469 1850 610 1910 forenses
630 1851 716 1931 quod
743 1851 866 1926 attinet,
894 1871 1032 1912 canones
1053 1855 1161 1912 vetant
1178 1869 1222 1926 ne,

224 1947 492 2008 consentientibus
514 1948 609 2008 ctiam
632 1949 787 2028 partibus
819 1968 984 2028 processus
1005 1950 1161 2010 habeatur
1179 1949 1222 2008 die

223 2044 346 2118 festiva,
355 2051 385 2105 et
399 2064 438 2105 ne
447 2046 602 2106 sententia
612 2047 803 2124 proferatur.
815 2047 917 2109 Judex
930 2048 1064 2126 proinde
1081 2047 1221 2107 abstinere

220 2141 318 2202 debet
332 2144 373 2203 ab
389 2143 550 2204 auditione
564 2144 714 2222 partium,
731 2145 772 2204 ab
786 2145 1035 2222 interrogatione
1050 2145 1181 2217 testium,
1197 2148 1223 2203 ct

224 2240 264 2300 ab
277 2240 347 2300 aliis
362 2239 556 2318 hujusmodi,
566 2241 627 2300 nisi
640 2246 753 2320 urgeat
767 2243 947 2303 necessitas.
963 2243 1052 2322 (Gap.
1070 2241 1181 2316 mones,
1197 2243 1221 2310 f,

220 2343 253 2398 et
274 2336 467 2419 Conquestio,
486 2339 709 2418 5,nana11s.)

280 2437 314 2496 3ο
329 2437 413 2515 Opus
423 2436 565 2512 liberale,
579 2443 633 2497 aut
643 2455 821 2516 commune,
833 2439 1018 2500 nonideofrt
1027 2439 1138 2500 servile
1149 2437 1224 2516 quod

220 2540 351 2612 propter
359 2534 537 2594 mercedem
549 2539 603 2594 aut
613 2534 737 2595 lucrum
746 2540 936 2614 peragatur3
953 2555 1011 2596 nee
1022 2556 1104 2616 opus
1114 2540 1225 2596 suamet

220 2635 335 2690 natura
350 2630 473 2705 servile,
490 2636 545 2692 aut
563 2633 660 2692 sacris
674 2633 847 2694 canonibus
862 2635 1005 2707 vetitum,
1022 2635 1144 2696 licitum
1158 2652 1221 2694 cva-

219 2726 267 2786 dit
280 2727 306 2786 si
320 2727 377 2787 fiat
391 2729 540 2806 gratuito,
557 2735 612 2790 aut
625 2731 828 2792 recreationis
843 2750 948 2792 causa.
966 2733 1103 2792 Intentio
1115 2731 1223 2809 agentis

221 2829 267 2885 est
282 2825 359 2904 quid
374 2826 522 2904 operibus
537 2823 759 2903 extrinsecum,
777 2829 861 2908 quod
881 2847 991 2890 eorum
1007 2835 1154 2891 naturam
1167 2848 1222 2890 non

218 2928 333 2984 mutat.
346 2923 425 2984 Hinc
439 2925 691 2986 concludendum
705 2927 914 3004 professorem
924 2929 1075 3003 historiae,
1087 2929 1221 3008 cloquen-

217 3021 282 3096 tiae,
297 3027 417 3096 cantus,
427 3040 520 3101 possa
533 3025 806 3094 tutaconscientia
819 3044 950 3104 operam
963 3028 1039 3087 dare
1055 3045 1113 3088 suo
1128 3028 1221 3089 officio

216 3118 329 3180 diebus
355 3120 454 3196 festis,
468 3125 498 3181 et
513 3120 685 3200 discipulos
706 3122 837 3192 edocere
859 3141 929 3202 quae
958 3143 1031 3185 suae.
1052 3125 1130 3186 artis
1147 3131 1219 3200 sunt,

217 3218 362 3296 quamvis
377 3218 489 3280 exinde
515 3219 640 3279 lucrum
666 3224 817 3296 reportet.
835 3220 1105 3298 Concludendum,
1124 3241 1218 3283 econ·

218 3319 278 3390 tra,
293 3315 383 3374 illum
396 3316 575 3394 transgredi
589 3316 691 3391 legem
712 3315 767 3395 qui
781 3333 911 3394 operam
929 3317 993 3391 dat,
1019 3317 1094 3378 lieet
1115 3320 1220 3398 absque

217 3411 299 3472 lucri
319 3412 449 3488 intuitu,
464 3415 524 3474 arti
538 3413 693 3491 lignariae,
707 3414 848 3492 sutoriae,
866 3416 1019 3492 textoriae,
1036 3416 1218 3496 sculptoria,

217 3512 470 3590 typographicae,
490 3518 575 3576 etc...

263 3651 285 3700 t.
304 3651 342 3703 Cf.
361 3655 451 3704 const.
475 3653 514 3710 Ab
535 3669 562 3704 eo
581 3658 701 3720 tempore,
723 3670 804 3721 quam
825 3655 984 3708 Benedictus
1003 3657 1061 3710 xiv
1081 3657 1160 3710 edidit
1176 3669 1219 3708 an.

221 3725 281 3778 itta
293 3741 343 3792 pro
358 3729 483 3782 Ecclesiis
495 3730 603 3782 ditionis
615 3731 771 3787 Pontifieiae.
