2588 4276
221 255 274 334 ln
554 291 627 340 rlns
647 291 682 338 11.
704 287 895 338 nneutxnus.

220 379 347 497 allectus
373 425 452 486 quos
475 407 508 467 in
534 406 683 487 prasenti
697 423 855 486 exponere
875 420 1002 464 necesse
1024 405 1071 462 est
1091 405 1128 460 ut
1147 397 1232 459 notio
1289 443 1290 450 ,

220 503 396 564 accuratior
406 505 628 566 deturnaturae
644 508 743 565 status
758 501 905 580 religiosi.
917 502 1026 578 ltaque
1043 515 1051 558 :

243 670 245 678 Α
277 599 395 662 Votum
412 603 552 662 solemne
569 601 722 662 castitatis
738 599 842 660 reddit
860 598 1043 675 religiosum
1060 591 1234 656 inhabilem

116 711 117 714 ’
220 697 261 784 ad
286 699 539 760 contrahendum
561 697 810 772 matrimonium,
835 702 867 757 et
892 693 1133 756 matrimonium
1158 708 1233 753 con·
1289 749 1292 770 ,

219 799 367 870 tractum,
386 815 449 857 non
465 801 571 857 tamen
586 795 690 857 adhuc
706 799 972 868 consummatum,
989 789 1143 851 dissolvit.
1161 789 1233 867 Gap.
1290 821 1291 826 κ

221 887 307 966 Quod
325 903 438 969 votum,
463 913 559 974 supra
582 893 727 954 relatum.
747 891 972 954 Probationem
999 888 1180 966 utriusque,
1199 885 1235 946 dc
1291 971 1292 974 Ἴ

221 994 283 1069 quo
298 990 421 1052 nullum
442 991 573 1052 dubium
589 997 636 1052 est
656 990 738 1052 inter
753 991 907 1063 doctores
922 985 959 1049 'et
978 986 1106 1047 aliunde
1127 981 1237 1044 defini·
1288 1016 1292 1058 ,ς

219 1083 288 1165 tum
306 1087 366 1148 fuit
388 1108 408 1150 a
427 1087 561 1150 concilio
587 1088 784 1160 Tridentino,
800 1087 988 1148 remittimus
1014 1084 1055 1144 ad
1079 1086 1178 1144 tract.
1203 1079 1235 1142 dc

217 1181 421 1248 Matreiuom'o.
442 1187 558 1248 Votum
583 1186 717 1266 simplex
739 1184 871 1265 impedit
887 1181 1085 1245 solummodo
1104 1198 1147 1241 ne
1168 1178 1235 1258 quis

218 1282 454 1344 matrimonium
478 1285 563 1345 licite
592 1283 769 1356 contrahat,
796 1283 856 1342 nisi
884 1287 992 1342 sancta
1020 1279 1119 1342 Sedes
1145 1276 1236 1337 aliter

217 1373 371 1452 statuerit,
390 1382 658 1460 quemadmodum
671 1381 782 1442 statuit
796 1399 854 1460 pro
869 1378 1025 1457 religiosis
1036 1373 1233 1438 scholasticis

215 1476 247 1540 et
261 1477 497 1558 coadjutoribus
520 1478 677 1541 societatis
697 1479 781 1552 Jesu,
805 1478 860 1558 qui
880 1477 964 1548 licet,
987 1481 1061 1536 vota
1076 1471 1234 1552 simplicia

183 1644 185 1647 ,
216 1575 386 1649 emiserint,
403 1581 476 1637 sunt
497 1583 603 1638 tamen
622 1575 780 1640 inhabiles
801 1576 842 1637 ad
858 1574 962 1636 valide
980 1571 1232 1635 contrahendum

214 1673 464 1750 matrimonium.

273 1770 342 1831 441.
359 1772 532 1842 -l'otum
552 1772 692 1832 solemne
710 1769 906 1851 paupertatis
930 1774 1097 1830 voventem
1117 1765 1231 1840 reddit,

210 1867 282 1950 j'ure
298 1869 467 1943 communi,
482 1863 666 1950 incapacem
677 1867 809 1930 dominii
823 1867 1017 1947 acquirendi,
1031 1867 1109 1926 dum
1124 1870 1232 1926 votum

211 1963 346 2044 simplex
367 1967 473 2027 obstat
489 1967 687 2030 solummodo
717 1986 756 2028 ne
775 1965 861 2027 licite
879 1965 1035 2044 acquirat,
1057 1962 1230 2044 possideat,

213 2061 330 2125 aliosve
346 2070 435 2124 actus
449 2065 653 2144 proprietatis
665 2063 772 2127 faciat.

225 2167 233 2177 '
270 2161 293 2221 l.
323 2161 477 2240 Theologi
498 2163 695 2240 distinguunt
720 2168 860 2241 quatuor
886 2161 1003 2242 gradus
1032 2156 1231 2240 paupertatis

211 2251 307 2337 quam
329 2259 548 2321 christifideles
563 2263 696 2340 possunt
710 2278 825 2321 vovere
843 2276 850 2320 :
871 2261 912 2320 1¹¹³
935 2258 1075 2320 excludit
1094 2259 1233 2318 tantum·

210 2358 304 2418 modo
334 2377 426 2418 usum
458 2377 565 2419 rerum
596 2357 848 2438 superfluarum;
881 2361 929 2418 2¹¹·
967 2356 1107 2418 excludit
1139 2354 1255 2416 usum'

155 2526 158 2532 Ι
206 2449 297 2532 juris,
314 2474 368 2516 seu
383 2475 475 2516 usum
490 2457 757 2536 independentem
773 2473 780 2516 :
799 2455 825 2516 si
844 2455 926 2534 quis,
938 2475 968 2516 v.
986 2474 1032 2534 g„
1046 2459 1122 2515 voto
1139 2470 1232 2534 spon·

210 2547 285 2613 deat
298 2571 331 2613 se
353 2573 416 2615 non
437 2572 569 2616 usurum
592 2554 655 2615 suis
670 2554 779 2639 ionia,
802 2553 864 2614 nisi
879 2571 951 2614 cum
976 2553 1191 2632 dependentia
1213 2568 1230 2613 a

213 2651 389 2729 superiore;
404 2654 446 2712 3¹¹⁸
461 2652 601 2714 excludit
615 2670 709 2714 omne
725 2651 901 2712 dominium
913 2651 1077 2731 proprium
1091 2649 1229 2730 cujusvis

210 2744 268 2824 rei,
284 2753 314 2809 et
328 2747 421 2809 usum
435 2749 699 2831 independentem
713 2767 833 2824 rerum,
851 2749 947 2810 etiam
963 2749 1228 2821 necessariarum

205 2841 251 2906 4¹³⁶
262 2846 400 2919 demum,
419 2849 540 2909 caeteris
551 2847 731 2928 perfectior,
750 2847 890 2908 excludit
906 2846 1081 2926 capacitem
1096 2843 1229 2906 dominii

206 2937 272 3006 non
291 2963 327 3005 eo
347 2946 474 3024 quidem
492 2964 585 3007 sensu
601 2946 686 3026 quod
701 2945 740 3006 sit
764 2945 947 3006 radicaliter
961 2945 1097 3024 incapax
1120 2941 1228 3023 acqui·

207 3041 308 3119 rendi,
324 3043 378 3103 sed
394 3044 479 3122 quod
492 3063 556 3105 non
575 3042 675 3122 possit
688 3043 791 3110 valide
815 3041 874 3102 sibi
887 3043 1049 3123 acquirere
1066 3041 1112 3102 rei
1128 3040 1230 3120 cujus·

210 3140 258 3202 xis
272 3143 456 3222 temporalis
467 3141 664 3222 dominium„
1029 3200 1032 3206 ,
1051 3205 1058 3212 ,

263 3240 440 3302 Canonistoe
460 3259 569 3300 omnes
592 3238 793 3300 consentiunt
823 3265 838 3295 «
862 3259 927 3300 non
953 3258 1020 3301 esse
1036 3240 1074 3300 de
1093 3237 1227 3300 essentia

217 3343 232 3394 l
246 3339 442 3418 paupertatis
458 3337 648 3416 evangelica
664 3337 846 3397 utotiminio
871 3356 982 3398 rerum
999 3336 1225 3416 temporalium

204 3459 221 3494 α
241 3436 359 3516 privet;
382 3436 437 3497 sed
455 3441 580 3496 tantum
602 3439 638 3494 ut
659 3435 762 3513 privet
783 3441 951 3512 potestate*
967 3435 1086 3512 utendi,
1109 3434 1155 3494 ita
1179 3437 1221 3514 ut,

207 3557 225 3590 a
240 3535 359 3613 absque
370 3534 540 3614 superioris
554 3550 718 3606 consensu,
736 3547 800 3592 non
814 3533 912 3611 possit
925 3531 991 3593 ulla
1004 3551 1037 3594 re
1050 3532 1108 3607 uti,
1122 3531 1173 3593 vel
1188 3531 1224 3593 dc

208 3627 227 3689 <r
240 3630 308 3692 ulla
323 3651 356 3694 re
377 3633 590 3712 disponere.»
613 3627 918 3711 (Schmalzgrueher,
936 3648 974 3690 ou
996 3633 1103 3694 Stura
1125 3645 1224 3693 uonn-

203 3745 339 3807 cnouuu,
356 3739 390 3791 ηο
401 3729 447 3812 l.)
459 3733 502 3792 Re
518 3730 645 3811 quidem
669 3745 757 3802 vcra,
778 3731 890 3788 votum
909 3727 1106 3808 paupertatis
1123 3743 1223 3789 neces·
