2642 4270
218 231 326 278 Pluris
347 229 461 278 raama
484 227 719 276 lautumiarum
739 227 961 276 bloomesburi.
1045 219 1097 272 till
1164 275 1167 283 ¹

86 349 140 398 568.
158 347 293 398 *Ubinam
306 345 397 395 fideles
412 343 560 409 sepeliendi
578 344 640 395 5454.
666 376 1017 394 ..............
1052 343 1098 392 456

87 425 142 474 569.
159 424 170 446 ·
180 423 283 482 Quibus
300 421 456 485 deneganda
472 421 507 470 sit
521 420 658 484 sepultura
674 418 852 468 ecclesiastica
855 453 1020 469 .......
1054 417 1099 466 459

88 501 143 551 579.
162 500 238 548 Ritus
249 497 443 549 inhumatioais
457 496 652 546 ecclesiastica.
672 531 679 544 .
699 531 706 543 .
725 531 731 544 .
751 529 758 542 .
777 526 811 564 ··.
830 525 1019 545 ........
1055 495 1099 543 475

165 629 222 666 ΛΒΤ.
239 630 278 666 111.
296 640 326 654 ¹-
341 629 374 665 DE
391 627 497 666 Domitio
514 627 644 665 sacuam«
659 627 745 664 animi
759 627 789 663 ΕΤ
806 625 1019 665 cobumaloaul.

87 743 143 791 571
161 741 258 791 Utrum
269 739 394 791 1455155445
404 743 430 789 54
440 739 588 790 5554545445
600 739 628 789 45
638 737 728 788 Galliis
740 738 893 800 pertineant
902 736 935 787 ad
945 751 1022 801 paro-

165 817 248 878 chias,
262 820 309 866 aut
321 815 355 866 ad
367 815 513 876 diaecesim,
526 814 617 864 velud
631 813 879 878 guberaiumcirile
882 847 1021 864 ......
1055 815 1100 865 471

87 894 142 943 574.
160 892 330 943 Consectaria
349 891 490 955 practica
479 890 550 954 Juris
564 890 701 984 dominii'
694 904 723 940 45
739 903 827 940 sacras
841 889 912 939 44555
925 893 952 938 54
969 903 1023 940 coe·

165 969 276 1019 meteria
278 1000 1022 1020 .............................
1055 966 1101 1016 474

446 1087 448 1092 ’
511 1115 623 1166 545445
640 1116 682 1167 iv.

324 1231 363 1272 DE
377 1230 462 1272 BONIS
476 1228 703 1272 TEMPORALIBUS
717 1227 864 1269 ECCLESIAE

101 1345 285 1381 41444.4.-544
301 1345 439 1384 ADEPTIONE
455 1347 484 1382 ll'l'
500 1344 606 1382 nomio
623 1343 741 1381 Bonorum
757 1341 934 1380 Tauronem!
952 1340 1086 1380 accubem.

89 1454 143 1502 573.
160 1453 489 1518 Utrumelquonamjurc
501 1453 617 1506 Ecclesia
630 1453 664 1503 sit
676 1465 759 1551 capax
769 1450 881 1500 dominii
891 1451 1025 1501 bonoram

164 1528 355 1591 temporalium
365 1564 684 1581 .............
685 1549 688 1556 ’
705 1561 1023 1577 .............
1058 1527 1103 1576 478
1177 1535 1185 1545 ·

42 1665 44 1672 ¹
86 1605 142 1653 574.
162 1605 335 1654 consectaria
346 1605 504 1668 generalia
494 1605 563 1668 puris
577 1604 699 1653 Ecclesiae
702 1637 1024 1654 .............
1058 1601 1104 1652 482

88 1679 144 1730 575.
162 1679 203 1728 lid
228 1693 309 1743 quem
330 1681 462 1743 pertineat
481 1679 631 1729 dominium
652 1681 679 1729 54
703 1679 868 1742 dispensatio
891 1677 1026 1728 bonorum

164 1756 408 1806 ecclesiasticorum
409 1785 1024 1805 ........................
1059 1755 1104 1804 483

86 1833 143 1881 578.
164 1831 269 1890 Quibus
283 1831 369 1882 titulis
385 1831 538 1895 acquiratur
554 1830 705 1881 dominium
719 1830 854 1881 bonorum
868 1829 1027 1880 ecclesiasti·

166 1920 260 1957 corum
264 1939 1025 1958 ..............................
1059 1905 1104 1954 485
1170 1911 1171 1914 ’

88 1986 145 2034 577.
164 1984 175 2006 ·
186 1969 360 2034 conditiones
371 1983 508 2048 requisita
525 1996 558 2032 ex
575 1987 649 2046 445445
666 1982 732 2046 legis
747 1983 831 2032 civilis
834 2015 1024 2032 ........
1059 1983 1106 2030 487

146 2122 205 2162 ΛΒΤ.
224 2122 259 2159 lV.
276 2133 307 2148 ···
323 2122 355 2157 DE
370 2122 502 2159 ramulanis
519 2099 650 2159 §ascraeus
666 2120 784 2158 BONOEUE
800 2119 1048 2158 acciasltsrlcoauu.

87 2235 145 2285 578.
164 2236 240 2284 Bona
254 2232 372 2294 mobilia,
386 2233 534 2283 immobilia
546 2236 572 2282 54
584 2247 680 2282 555555
683 2265 1026 2283 ..............
1061 2231 1104 2281 491

364 2350 377 2406 4
394 2350 417 2398 1.
435 2373 465 2384 -
481 2347 519 2396 De
534 2345 658 2410 primitiis
674 2348 699 2396 54
716 2345 831 2395 decimis.

87 2460 144 2510 579.
164 2458 246 2522 Origo
261 2437 291 2508 54Ι
300 2456 498 2508 vicissitudines
513 2456 579 2522 legis
593 2455 772 2520 primitiarum
788 2459 814 2507 et
828 2455 999 2506 decimarum.
1018 2491 1025 2505 .
1060 2456 1104 2506 494

426 2590 480 2647 44
497 2613 528 2624 -
544 2589 580 2637 De
597 2585 779 2637 oblationibus.

86 2707 146 2757 585.
164 2704 255 2766 *Quid
274 2704 329 2755 5454
345 2703 495 2754 oblationes
498 2737 922 2756 .................
931 2740 948 2768 ,.
968 2740 974 2752 .
994 2739 1025 2756 ..
1061 2705 1106 2753 493

88 2785 145 2834 584
163 2779 675 2844 *055444145554554545454453555454
678 2814 1027 2830 ..............
1061 2781 1106 2831 493

84 2861 146 2909 584.
164 2855 359 2907 *conditiones
374 2855 511 2906 55445555
526 2859 556 2906 ut
569 2855 689 2920 legitime
701 2855 891 2920 suscipiantur.
916 2893 1026 2908 .....
1061 2857 1106 2906 496

84 2933 174 2984 585*
184 2933 287 2991 Quibus
301 2932 502 2983 attribuantur·
496 2969 502 2981 .
519 2943 578 2995 quae
595 2930 629 2982 ad
641 2931 787 2983 Ecclesiam
801 2932 982 2996 parochialem
995 2931 1027 2980 ad

74 3007 86 3021 ⁸
171 3009 327 3069 Forculum,
338 3006 373 3057 55
387 3007 454 3057 51455
468 3008 637 3071 presbyteros
652 3011 678 3057 et
692 3007 802 3058 clericos
815 3007 954 3060 4515445455
970 3021 1029 3071 per·

171 3085 274 3134 tineent
277 3119 559 3136 ............
577 3107 585 3132 ·.
604 3119 1028 3134 .................
1063 3085 1108 3134 499

87 3161 146 3212 584.
165 3160 177 3182 ·
186 3160 438 3210 animadversiones
449 3160 476 3209 in
490 3160 601 3209 clericos
616 3160 661 3223 qui
676 3172 731 3209 555
744 3160 877 3210 intersunt
891 3160 1029 3224 obsequiis

173 3236 208 3287 ad
222 3251 288 3301 qaas
302 3237 421 3301 deputati
436 3235 576 3286 1554554...
594 3236 645 3294 Qui
660 3239 762 3299 partem
776 3233 902 3300 stipendii
918 3236 1028 3300 majoris

176 3313 226 3362 sibi
245 3313 375 3375 45444554,
394 3316 470 3376 parte
489 3310 573 3364 altera
595 3313 657 3362 5545
677 3313 835 3377 presbytero
853 3312 899 3376 qui
920 3312 1029 3362 Missam

173 3388 356 3438 celebraturus
378 3393 419 3438 554
421 3423 1028 3440 ........................
1062 3389 1107 3440 544

88 3466 149 3516 585.
167 3463 224 3513 *De
238 3464 341 3514 clericis
355 3465 401 3528 qui
423 3465 566 3514 lllissarum
586 3465 771 3529 eleemosynas
788 3463 852 3515 alibi
866 3464 1028 3516 transferen-

173 3539 222 3588 das
241 3543 337 3590 554554
361 3541 503 3591 4445444555
532 3539 746 3592 emolumentum
764 3541 914 3604 percipiant
916 3575 1028 3592 .....
1063 3542 1109 3591 544

88 3617 148 3667 586.
166 3615 279 3667 *Utrum
300 3616 449 3681 Episcopus
471 3616 612 3680 disponere
625 3617 711 3678 possit
731 3619 761 3666 ut
779 3630 841 3680 pars
861 3617 1027 3668 oblationum

173 3691 232 3742 aliis
246 3691 323 3744 cedat
334 3705 415 3756 quam
427 3690 551 3742 Ecclesia
565 3695 611 3740 aul
624 3691 742 3743 Perocho
754 3693 798 3742 cui
812 3693 888 3744 155445
903 3695 976 3744 sunt.
995 3728 1002 3743 .
1021 3728 1028 3744 .
1063 3693 1108 3743 545
