2568 4272
230 241 283 298 m
449 215 453 222 ’
565 249 903 300 mmmmm

227 389 243 423 κ
264 373 317 428 tur
332 367 505 446 :neophyti
518 367 558 428 ab
574 368 685 429 eodem
698 368 927 430 confirmentm
942 384 949 426 :
964 363 1127 446 peregrini
1140 362 1243 424 clerici

228 489 244 522 «
266 466 386 546 absque
398 465 495 544 ipsius
509 471 670 547 praecepto
684 466 717 528 in
731 465 998 540 communionem,
1013 463 1121 526 velud
1135 460 1242 522 minis-

228 564 396 640 «terium,
420 583 485 626 non
510 565 730 630 admittantur.
756 564 936 628 Monostera'i
954 582 1024 625 vero
1045 561 1147 624 omnt‘s
1172 559 1245 622 luico

145 706 147 709 .
227 686 242 718 «
264 661 424 724 multitudo
442 661 483 724 ad
497 683 601 726 eurum
616 662 734 727 obbatis
750 664 914 746 pertineat,
932 679 1035 741 neque
1049 679 1089 721 ex
1106 678 1151 720 ea
1164 658 1244 738 Epis-

227 784 243 816 «
266 778 362 840 copus
378 760 552 841 quidquam
567 761 628 822 sibi
640 762 790 838 vindicet,
806 760 1013 840 autaliquem
1029 777 1069 819 ex
1080 757 1145 818 illa
1159 755 1245 816 cleri·

226 880 241 914 «
265 876 348 934 cum,
363 857 424 919 nisi
437 858 560 920 Abbate
571 864 710 940 petente,
722 864 946 939 presumat...;
961 857 1044 919 laica
1058 853 1169 917 omnis
1182 873 1246 914 con·

228 980 243 1012 «
267 958 409 1037 gregatio
431 959 472 1020 ad
494 959 595 1020 solam
618 979 655 1021 ac
676 959 811 1020 liberam
833 957 965 1019 Abbatis
989 954 1131 1036 proprii,
1159 971 1246 1032 quem

228 1081 243 1113 «
265 1055 408 1137 sibiipsa
422 1057 564 1138 elegerit,
581 1057 813 1121 ordinationem
832 1055 1140 1136 dispositionemque
1155 1052 1245 1134 perti-

230 1179 245 1212 «
267 1162 351 1218 neat.
368 1179 382 1216 n

286 1255 405 1318 Ultima
418 1256 489 1318 haec
501 1256 601 1318 verba
619 1256 746 1319 concilii
760 1257 942 1317 referuntur
957 1254 996 1316 ad
1015 1252 1166 1334 regimen
1180 1269 1244 1331 pro·

225 1353 330 1434 prium
345 1353 540 1430 Monasterii,
557 1361 590 1417 et
609 1359 754 1417 asserunt
771 1353 916 1417 Praelatis
938 1352 1144 1434 regularibus
1164 1368 1243 1411 suam

226 1452 485 1515 communitatem
498 1452 551 1532 jus
565 1454 697 1533 regendi
711 1453 840 1534 propria
855 1451 1054 1514 auctoritate.

286 1553 438 1614 Successu
454 1558 634 1632 temporum
649 1551 765 1614 similia
780 1551 947 1632 privilegia
971 1569 1129 1614 concessa
1150 1551 1240 1624 fuere,

211 1638 294 1710 'tum
306 1649 467 1712 nonnullis
477 1650 510 1711 in
525 1650 710 1730 particulari
722 1649 932 1724 monasteriis,
945 1655 1012 1712 tum
1023 1649 1125 1714 etiam
1133 1648 1242 1730 passim

227 1747 373 1809 omnibus
386 1749 587 1810 monasteriis
607 1749 818 1828 quarumdam
834 1748 1010 1828 regionum,
1027 1753 1063 1808 ut
1076 1747 1190 1810 videre
1204 1750 1242 1807 est

228 1864 267 1907 ex
282 1845 358 1907 actis
373 1847 498 1908 concilii
512 1846 781 1925 CarthaginensiS,
795 1864 847 1908 an.
865 1848 926 1907 534
939 1846 1052 1919 habiti,
1067 1846 1130 1908 sub
1146 1849 1240 1925 Repa-

227 1949 296 2006 rato
308 1945 476 2025 Episcopo,
488 1946 529 2006 ad
539 1946 742 2007 statuendum
753 1945 791 2006 de
806 1943 953 2006 libertate
965 1946 1238 2020 monasteriorum,
1269 1997 1270 2026 ,

227 2049 260 2103 et
273 2043 397 2105 concilii
416 2044 552 2106 Romani
565 2045 618 2118 ΙΙΙ,
637 2045 695 2106 suh
718 2043 750 2106 S.
768 2043 918 2124 Gregorio
933 2044 958 2119 1,
975 2062 1026 2106 an.
1044 2045 1120 2119 601,
1137 2045 1238 2124 inquo
1269 2027 1270 2105 l

125 2155 128 2159 ·
226 2140 380 2204 indictum
401 2143 473 2220 fuit,
499 2167 514 2200 «
537 2148 573 2204 ut
593 2143 698 2204 nullus
721 2141 952 2224 Episcoporum
977 2148 1187 2222 praesumeret
1207 2141 1239 2202 de

230 2266 245 2296 ιι
266 2238 453 2316 redditibus,
470 2243 576 2318 rebus,
597 2241 649 2302 vel
663 2241 781 2303 chartis
796 2240 1072 2316 monasteriorum,
1090 2259 1237 2323 quocum-

230 2364 245 2394 «
266 2359 327 2420 que
339 2339 445 2417 modo,
458 2345 514 2402 aut
525 2339 666 2420 qualibet
676 2339 841 2402 occasione
853 2340 1033 2403 mmuere...
1045 2341 1089 2403 Ut
1096 2341 1238 2402 defuncto
1268 2391 1269 2398 ,

232 2458 246 2496 «
265 2438 439 2514 Ahhute...,
456 2439 592 2520 eligatur
611 2456 707 2518 quem
729 2437 798 2514 sibi,
821 2437 952 2518 propria
973 2439 1153 2513 voluntate,
1170 2457 1236 2499 con·

229 2559 244 2590 «
267 2554 336 2598 cors
355 2537 489 2599 fratrum
514 2532 647 2600 s'ocietas
671 2536 852 2617 elegerit...;
875 2542 911 2598 ut
931 2537 1029 2599 invito
1052 2537 1188 2616 Abbate,
1204 2534 1236 2595 ad

230 2657 244 2690 «
267 2635 444 2699 ordinanda
465 2636 528 2698 alia
546 2637 748 2711 monasteria,
770 2641 826 2697 aut
847 2636 888 2698 ad
908 2635 1034 2696 ordines
1056 2654 1176 2712 sacroS,
1195 2632 1236 2694 vel

230 2758 245 2790 «
268 2733 434 2796 clericatus
449 2735 590 2798 officium
605 2735 674 2797 tolli
688 2735 801 2798 exinde
815 2734 1045 2814 monachinon
1060 2735 1205 2796 debeant.
1220 2755 1233 2787 r

226 2833 384 2896 Praeterea
396 2837 427 2897 S.
445 2833 613 2914 Gregorius
627 2840 723 2910 vetat,
739 2833 853 2896 eodem
867 2835 1006 2910 decreto,
1017 2833 1234 2916 descriptiones

227 2931 384 2994 bonorum
396 2933 580 2996 monasterii
592 2933 661 2996 fieri
676 2933 716 3006 ab
731 2932 903 3016 Episcopo;
919 2931 1031 2995 missas
1043 2952 1172 3016 quoque
1184 2949 1234 3012 pu·
1267 2963 1268 3018 q

154 3067 156 3070 -
226 3028 325 3092 blicas
340 3031 380 3094 ab
396 3051 432 3095 eo
447 3031 600 3095 celebrari
613 3033 646 3093 iu
662 3032 817 3094 coenohio.
833 3056 849 3088 «
862 3033 970 3112 Neque
984 3031 1113 3107 audeat,
1130 3027 1234 3104 altili

230 3151 244 3185 «
268 3131 453 3194 cathedram
472 3132 640 3208 collocare,
657 3131 708 3192 vel
723 3130 900 3210 quamlibet
917 3135 1109 3211 potestatem
1127 3129 1232 3191 habere

230 3254 245 3284 «
266 3228 455 3309 imperandi,
472 3250 529 3296 neo
546 3220 688 3309 aliquam
710 3229 941 3292 ordinationem
960 3229 1035 3292 licet
1052 3228 1231 3294 levissimam

229 3351 246 3386 «
267 3329 415 3404 faciendi,
437 3330 498 3392 nisi
518 3329 559 3391 ub
579 3329 703 3390 Abbate
724 3328 788 3389 loci
806 3329 901 3390 fuerit
920 3333 1062 3408 rogatus,
1088 3332 1229 3410 quetenm

230 3451 246 3483 «
268 3428 418 3492 monachi
436 3447 561 3509 semper
579 3432 731 3488 maneant
748 3427 780 3486 in
800 3426 959 3488 Abbatum
981 3447 1112 3490 suorum
1135 3430 1227 3508 potes·

232 3552 246 3582 u
268 3531 332 3589 tute
347 3529 370 3588 ¹.
385 3551 402 3586 n

277 3637 1223 3734 «mmmmmqmmmmmmu

230 3749 345 3799 -Tom
358 3748 389 3808 V,
403 3747 454 3798 col.
469 3749 538 3810 1197,
552 3749 622 3798 119⁸.
