2642 4268
274 281 342 327 Aac.
365 279 386 327 1.
405 279 483 328 BONA
501 278 695 328 recreatum
715 277 878 352 conlusio.
1025 271 1077 325 479

47 415 95 458 eo
109 397 194 479 quod
203 399 410 479 possemicncm
423 398 544 474 hubent,
559 409 588 459 ct
604 397 814 460 consentientes
828 397 865 472 ei,
883 395 1077 458 cncees'cc'de·

48 495 133 557 Iz'cet
143 496 278 558 dominos
290 497 447 560 saculares
458 507 486 559 et
498 507 617 560 ceteros
628 496 729 558 laicos.
745 499 814 558 Non
827 495 1007 570 defuerant,
1020 513 1079 556 nec

50 595 161 656 etiam
177 595 346 658 hodiedum
359 595 472 658 desunt
480 596 541 657 viri
552 595 685 676 politici,
697 594 753 675 qui
765 593 962 656 alia‘raticn'e
974 613 1077 674 oppu-

51 697 164 771 gnant
181 694 257 774 jura
278 695 436 770 Ecclesiae‚
461 694 651 756 affirmando
675 692 798 755 nullum
818 691 1023 771 jusdominii
1045 692 1078 752 in

52 791 150 851 bona
161 793 351 872 temporalia
362 793 422 872 ipsi
437 798 615 872 competere
631 809 734 872 posse,
748 790 808 852 nisi
823 797 862 852 eir
876 791 1078 853 concessione

54 888 217 968 principis
229 891 399 964 saecularis,
412 890 501 969 cujus'
516 890 646 952 arbitrio
656 889 791 951 facultas
806 889 1078 967 concessa'acqui·

56 985 157 1047 rendi
170 992 202 1048 et
215 989 397 1066 possidendi
406 989 610 1051 determinari
620 993 735 1067 potest,
748 987 854 1066 quoad
861 986 997 1049 formam
1005 1006 1078 1067 pos-

57 1085 225 1161 sessionis,
240 1087 452 1166 quantitatem
465 1087 648 1149 reddituum
660 1074 856 1166 prodiversis
867 1085 1079 1146 associationi-

60 1184 135 1259 bus,
154 1183 283 1246 modum
299 1204 355 1247 sua
369 1186 455 1247 bona
471 1185 723 1260 administrandi,
740 1203 777 1246 ac
792 1184 919 1246 demum
937 1184 1080 1244 revocari

59 1287 179 1362 potest.
193 1283 345 1345 Nonnulli
355 1284 495 1346 inferunt
506 1283 812 1346 bonaecclesiastica
824 1300 891 1344 esse
904 1282 962 1344 suh
975 1282 1077 1343 domi-

60 1379 117 1440 nio
132 1379 326 1460 reipublicae,
344 1387 411 1444 turn
427 1382 502 1462 quia
516 1383 663 1463 princeps
678 1401 717 1444 ea
731 1380 911 1443 conditione
926 1379 1080 1453 concessit

60 1476 212 1540 Ecclesia
226 1479 410 1541 facultatem
425 1480 608 1560 acquirendi
622 1485 658 1542 ut
669 1480 741 1542 sola
756 1478 951 1558 possessione
966 1484 997 1539 et
1007 1477 1080 1557 jure

59 1575 307 1637 administrandi
318 1578 573 1654 frueretur;'tum
584 1579 658 1660 quia
672 1581 741 1642 haec
762 1578 848 1639 bona
868 1577 985 1640 collata
1007 1583 1081 1638 sunt

60 1673 213 1736 Ecclesia
223 1675 257 1736 in
267 1676 437 1738 utilitatem
447 1678 618 1758 publicam,
630 1678 766 1758 ideoque
776 1682 850 1739 sunt
859 1694 933 1756 pars
942 1677 1077 1737 fortunae

61 1771 218 1851 publicae;
239 1778 307 1835 tum
326 1776 455 1837 demum
475 1776 550 1855 quia
569 1793 705 1855 corpora
721 1775 855 1837 moralia
875 1774 990 1854 quibus
1009 1774 1078 1836 haec

61 1870 151 1930 hona
167 1871 360 1948 tribuuntur,
377 1873 510 1936 existere
519 1873 820 1953 nonpossuntaliter
833 1890 930 1953 quarn
946 1871 979 1932 vi
988 1871 1077 1948 legia,

62 1985 135 2047 quae
151 1974 256 2048 potest
266 1988 304 2032 ea
322 1973 575 2052 supprimere‚ac
590 1976 819 2051 consequenter
832 1971 869 2032 de
883 1970 1013 2031 illorum
1024 1969 1080 2030 bo-

61 2067 112 2126 nis
127 2067 308 2147 disponere.
317 2071 371 2130 His
386 2070 560 2132 ratiociniis
572 2071 708 2150 probare
723 2069 893 2131 voluerunt
907 2068 1081 2146 legitimam

59 2164 158 2226 fuisse
183 2167 404 2245 spoliationem
424 2169 582 2241 Ecclesia,
608 2168 724 2230 saeculo
747 2167 908 2248 praeterito
930 2184 1077 2228 consum·

62 2269 185 2326 matam
205 2271 394 2329 aconventu
409 2267 573 2330 nationali.
591 2268 672 2339 Quid
690 2267 827 2328 sentiant
844 2265 904 2326 viri
919 2264 1079 2337 catholici.

62 2362 188 2424 dicetur
201 2363 234 2423 in
248 2365 464 2444 propositione
478 2366 632 2446 sequenti.

124 2463 368 2524 Pnor0S1r10.-
378 2463 517 2525 Ecclesia
532 2473 575 2524 est
592 2481 690 2545 copae
704 2461 831 2524 domimi
843 2479 945 2524 rerum
965 2471 1077 2543 tempo-

63 2557 187 2632 ralium,
196 2559 274 2639 jure
288 2560 436 2634 naturali,
453 2561 555 2622 diuino
570 2571 600 2622 et
611 2561 705 2624 civili.

123 2658 152 2718 1⁰
172 2656 249 2718 Jure
268 2657 414 2720 naturali.
437 2660 525 2734 Cum,
547 2678 587 2720 ex
606 2662 748 2722 omnium
770 2661 923 2734 confesso,
945 2659 1078 2741 quisque

63 2755 207 2834 privatus
225 2755 330 2818 valeat
348 2758 511 2837 acquirere
528 2758 613 2819 bona
632 2759 746 2839 quibus
762 2759 928 2839 provideat
945 2758 1008 2819 suis
1024 2777 1079 2820 ne·

64 2853 263 2914 cessitatibus
278 2861 310 2916 et
326 2857 510 2932 commodis,
528 2857 639 2918 eodem
650 2859 723 2936 jure
737 2857 856 2937 potitur
871 2857 1081 2919 communitas

64 2951 243 3030 hominum,
263 2971 399 3033 persona
418 2955 556 3016 moralis.
578 2956 681 3017 Habet
699 2955 808 3036 utique
827 2956 1080 3036 corpus'mo'rale

64 3051 232 3113 facultates
251 3052 492 3129 intellectuales,
511 3054 647 3116 morales
664 3059 696 3116 et
712 3055 859 3135 physicas
876 3054 994 3135 quibus
1011 3054 1079 3114 haec

65 3149 150 3211 hona
164 3149 224 3212 sibi
238 3158 411 3230 comparet,
430 3171 469 3214 ea
485 3157 586 3232 gerat,
602 3151 704 3235 iisque
718 3152 752 3212 in
768 3171 861 3214 suurn
877 3151 1080 3214 commodum

65 3253 174 3310 utatur
194 3266 201 3308 :
223 3251 460 3312 necessitatibus
475 3251 649 3313 obnoxium
664 3255 720 3325 est,
738 3249 853 3331 quibus
868 3249 960 3311 aliter
974 3249 1080 3329 provi-

66 3345 140 3407 dere
158 3348 285 3428 nequit;
304 3355 429 3429 oportet
446 3349 530 3412 enirn
550 3349 810 3411 communitatem
830 3368 902 3411 suos
920 3347 1080 3410 ministros

66 3443 196 3518 hahere,
217 3453 388 3508 conventus
404 3467 509 3527 agere,
526 3447 631 3510 media
650 3447 765 3528 quibus
782 3467 873 3508 suum
887 3447 984 3508 finem
1003 3463 1079 3526 pro·

67 3552 218 3624 sequatur
239 3545 402 3620 adhibere,
424 3566 493 3627 qnae
514 3553 629 3609 cuncta
647 3566 711 3609 non
731 3547 913 3608 obtinentur
932 3545 999 3606 sine
1018 3544 1078 3604 im-

66 3641 181 3719 pensis.
196 3643 291 3722 Ergo,
304 3645 492 3722 gubernium
505 3645 597 3706 civile
610 3650 716 3726 potest
725 3645 854 3726 quidem
864 3642 1030 3722 invigilare
1043 3660 1082 3702 ne

67 3739 273 3802 instituantur
289 3743 532 3806 communitates
549 3745 691 3806 moribus
709 3742 845 3824 publicis
861 3747 895 3805 et
910 3741 1015 3804 ordini
1030 3758 1082 3801 so-
