2642 4270
229 287 296 333 ultr.
318 287 364 332 111.
385 286 622 335 lnululsrnnrto
641 287 784 335 BONORUM
804 287 965 336 EEGLESIE.
1054 282 1105 335 599

89 401 269 481 usquedum
286 402 367 461 alter
382 401 556 481 Episcopus
576 403 658 464 sedis
673 405 903 483 possessionem
920 403 1107 480 obtinuerit,

89 505 121 560 et
133 517 244 560 ornnes
259 500 378 560 fruetus
391 501 533 579 percepti
547 501 670 561 interea
680 508 848 562 censentur
857 501 994 582 principi
1006 519 1102 564 3333-

87 597 149 657 lari
169 597 328 671 obvenire,
353 599 394 659 ad
416 598 637 678 praescriptum
660 603 719 659 art.
744 599 782 659 33
806 600 924 661 decret.
942 617 993 663 an.
1012 599 1100 672 1813,

87 713 152 774 quo
162 695 340 755 declaratur
350 696 530 776 jusrepclise
539 697 668 758 retineri
677 697 710 756 in
720 697 854 777 imperio
860 697 953 775 juxta
961 702 1106 762 veterem·

86 811 220 854 morem.
237 795 293 855 lus
307 793 396 869 illud,
417 794 450 854 ni
466 793 571 868 fallor,
591 795 631 854 ad
653 794 779 873 praxim
793 814 857 855 non
873 795 1051 869 adducitur,
1070 800 1102 856 et

85 891 207 971 fructus
221 891 294 952 sede
308 898 441 953 vacante
456 893 596 972 percepti
612 898 787 967 servantur,
817 892 959 952 deductis
974 893 1100 970 impen-

86 989 140 1062 sis,
168 990 209 1050 ad
237 991 482 1051 instaurationes
513 990 628 1052 sedium
663 990 748 1050 tituli
780 990 985 1070 Episcopalis,
1015 990 1103 1069 quod

85 1087 229 1166 aequitati
254 1088 392 1149 naturali
414 1089 544 1149 omnino
568 1094 816 1149 consentaneum
836 1094 893 1149 est.
916 1089 1003 1148 Bona
1026 1105 1101 1167 quae

84 1171 274 1246 dioecesibus
284 1186 440 1266 acquisita
450 1191 523 1247 sunt
533 1185 756 1247 donationibus
767 1186 947 1264 spontaneis
957 1186 1098 1246 fidelium

82 1282 118 1341 in
139 1283 333 1345 dotationem
349 1283 429 1345 sedis
447 1283 644 1363 episcopalis,
661 1275 844 1345 nullatenus
866 1279 1004 1346 obnoxia
1025 1289 1098 1344 sunt

78 1379 146 1457 juri
169 1380 300 1441 dominii
321 1382 517 1460 reipublicae3
543 1381 752 1460 quamobrem
779 1400 843 1441 non
865 1386 912 1441 est
934 1381 1015 1442 ratio
1041 1399 1099 1442 cur

82 1479 203 1538 fructus
219 1497 258 1538 ex
270 1479 382 1539 iisdem
396 1479 487 1540 bonis
502 1478 625 1540 collecti
639 1483 840 1539 reserventur
849 1478 1013 1557 gubernio.

143 1576 197 1638 111ο
216 1576 261 1636 De
280 1577 424 1656 sepimine
444 1576 588 1637 donorum
607 1574 734 1656 capituli
752 1575 897 1637 Ecclesiae
915 1575 1098 1637 cathedrales

81 1674 365 1736 etsemincriorum.

142 1772 211 1832 611.
234 1805 273 1815 -
291 1769 436 1849 Capitula
454 1770 667 1831 Ecclesiarum
685 1771 928 1848 cathedralium,
945 1777 977 1830 et
997 1770 1093 1832 colle-

79 1869 239 1948 giatarum
253 1869 312 1929 rite
332 1868 585 1943 constitutarum,
603 1873 735 1947 possunt
752 1869 915 1948 acquirere
935 1867 1020 1928 bona
1037 1887 1095 1946 per

78 1973 168 2028 actus
182 1967 264 2028 inter
274 1967 362 2027 vivos
377 1971 408 2027 et
419 1985 476 2044 per
487 1970 688 2028 testamenta.
704 1966 887 2046 Acceptatio
903 1965 940 2026 fit
955 1985 974 2026 a
988 1966 1093 2045 prima

79 2063 232 2142 dignitate
248 2065 388 2143 capituli,
404 2070 574 2144 postquam
588 2061 777 2142 gubernium
792 2063 893 2141 civile,
908 2064 1016 2124 audita
1026 2083 1098 2124 sen·-

77 2162 177 2223 tentia
190 2162 336 2242 Episcopi
351 2167 381 2223 et
395 2145 547 2243 praeiee'ti,
562 2161 723 2224 licentiam
736 2162 934 2222 concesserit.

139 2260 318 2340 Capitulum
329 2260 426 2320 habet
439 2261 670 2320 usumfructum
679 2260 837 2321 bonorum
852 2260 994 2321 omnium
1005 2277 1092 2320 men·

78 2377 120 2421 sae
146 2357 339 2438 capitularis,
367 2375 502 2436 quorum
533 2357 673 2418 redditus
698 2374 790 2435 aequa
816 2357 938 2418 ratione
969 2356 1003 2416 in
1025 2355 1093 2417 sin·

77 2456 171 2535 gulos
185 2455 352 2518 canonicos
369 2455 565 2527 dividuntur,
581 2455 642 2514 nisi
655 2454 829 2538 inserviant
844 2454 876 2513 in
892 2472 985 2514 usum
1000 2471 1091 2516 com-

77 2573 204 2615 munem
218 2554 315 2615 totius
330 2553 470 2632 capituli.
487 2554 519 2612 1ο
533 2552 695 2613 Deliberat
706 2553 739 2612 in
755 2556 912 2613 conventu
931 2552 969 2612 de
985 2552 1092 2612 omni-

75 2654 135 2713 bus
148 2669 217 2732 quae
233 2651 273 2712 ad
287 2651 464 2729 gestionem
476 2650 635 2711 bonorum
645 2668 774 2711 suorum
784 2651 974 2721 referuntur,
993 2650 1087 2710 modo

75 2767 213 2830 praesens
229 2750 311 2810 adsit
325 2767 476 2810 numerus
494 2741 721 2808 canonicorum
741 2753 801 2810 art.
823 2749 862 2808 50
877 2738 993 2809 decret.
1009 2747 1087 2807 1813

75 2848 270 2928 praefinitus:
290 2871 305 2904 «
321 2849 362 2908 Le
378 2846 521 2926 chapitre
534 2865 574 2907 ne
584 2865 703 2926 pourra
718 2846 854 2923 prendre
869 2862 992 2906 aucune
1006 2844 1089 2905 ueli-

76 2971 92 3003 «
104 2947 249 3007 beration
262 2945 393 3006 relative
409 2947 428 3005 e
440 2946 472 3005 la
484 2945 608 3023 gestion
619 2944 674 3005 des
684 2944 773 3004 biens
784 2962 825 3003 ou
833 2933 1090 3023 repertition'des

77 3068 92 3102 c
105 3063 250 3121 revenus,
266 3043 293 3104 si
307 3043 352 3104 les
365 3043 524 3104 membres
542 3047 685 3122 presents
704 3059 745 3102 ne
764 3042 902 3101 forment
921 3058 962 3100 au
983 3041 1087 3101 moins

74 3165 88 3198 c
105 3141 151 3203 les
170 3147 281 3222 quatre
303 3140 498 3219 cinquiemcs
518 3140 560 3200 du
580 3141 713 3200 nombre
733 3137 814 3198 total
836 3138 891 3198 des
914 3137 1089 3199 cbanoines

74 3263 86 3295 c
105 3239 290 3302 existentes
319 3239 393 3298 Haec
409 3243 515 3298 autem
531 3235 718 3297 deliberatio
741 3235 835 3295 debet
854 3234 1024 3313 approbari
1044 3235 1086 3296 ab

69 3337 235 3416 Episcopo.
252 3335 286 3396 Si
300 3335 474 3415 Episcopus
489 3354 508 3395 a
523 3334 661 3413 capitulo
676 3332 850 3407 dissentiat,
868 3349 964 3393 causa
978 3333 1083 3393 defer·
1139 3359 1141 3363 ·

70 3442 121 3496 tur
142 3435 182 3496 ad
205 3434 385 3494 ministrum
410 3431 557 3512 gubernii
584 3431 791 3512 praepositum
818 3429 1084 3492 administrationi

68 3532 154 3593 civili
165 3532 319 3594 cultuum.
336 3534 370 3592 2⁰
385 3535 481 3592 Actus
496 3529 777 3591 administrationis
792 3529 874 3588 fiunt
885 3547 904 3588 a
915 3528 1083 3588 thesaura·

66 3630 114 3693 ric
133 3631 264 3710 capituli
279 3631 334 3709 qui
347 3630 388 3690 ad
404 3629 484 3690 illud
502 3628 641 3688 officium
666 3627 849 3704 designatus
871 3625 929 3686 fuit
948 3625 988 3685 ab
1005 3620 1084 3705 Episs

65 3748 176 3810 scopo,
185 3747 224 3790 ex
233 3729 356 3790 duobus
369 3725 544 3790 candidatis
554 3745 574 3787 a
584 3725 724 3806 capitulo
735 3723 943 3805 praesentatis.
952 3725 985 3785 3⁰
1000 3722 1080 3784 'lbe-
