2604 4274
248 318 316 368 let.
339 321 360 368 1.
381 319 525 370 stateem
546 323 584 370 ΕΤ
603 321 738 371 sicutte
757 321 899 370 eelvnnt.
1027 312 1079 367 427

123 433 216 496 *tte
236 467 274 482 -·
289 437 315 496 1⁰
332 433 402 510 Quae
416 436 599 498 conditiones
612 438 820 520 requirantur,
836 445 871 497 nt
884 437 951 518 qais
964 436 1079 518 ere'qere

35 531 158 610 possit
171 531 362 594 Ecclesiam?
378 533 458 608 Ouid
470 535 506 596 de
520 537 653 607 oratorio
664 534 805 617 precato?

123 629 148 691 Ι.
171 630 344 692 Ecclesiam
360 650 414 692 seu
432 633 606 696 oratorium
620 634 795 714 publicum,
810 634 904 712 juxta
918 649 1081 693 sacrorum

43 743 224 788 canonum
244 728 381 808 decreta,
405 731 562 826 adificare
580 732 672 793 aliter
685 751 749 793 non
770 731 1087 819 licet.quamasse1i-·

46 823 161 886 tiente
179 827 345 907 Episcopo.
362 828 429 890 Mos
449 836 496 891 est
515 831 554 890 ab
575 830 764 909 antiquitate
779 837 920 891 servatus
935 834 970 890 ut
988 827 1079 908 Epis·

46 941 162 1002 copus
175 942 234 1002 per
245 943 287 1002 se,
302 925 353 986 vel
365 945 423 1006 per
434 929 630 990 sacerdotem
643 928 683 988 ad
696 928 729 988 id
739 928 936 1008 deputatum,
953 943 1080 988 crucem

46 1019 202 1098 ligneam
215 1022 293 1100 ligat
304 1023 337 1083 in
349 1023 419 1086 loco
432 1023 488 1086 uhi
500 1043 625 1086 sacrum
636 1025 805 1087 adificium
818 1025 1005 1102 erigendum
1015 1028 1079 1099 est;¹

48 1118 182 1178 atrium
201 1120 353 1199 designet,
375 1128 406 1184 et
423 1123 563 1202 primum
580 1124 719 1204 lapidem
738 1124 770 1184 in
787 1122 1002 1184 fundamentis
1020 1140 1081 1201 po·

51 1217 205 1278 nendum
226 1218 402 1282 benedicat.
426 1222 474 1282 lta
493 1221 615 1283 Bitunia
635 1225 813 1282 Romanum
835 1226 866 1282 et
884 1217 1079 1300 Pontificum,

46 1313 154 1392 juxta
177 1321 325 1378 veterem,
340 1318 553 1394 traditionem,
582 1337 676 1400 quam
702 1319 921 1398 consignatam
945 1317 1087 1396 legimus

51 1411 90 1471 in
109 1431 234 1476 canone
250 1415 375 1477 concilii
388 1417 632 1492 Aurelianensis,
650 1435 720 1498 cap.
738 1417 833 1477 Nemo
847 1415 1027 1487 Ecclesiam,
1047 1417 1078 1489 9,

52 1509 134 1572 dist.
152 1531 175 1585 1,
192 1529 231 1573 ue
246 1515 506 1578 consecanrmuu.
752 1513 754 1520 '
1083 1563 1085 1572 1

121 1603 1080 1694 Episcopusnon'conceditfacultatemexpetitamedificandi

52 1727 179 1770 novam
192 1711 375 1787 Ecclesiam,
391 1712 452 1772 nisi
462 1711 584 1773 duabus
594 1711 705 1792 positis
718 1711 952 1773 conditionibus
966 1727 974 1769 :
990 1710 1020 1769 1⁸
1044 1713 1080 1774 ut

54 1807 268 1887 provideatur
281 1810 459 1890 sumptibus
469 1809 651 1872 necessariis
662 1810 702 1870 ad
715 1809 985 1871 conservationem
997 1806 1080 1868 sacri

52 1906 199 1980 aedificii,
216 1912 248 1967 et
265 1908 305 1968 ad
320 1909 440 1986 cultum
456 1907 597 1968 divinum
613 1909 668 1988 qui
684 1907 717 1968 in
732 1926 770 1968 ea
784 1907 982 1987 peragendus
1000 1905 1077 1980 erit;
1128 1892 1130 1898 ’

53 2005 88 2064 2²
126 2009 163 2064 ut
185 2004 254 2067 haec
276 2024 359 2066 nova
380 2003 521 2067 Ecclesia
543 2005 763 2085 praejudicium
785 2022 849 2066 non
873 2004 986 2064 afferat
1010 2002 1079 2064 aliis

53 2102 219 2175 Ecclesiis
236 2103 269 2163 in
284 2104 396 2166 eodem
411 2106 481 2166 loco
491 2105 560 2185 jam
575 2109 670 2178 antea
682 2102 803 2164 erectis.

119 2202 165 2261 De
180 2201 280 2280 priori
297 2203 478 2282 conditione
493 2203 602 2264 statuit
617 2201 780 2262 decretum
795 2201 921 2262 concilii
934 2199 1078 2260 Aurelia·

54 2299 167 2358 nensis
183 2299 333 2374 citatum;
352 2301 486 2379 requirit
505 2301 589 2360 enirn
609 2305 645 2360 ut
663 2299 876 2361 aedisscaturus
894 2297 1076 2372 Ecclesiam,

54 2406 178 2458 ostenso
195 2397 364 2470 donatione,
378 2385 536 2479 praefiniat
550 2417 617 2479 qua
633 2397 674 2458 od
688 2397 864 2470 luminario,
882 2405 911 2456 et
924 2395 966 2456 od
978 2403 1078 2456 custo-

1 2557 2 2561 ,
54 2492 141 2555 dium
163 2503 195 2554 et
213 2495 255 2556 ad
273 2495 423 2576 stipendia
447 2495 611 2572 custodum,
633 2495 800 2576 sufficiant.
826 2497 886 2555 Pro
911 2490 1079 2553 sufficienti

1 2565 3 2662 l
54 2592 225 2654 dotatione
240 2593 461 2667 assecuranda,
477 2611 542 2654 non
556 2593 729 2654 attenditur
743 2591 942 2654 solummodo
957 2589 997 2650 ad
1009 2589 1079 2650 red-

1 2668 2 2688 *
54 2690 144 2750 ditus
154 2697 259 2752 certos
271 2709 349 2769 quos
361 2692 511 2752 fundator
524 2691 732 2766 constituerit,
746 2690 800 2751 sed
811 2690 851 2751 ad
861 2689 1079 2768 eleemosynas

54 2793 89 2848 et
108 2787 289 2849 oblationes
308 2788 459 2864 fidelium,
477 2807 548 2868 qua
565 2788 773 2868 probabiliter
786 2788 968 2862 obvenient,
986 2799 1077 2846 occa·

56 2885 147 2946 sione
163 2885 344 2947 divinorum
358 2887 536 2947 officiorum
552 2892 583 2948 et
598 2885 880 2947 administrationis
896 2901 1076 2946 sacramen·

56 2988 179 3044 torum,

118 3082 169 3142 An
182 3100 265 3143 nova
276 3082 415 3144 Ecclesia
425 3083 545 3144 caeteris
555 3082 776 3164 praejudicium
787 3084 909 3158 alienat,
918 3081 1018 3161 judex
1030 3085 1077 3141 est

1 3213 2 3232 ÷
55 3179 246 3260 Episcopus,
261 3180 335 3241 data
347 3181 387 3246 iis
397 3199 532 3260 quorum
544 3182 675 3242 interest
687 3181 833 3241 libertate
847 3199 919 3240 suas
931 3178 1078 3259 querelas

55 3277 254 3356 opponendi.
282 3278 396 3339 Lucius
421 3280 462 3340 ΙΙΙ
488 3279 557 3340 haec
578 3279 738 3358 rescripsit
761 3279 802 3338 ad
828 3278 1019 3357 Episcopum
1045 3276 1078 3336 in

56 3393 130 3454 cap.
145 3373 364 3454 Intelleximus,
378 3377 407 3454 l,
421 3395 460 3438 ne
471 3379 547 3441 Novr
557 3377 667 3439 Oeunrs
677 3391 884 3438 annumerans
900 3393 906 3435 :
924 3399 940 3432 ι(
950 3377 1077 3436 Frater·

1 3463 2 3466 '
62 3494 77 3530 a
97 3471 1075 3554 nitatiTuaemandamus,quatenusdiligenterconsiderans...

60 3593 75 3626 α
99 3570 178 3649 quia
199 3571 288 3632 nulla
308 3571 448 3632 Ecclesia
468 3572 501 3632 in
522 3571 744 3652 prejudicium
767 3570 896 3632 alteriue
931 3574 979 3630 est
1000 3587 1077 3630 con·

1 3695 2 3698 κ
59 3690 76 3723 «
100 3657 265 3740 struenda,¹
276 3670 438 3748 negotium
450 3670 564 3752 ipsum,
573 3671 746 3732 secundum
755 3670 863 3748 legum
876 3674 908 3730 et
920 3685 1077 3730 canonum

60 3789 75 3822 «
99 3771 230 3844 statuta,
246 3787 309 3829 non
323 3768 450 3830 differas
460 3770 640 3831 terminare.
657 3792 672 3824 »
685 3761 792 3830 Omnis
803 3768 857 3848 qui
867 3786 900 3830 se
911 3772 1077 3848 gravatum
