2632 4260
178 189 213 240 i2
334 191 337 198 '
507 195 581 252 iilis
600 197 635 245 ll.
656 196 694 244 ou
714 191 864 243 cursuali.

178 311 295 372 auxilio
322 329 401 387 esse,
428 331 486 393 pro
508 317 687 392 temporum
711 306 960 390 opportunitate,
988 311 1023 366 ut
1051 304 1192 366 divinum

177 409 263 489 quod
275 409 336 490 ipsi
348 410 550 473 commissum
563 417 610 473 est
624 407 833 472 mirristerium
844 403 974 468 liberius
988 408 1192 484 exsequatur.

236 509 260 569 1.
273 508 431 588 obligatio
444 509 685 590 obtemperandi
695 506 819 586 legibus
830 504 990 568 canonicis
1000 509 1032 566 et
1040 501 1195 564 obsecun-

176 607 273 668 dandi
285 601 499 687 jurisdictioni
518 608 692 670 coercitivae
712 603 870 676 Ecclesiae,
891 603 924 664 in
944 600 1194 664 controversiam

176 705 306 766 minime
319 705 486 768 adducitur
496 707 581 786 apud
592 705 780 779 catholicos;
790 699 1199 766 estenimfundatissimum.

177 803 304 881 dogma.
326 805 373 864 Ex
392 803 514 884 legibus
534 810 640 866 autem
655 801 815 866 canonicis
830 800 900 862 alim
917 804 991 861 sunt
1010 815 1194 861 communes

178 900 281 975 laicis,
305 901 424 963 clericis
446 908 476 964 et
493 902 663 981 religiosis,
684 919 748 962 uno
781 900 877 962 verbo
909 895 1191 969 Christifidelibns,

175 1018 205 1062 v.
223 1018 268 1076 g.,
285 998 371 1079 leges
392 1001 430 1062 dc
452 1000 643 1062 abstinentia
656 1005 689 1062 et
697 998 831 1080 jejunio,
849 996 1053 1058 detestorum
1066 993 1193 1056 celebra

175 1097 272 1176 tione,
295 1103 374 1173 etc.';
392 1098 461 1160 aliae
475 1115 550 1161 vero
563 1098 662 1161 laicos
680 1096 782 1176 magis
795 1095 912 1158 directe
925 1091 1079 1168 alliciunt,
1090 1111 1121 1156 v.
1145 1110 1176 1171 g.
1181 1136 1191 1168 ,

176 1191 301 1257 decreta
315 1196 354 1258 de
369 1195 603 1278 impedimentis
617 1194 822 1270 matrimonii,
838 1199 900 1257 etc.

235 1293 272 1358 ll.
280 1293 396 1356 -Altera
410 1295 573 1375 obligatio,
587 1293 774 1374 providendi
785 1310 913 1372 nempe,
926 1311 966 1354 ex
980 1291 1044 1352 suis
1059 1289 1194 1371 quisque

175 1390 266 1452 bonis
285 1390 525 1470 temporalibus,
548 1391 785 1455 necessitatibus
804 1389 907 1453 cultus
930 1387 1050 1470 publici
1071 1390 1103 1450 et
1123 1404 1192 1448 sus·
1296 1471 1299 1478 Ι

176 1489 359 1551 tentationis
373 1489 590 1552 ministrorum
604 1489 765 1566 Ecclesiae,
781 1506 871 1568 aeque
884 1487 1038 1550 fundatur
1048 1485 1122 1565 jure
1135 1502 1192 1546 na-

176 1585 448 1662 turaliet'divin03
466 1586 604 1651 Chrsalus
616 1588 701 1650 enim
711 1585 865 1650 ordinavit
875 1586 914 1648 iis
926 1581 1195 1668 qut'lr'vaapelium

177 1685 362 1748 annuntiant
376 1685 413 1748 de
428 1685 600 1768 Evangelio
616 1687 727 1762 urbere,
746 1685 791 1747 ait
805 1690 935 1748 sanctus
946 1683 1075 1746 Paulus.
1093 1681 1196 1744 Primi

177 1781 284 1845 autem
303 1785 450 1846 Pastores
470 1784 683 1847 determinant
700 1783 764 1846 suis
783 1783 909 1846 statutis
928 1783 993 1846 vim
1011 1780 1091 1860 legis
1109 1779 1193 1842 obti-

52 1881 55 1886 '
177 1882 335 1959 nantibus,
353 1883 483 1946 modum
498 1889 530 1946 et
547 1888 672 1963 tempus
687 1900 750 1963 quo
764 1881 878 1945 divinae
893 1880 1085 1945 ordinationi
1101 1877 1195 1940 satis-

177 1975 245 2037 fieri
257 1982 371 2056 queat;
389 1978 428 2039 de
443 1997 507 2058 quo
524 1978 646 2041 dicetur
660 1977 692 2038 in
707 1978 761 2039 ΙΙΙ·
773 1977 875 2057 parte,
891 1975 948 2039 ubi
961 1975 997 2038 de
1011 1975 1105 2038 Bonis
1118 1983 1195 2035 tem-

173 2074 329 2156 poralibus
342 2075 497 2140 scelerae.
765 2153 768 2158 Ι

165 2198 167 2204 ’
236 2175 289 2236 ill.
306 2175 397 2248 Quod
409 2175 450 2236 ad
460 2175 615 2238 auxilium
626 2176 843 2256 praestandum
852 2173 1001 2238 Ecclesia
1013 2178 1146 2255 spectat,
1160 2177 1197 2235 ut

177 2291 235 2334 sua
246 2273 464 2352 jurisdictione
478 2275 607 2336 liberius
621 2280 740 2348 utatur,
756 2273 789 2334 id
803 2272 1000 2353 principibus
1015 2270 1196 2334 christianis

178 2371 376 2452 potissimum
389 2373 609 2434 demandatur.
625 2373 767 2436 Vidimus
777 2373 809 2434 in
822 2373 849 2433 Ι·
864 2377 955 2453 parte
965 2368 1196 2432 Praelertiouum

179 2469 226 2549 (n⁰
240 2472 290 2542 66,
303 2488 336 2548 p.
350 2469 420 2551 lib)
435 2475 632 2534 constantem
644 2469 801 2534 fuisseSS.
810 2472 940 2532 Petrum
950 2476 982 2532 et
991 2468 1197 2532 conciliorum

179 2567 356 2630 doctrinam
366 2567 524 2650 principes
533 2568 673 2630 officium
683 2569 796 2630 divinis
803 2568 1123 2650 praeordinationibus
1131 2584 1195 2628 suae

178 2665 324 2743 dignitati
340 2683 519 2727 connexum
536 2669 677 2746 exsequi,
696 2668 773 2728 dnm
790 2686 900 2730 curam
914 2667 1060 2745 religioni
1072 2665 1196 2745 impen-

179 2762 269 2839 dunt,
284 2769 438 2844 quantum
451 2764 525 2825 sinit
537 2763 675 2827 conditio
687 2771 869 2846 temporum
879 2771 910 2828 et
921 2767 1026 2828 forma
1036 2762 1197 2842 regiminis

179 2861 310 2941 politici.
332 2862 641 2942 opportunissimum
660 2869 744 2926 certe
763 2865 823 2927 init
844 2863 987 2926 nationes
1009 2861 1197 2924 christianas

179 2961 224 3020 ita
237 2958 345 3039 Juvari
363 2977 518 3022 concursu
535 2968 647 3024 mutuo
663 2963 827 3044 utriusque
845 2959 1052 3038 auctoritatis,
1071 2965 1106 3020 ut
1123 2977 1197 3039 gra-

180 3058 279 3120 datim
287 3057 519 3121 deducerentur
528 3060 569 3121 ab
578 3061 836 3124 aetatebarbariae
844 3059 1049 3139 infantiaequc
1060 3057 1195 3136 socialis,

180 3156 221 3217 ad
236 3159 353 3216 statum
370 3155 461 3218 illum
480 3164 669 3238 presentem
684 3176 747 3239 quo
762 3160 875 3222 merito
895 3158 1081 3237 gloriantur.
1098 3158 1197 3217 Nemo

144 3298 147 3306 .
181 3252 305 3314 dubitat
330 3254 407 3334 quin
430 3274 469 3317 ex
494 3256 548 3318 illo
573 3257 738 3336 regimine,
764 3257 815 3318 cui
839 3256 922 3344 ultro
947 3255 1199 3317 assentiebantur

180 3350 303 3432 populi,
318 3352 451 3416 societas
463 3356 599 3416 multum
611 3356 780 3436 profecerit
792 3354 970 3416 animorum
983 3353 1082 3429 cultu,
1098 3352 1199 3413 notio·

181 3451 274 3513 nibus
284 3449 365 3530 juris
379 3457 447 3527 tum
462 3453 577 3533 privati
590 3459 659 3514 tum
672 3452 804 3534 publici,
820 3469 946 3513 morum
960 3451 1197 3525 informatione,

181 3548 313 3629 aliisque
328 3549 454 3628 optimis
468 3551 628 3614 institutis.
643 3555 684 3615 st
697 3551 791 3613 simul
804 3549 1084 3630 animadvertimus
1096 3549 1199 3610 maxi·
1219 3553 1222 3560 “

147 3724 150 3732 .
181 3663 268 3710 mum
292 3649 435 3712 omnium
456 3649 633 3714 officiorum
657 3649 808 3732 principis
830 3649 863 3711 in
886 3647 1014 3727 negotio
1036 3645 1199 3726 religionis
