2582 4278
562 867 736 956 sutrio
778 869 853 954 111³

453 1159 499 1202 DE
522 1157 687 1204 scuoms
709 1152 966 1200 CLERICORUH

258 1458 429 1522 Persolutis
447 1459 674 1540 quaestionibus
694 1461 733 1522 de
757 1459 944 1522 clericorum
965 1461 1060 1530 statu,
1082 1455 1212 1516 ordina·

118 1622 120 1625 .
200 1556 296 1630 tione,
311 1556 556 1634 obligationibus
575 1563 606 1618 et
624 1557 809 1638 privilegiis,
831 1557 981 1618 disserere
998 1558 1215 1634 opportunum

201 1654 389 1714 ducimusde
399 1655 585 1717 clericorum
594 1655 734 1734 collegiis
743 1673 813 1735 quae
824 1654 999 1716 studiorum
1008 1650 1215 1714 causaetcul-

202 1756 251 1812 tus
262 1751 381 1830 publici
394 1752 539 1814 instituta
550 1759 634 1826 sunt,
651 1773 764 1833 nempe
780 1754 818 1815 de
831 1752 947 1815 scholis
961 1751 1170 1822 clericalibus,
1183 1754 1216 1808 et

201 1849 239 1910 de
251 1849 407 1928 capitulis.
419 1851 609 1930 Incipiemus
620 1871 640 1912 a
651 1851 778 1924 sobolis,
789 1869 860 1932 quae
871 1852 902 1910 in
913 1850 1070 1929 triplicem
1079 1848 1215 1909 classem

201 1947 440 2008 distribuuntur.
456 1949 534 2010 Aliae
551 1955 662 2010 erectae
678 1955 752 2010 sunt
768 1949 945 2028 ingratiam
958 1965 1141 2027 puerorum,
1157 1945 1215 2024 qui

199 2044 378 2106 rudimenta
387 2045 564 2107 litterarum
575 2051 721 2126 artesque
731 2047 877 2108 liberales
886 2046 1044 2119 ediscunt;
1058 2044 1128 2107 aliae
1140 2043 1214 2104 des-

200 2143 340 2204 tinantur
359 2144 489 2219 clericis,
512 2144 566 2224 qui
585 2146 729 2225 proxime
749 2145 958 2224 disponuntur
978 2144 1019 2206 ad
1036 2141 1215 2221 susceptio·

199 2260 272 2302 nem
299 2243 458 2316 ordinum,
484 2249 515 2304 et
543 2244 584 2304 ad
612 2243 797 2305 exercitium
824 2244 905 2304 sacri
929 2241 1111 2315 ministerii3
1140 2240 1214 2302 aliae

196 2342 323 2402 tandem
345 2343 531 2403 ordinantur
553 2342 593 2402 ad
608 2341 864 2422 explanationem
883 2342 1039 2403 eruditam
1060 2346 1091 2402 ct
1106 2339 1212 2401 scicn—
1283 2351 1284 2382 ³

198 2439 316 2501 tificam
331 2441 506 2520 disciplinae
521 2459 631 2502 saerae.
1283 2431 1284 2434 '

277 2661 448 2723 Auxluutus
468 2680 501 2725 11.
524 2664 630 2724 -.Ῑ)Ε
651 2665 881 2728 SEMINARIORUM
901 2680 1128 2728 lusuluuulouu.

257 2851 328 2911 364.
348 2885 389 2894 -
407 2851 434 2910 Ιο
456 2851 527 2926 Qua
546 2855 608 2914 siut
627 2854 824 2936 obligationes
844 2864 875 2916 et
890 2855 971 2935 jura
991 2853 1213 2934 Episcoporum

198 2948 297 3030 quood
307 2950 536 3012 semiunciarum
553 2952 791 3016 institutionem?

257 3047 334 3108 [lum
345 3053 430 3108 recta
441 3053 471 3108 et
482 3056 630 3111 accurata
643 3051 798 3113 institutio
812 3051 887 3113 cleri
903 3054 944 3114 ad
957 3051 1120 3130 religionis
1134 3069 1211 3130 pro·

197 3146 391 3224 speritatem,
400 3152 493 3227 atque
504 3148 544 3208 ad
553 3167 664 3212 senam
674 3149 850 3212 doctrinam
858 3152 1009 3212 tuendam
1018 3168 1215 3230 magnopere

197 3245 363 3318 conducat,
381 3245 514 3306 Romani
533 3247 702 3311 Pontifices
720 3254 752 3310 et
770 3249 957 3310 sanctissimi
970 3249 1125 3310 Praesules
1139 3267 1214 3310 suas

197 3357 305 3410 omnes
316 3361 406 3404 curas
416 3343 685 3426 cogitationesque
695 3345 728 3407 in
738 3346 771 3407 id
781 3347 956 3425 praesertim
967 3346 1121 3424 singulari
1132 3345 1213 3424 vigi-

196 3437 294 3500 lantia
309 3442 449 3503 conferre
466 3461 628 3521 nunquam
643 3443 890 3519 intermiserunt,
911 3450 946 3505 ut
964 3463 1073 3506 omnes
1089 3444 1123 3504 in
1137 3462 1209 3505 sor·

195 3542 261 3597 tem
275 3537 400 3599 Domini
413 3540 517 3600 vocati
532 3540 573 3600 ad
587 3541 739 3619 pietatem
757 3543 865 3604 sedulo
881 3543 1086 3622 fingerentur,
1107 3561 1144 3604 ac
1156 3542 1210 3602 lit-

196 3633 270 3696 teris
291 3638 322 3693 et
348 3635 522 3715 disciplinis
547 3636 745 3714 potissimum
769 3640 865 3700 sacris
889 3641 948 3701 rite
976 3640 1208 3702 imbuerentur.

196 3731 395 3812 Quapropter
416 3735 506 3795 multi
528 3753 666 3797 canones
690 3737 833 3799 adhunc
853 3737 949 3800 finem
971 3739 1067 3801 edicti
1081 3743 1154 3800 sunt
1169 3739 1211 3800 ab
