<?xml version="1.0" encoding="UTF-8"?>
<!DOCTYPE html PUBLIC "-//W3C//DTD XHTML 1.0 Transitional//EN"
    "http://www.w3.org/TR/xhtml1/DTD/xhtml1-transitional.dtd">
<html xmlns="http://www.w3.org/1999/xhtml" xml:lang="en" lang="en">
 <head>
  <title>
</title>
<meta http-equiv="Content-Type" content="text/html;charset=utf-8" />
  <meta name='ocr-system' content='tesseract 3.04.00' />
  <meta name='ocr-capabilities' content='ocr_page ocr_carea ocr_par ocr_line ocrx_word'/>
</head>
<body>
  <div class='ocr_page' id='page_1' title='image "./praelectionesju00murrgoog_0022.png"; bbox 0 0 2632 4260; ppageno 0'>
   <div class='ocr_carea' id='block_1_1' title="bbox 293 263 936 326">
    <p class='ocr_par' dir='ltr' id='par_1_1' title="bbox 293 263 936 326">
     <span class='ocr_line' id='line_1_1' title="bbox 293 263 936 326; baseline -0.005 -12"><span class='ocrx_word' id='word_1_1' title='bbox 293 265 416 326; x_wconf 67' lang='lat' dir='ltr'>S&#39;l&#39;ffllfi,</span> <span class='ocrx_word' id='word_1_2' title='bbox 437 263 660 325; x_wconf 71' lang='lat' dir='ltr'>declamauit,</span> <span class='ocrx_word' id='word_1_3' title='bbox 680 264 759 314; x_wconf 76' lang='lat' dir='ltr'>Jlllld</span> <span class='ocrx_word' id='word_1_4' title='bbox 778 263 936 312; x_wconf 75' lang='lat' dir='ltr'>allduflull.</span> 
     </span>
    </p>
   </div>
   <div class='ocr_carea' id='block_1_2' title="bbox 92 379 1110 757">
    <p class='ocr_par' dir='ltr' id='par_1_2' title="bbox 94 379 1108 465">
     <span class='ocr_line' id='line_1_2' title="bbox 94 379 1108 465; baseline -0.005 -22"><span class='ocrx_word' id='word_1_5' title='bbox 94 383 301 446; x_wconf 81' lang='lat' dir='ltr'>conversione</span> <span class='ocrx_word' id='word_1_6' title='bbox 320 385 471 446; x_wconf 86' lang='lat' dir='ltr'>salvatur.</span> <span class='ocrx_word' id='word_1_7' title='bbox 489 383 645 465; x_wconf 78' lang='lat' dir='ltr'><strong>(Distinet.</strong></span> <span class='ocrx_word' id='word_1_8' title='bbox 666 400 745 458; x_wconf 59' lang='lat' dir='ltr'>xcv„</span> <span class='ocrx_word' id='word_1_9' title='bbox 756 399 827 461; x_wconf 83' lang='lat' dir='ltr'>cap.</span> <span class='ocrx_word' id='word_1_10' title='bbox 853 380 912 456; x_wconf 83' lang='lat' dir='ltr'>Oui</span> <span class='ocrx_word' id='word_1_11' title='bbox 931 380 1060 452; x_wconf 75' lang='lat' dir='ltr'>sincera,</span> <span class='ocrx_word' id='word_1_12' title='bbox 1073 379 1108 452; x_wconf 79' lang='lat'>33</span> 
     </span>
    </p>

    <p class='ocr_par' dir='ltr' id='par_1_3' title="bbox 93 470 1110 564">
     <span class='ocr_line' id='line_1_3' title="bbox 93 470 1110 564; baseline -0.002 -22"><span class='ocrx_word' id='word_1_13' title='bbox 93 480 128 542; x_wconf 81' lang='lat' dir='ltr'>dc</span> <span class='ocrx_word' id='word_1_14' title='bbox 139 479 265 559; x_wconf 73' lang='lat' dir='ltr'>dardeis,</span> <span class='ocrx_word' id='word_1_15' title='bbox 285 484 314 544; x_wconf 88' lang='lat'>5.</span> <span class='ocrx_word' id='word_1_16' title='bbox 333 483 461 563; x_wconf 86' lang='lat' dir='ltr'>—Gap</span> <span class='ocrx_word' id='word_1_17' title='bbox 480 481 571 544; x_wconf 81' lang='lat' dir='ltr'>Sicut</span> <span class='ocrx_word' id='word_1_18' title='bbox 581 470 692 564; x_wconf 77' lang='lat' dir='ltr'>judei,</span> <span class='ocrx_word' id='word_1_19' title='bbox 708 482 738 559; x_wconf 85' lang='lat'>9,</span> <span class='ocrx_word' id='word_1_20' title='bbox 753 497 792 544; x_wconf 85' lang='lat' dir='ltr'>na</span> <span class='ocrx_word' id='word_1_21' title='bbox 803 481 920 544; x_wconf 72' lang='lat' dir='ltr'>tonnis</span> <span class='ocrx_word' id='word_1_22' title='bbox 935 496 973 542; x_wconf 84' lang='lat' dir='ltr'>ar</span> <span class='ocrx_word' id='word_1_23' title='bbox 995 478 1110 542; x_wconf 75' lang='lat' dir='ltr'>Sanna-</span> 
     </span>
    </p>

    <p class='ocr_par' dir='ltr' id='par_1_4' title="bbox 92 578 1110 757">
     <span class='ocr_line' id='line_1_4' title="bbox 92 578 1035 663; baseline 0 -22"><span class='ocrx_word' id='word_1_24' title='bbox 92 597 192 655; x_wconf 83' lang='lat' dir='ltr'>cnrus,</span> <span class='ocrx_word' id='word_1_25' title='bbox 208 581 264 644; x_wconf 87' lang='lat' dir='ltr'>lih.</span> <span class='ocrx_word' id='word_1_26' title='bbox 283 581 560 663; x_wconf 80' lang='lat' dir='ltr'>Vlleeretalium.)</span> <span class='ocrx_word' id='word_1_27' title='bbox 796 578 821 648; x_wconf 87' lang='grc'>,’</span> <span class='ocrx_word' id='word_1_28' title='bbox 1033 589 1035 596; x_wconf 87' lang='grc'><strong><em>·</em></strong></span> 
     </span>
     <span class='ocr_line' id='line_1_5' title="bbox 151 677 1110 757; baseline -0.002 -16"><span class='ocrx_word' id='word_1_29' title='bbox 151 682 186 741; x_wconf 76' lang='lat'>2⁰</span> <span class='ocrx_word' id='word_1_30' title='bbox 199 681 412 743; x_wconf 81' lang='lat' dir='ltr'>Par-valorum</span> <span class='ocrx_word' id='word_1_31' title='bbox 433 681 557 743; x_wconf 84' lang='lat' dir='ltr'>aliaest</span> <span class='ocrx_word' id='word_1_32' title='bbox 571 680 722 742; x_wconf 87' lang='lat' dir='ltr'>conditio.</span> <span class='ocrx_word' id='word_1_33' title='bbox 744 682 864 744; x_wconf 78' lang='lat' dir='ltr'><strong>Recens</strong></span> <span class='ocrx_word' id='word_1_34' title='bbox 879 677 947 740; x_wconf 84' lang='lat' dir='ltr'>nati</span> <span class='ocrx_word' id='word_1_35' title='bbox 963 695 1110 757; x_wconf 78' lang='lat' dir='ltr'>epanen-</span> 
     </span>
    </p>
   </div>
   <div class='ocr_carea' id='block_1_3' title="bbox 90 775 1234 860">
    <p class='ocr_par' dir='ltr' id='par_1_5' title="bbox 90 775 1234 860">
     <span class='ocr_line' id='line_1_6' title="bbox 90 775 1234 860; baseline -0.002 -22"><span class='ocrx_word' id='word_1_36' title='bbox 90 779 177 838; x_wconf 86' lang='lat' dir='ltr'>tibus</span> <span class='ocrx_word' id='word_1_37' title='bbox 192 778 372 840; x_wconf 87' lang='lat' dir='ltr'>christianis</span> <span class='ocrx_word' id='word_1_38' title='bbox 392 780 433 841; x_wconf 88' lang='lat' dir='ltr'>ad</span> <span class='ocrx_word' id='word_1_39' title='bbox 444 779 644 860; x_wconf 88' lang='lat' dir='ltr'>Baptismum</span> <span class='ocrx_word' id='word_1_40' title='bbox 659 779 848 852; x_wconf 84' lang='lat' dir='ltr'>offeruntur,</span> <span class='ocrx_word' id='word_1_41' title='bbox 860 779 956 859; x_wconf 84' lang='lat' dir='ltr'>juxte</span> <span class='ocrx_word' id='word_1_42' title='bbox 968 775 1111 838; x_wconf 85' lang='lat' dir='ltr'>traditio·</span> <span class='ocrx_word' id='word_1_43' title='bbox 1232 787 1234 792; x_wconf 81' lang='grc'>’</span> 
     </span>
    </p>
   </div>
   <div class='ocr_carea' id='block_1_4' title="bbox 90 873 1114 1946">
    <p class='ocr_par' dir='ltr' id='par_1_6' title="bbox 90 873 1114 1826">
     <span class='ocr_line' id='line_1_7' title="bbox 90 873 1110 958; baseline -0.003 -20"><span class='ocrx_word' id='word_1_44' title='bbox 90 894 147 938; x_wconf 89' lang='lat' dir='ltr'>nes</span> <span class='ocrx_word' id='word_1_45' title='bbox 160 876 335 938; x_wconf 87' lang='lat' dir='ltr'>catholicas</span> <span class='ocrx_word' id='word_1_46' title='bbox 351 896 430 958; x_wconf 89' lang='lat' dir='ltr'>quas</span> <span class='ocrx_word' id='word_1_47' title='bbox 440 877 585 957; x_wconf 79' lang='lat' dir='ltr'>theologi</span> <span class='ocrx_word' id='word_1_48' title='bbox 598 878 631 939; x_wconf 94' lang='lat' dir='ltr'>in</span> <span class='ocrx_word' id='word_1_49' title='bbox 644 881 782 940; x_wconf 83' lang='lat' dir='ltr'>tractatu</span> <span class='ocrx_word' id='word_1_50' title='bbox 794 875 831 938; x_wconf 88' lang='lat' dir='ltr'>de</span> <span class='ocrx_word' id='word_1_51' title='bbox 842 874 997 958; x_wconf 78' lang='lat' dir='ltr'>Baptirmo</span> <span class='ocrx_word' id='word_1_52' title='bbox 1009 873 1110 938; x_wconf 88' lang='lat' dir='ltr'>vindi·</span> 
     </span>
     <span class='ocr_line' id='line_1_8' title="bbox 91 973 1110 1057; baseline -0.003 -21"><span class='ocrx_word' id='word_1_53' title='bbox 91 980 166 1036; x_wconf 86' lang='lat' dir='ltr'>caat</span> <span class='ocrx_word' id='word_1_54' title='bbox 190 980 301 1037; x_wconf 88' lang='lat' dir='ltr'>contra</span> <span class='ocrx_word' id='word_1_55' title='bbox 322 995 445 1038; x_wconf 89' lang='lat' dir='ltr'>errores</span> <span class='ocrx_word' id='word_1_56' title='bbox 466 982 560 1040; x_wconf 79' lang='lat' dir='ltr'>sectae</span> <span class='ocrx_word' id='word_1_57' title='bbox 583 977 876 1057; x_wconf 85' lang='lat' dir='ltr'>Anabaptistarum.</span> <span class='ocrx_word' id='word_1_58' title='bbox 901 976 976 1038; x_wconf 76' lang='lat' dir='ltr'>llaec</span> <span class='ocrx_word' id='word_1_59' title='bbox 994 973 1110 1054; x_wconf 74' lang='lat' dir='ltr'>agendi</span> 
     </span>
     <span class='ocr_line' id='line_1_9' title="bbox 91 1071 1112 1156; baseline -0.002 -20"><span class='ocrx_word' id='word_1_60' title='bbox 91 1074 174 1136; x_wconf 85' lang='lat' dir='ltr'>ratio</span> <span class='ocrx_word' id='word_1_61' title='bbox 195 1093 398 1156; x_wconf 89' lang='lat' dir='ltr'>summopere</span> <span class='ocrx_word' id='word_1_62' title='bbox 419 1076 508 1140; x_wconf 90' lang='lat' dir='ltr'>utilis</span> <span class='ocrx_word' id='word_1_63' title='bbox 522 1082 570 1138; x_wconf 88' lang='lat' dir='ltr'>est</span> <span class='ocrx_word' id='word_1_64' title='bbox 588 1075 740 1156; x_wconf 81' lang='lat' dir='ltr'>puerulis,</span> <span class='ocrx_word' id='word_1_65' title='bbox 762 1081 798 1138; x_wconf 91' lang='lat' dir='ltr'>ut</span> <span class='ocrx_word' id='word_1_66' title='bbox 812 1075 866 1137; x_wconf 88' lang='lat' dir='ltr'>vel</span> <span class='ocrx_word' id='word_1_67' title='bbox 883 1075 924 1136; x_wconf 86' lang='lat' dir='ltr'>ab</span> <span class='ocrx_word' id='word_1_68' title='bbox 941 1079 1014 1136; x_wconf 88' lang='lat' dir='ltr'>ortu</span> <span class='ocrx_word' id='word_1_69' title='bbox 1036 1071 1112 1134; x_wconf 86' lang='lat' dir='ltr'>lihe-</span> 
     </span>
     <span class='ocr_line' id='line_1_10' title="bbox 90 1173 1107 1255; baseline -0.001 -22"><span class='ocrx_word' id='word_1_70' title='bbox 90 1179 202 1234; x_wconf 89' lang='lat' dir='ltr'>rentur</span> <span class='ocrx_word' id='word_1_71' title='bbox 214 1194 234 1237; x_wconf 86' lang='lat' dir='ltr'>a</span> <span class='ocrx_word' id='word_1_72' title='bbox 248 1193 334 1236; x_wconf 85' lang='lat' dir='ltr'>noxa</span> <span class='ocrx_word' id='word_1_73' title='bbox 347 1175 498 1255; x_wconf 75' lang='lat' dir='ltr'>originali</span> <span class='ocrx_word' id='word_1_74' title='bbox 512 1177 544 1237; x_wconf 89' lang='lat' dir='ltr'>et</span> <span class='ocrx_word' id='word_1_75' title='bbox 554 1175 657 1254; x_wconf 60' lang='lat' dir='ltr'>mutia</span> <span class='ocrx_word' id='word_1_76' title='bbox 669 1173 889 1236; x_wconf 84' lang='lat' dir='ltr'>sanctificante</span> <span class='ocrx_word' id='word_1_77' title='bbox 902 1175 1107 1234; x_wconf 71' lang='lat' dir='ltr'>exornentur.</span> 
     </span>
     <span class='ocr_line' id='line_1_11' title="bbox 90 1270 1110 1353; baseline -0.004 -19"><span class='ocrx_word' id='word_1_78' title='bbox 90 1273 420 1336; x_wconf 77' lang='lat' dir='ltr'>Animadvertendum</span> <span class='ocrx_word' id='word_1_79' title='bbox 443 1280 490 1336; x_wconf 87' lang='lat' dir='ltr'>est</span> <span class='ocrx_word' id='word_1_80' title='bbox 507 1273 648 1353; x_wconf 86' lang='lat' dir='ltr'>insuper,</span> <span class='ocrx_word' id='word_1_81' title='bbox 671 1273 869 1353; x_wconf 84' lang='lat' dir='ltr'>Baptismum</span> <span class='ocrx_word' id='word_1_82' title='bbox 889 1271 936 1334; x_wconf 88' lang='lat' dir='ltr'>ita</span> <span class='ocrx_word' id='word_1_83' title='bbox 957 1270 1110 1334; x_wconf 81' lang='lat' dir='ltr'>collatum</span> 
     </span>
     <span class='ocr_line' id='line_1_12' title="bbox 90 1368 1110 1454; baseline 0 -24"><span class='ocrx_word' id='word_1_84' title='bbox 90 1389 155 1432; x_wconf 89' lang='lat' dir='ltr'>non</span> <span class='ocrx_word' id='word_1_85' title='bbox 171 1372 252 1433; x_wconf 82' lang='lat' dir='ltr'>alias</span> <span class='ocrx_word' id='word_1_86' title='bbox 264 1372 475 1452; x_wconf 78' lang='lat' dir='ltr'>obligationes</span> <span class='ocrx_word' id='word_1_87' title='bbox 490 1371 597 1453; x_wconf 87' lang='lat' dir='ltr'>pueris</span> <span class='ocrx_word' id='word_1_88' title='bbox 609 1373 773 1454; x_wconf 84' lang='lat' dir='ltr'>imponere</span> <span class='ocrx_word' id='word_1_89' title='bbox 785 1389 884 1453; x_wconf 90' lang='lat' dir='ltr'>quam</span> <span class='ocrx_word' id='word_1_90' title='bbox 900 1389 972 1450; x_wconf 86' lang='lat' dir='ltr'>quae</span> <span class='ocrx_word' id='word_1_91' title='bbox 982 1368 1110 1449; x_wconf 88' lang='lat' dir='ltr'>juredi-</span> 
     </span>
     <span class='ocr_line' id='line_1_13' title="bbox 91 1467 1114 1550; baseline 0.002 -22"><span class='ocrx_word' id='word_1_92' title='bbox 91 1469 166 1531; x_wconf 81' lang='lat' dir='ltr'>vino</span> <span class='ocrx_word' id='word_1_93' title='bbox 182 1471 331 1532; x_wconf 89' lang='lat' dir='ltr'>omnihus</span> <span class='ocrx_word' id='word_1_94' title='bbox 347 1488 439 1550; x_wconf 83' lang='lat' dir='ltr'>oeque</span> <span class='ocrx_word' id='word_1_95' title='bbox 458 1471 679 1550; x_wconf 90' lang='lat' dir='ltr'>imponuntur,</span> <span class='ocrx_word' id='word_1_96' title='bbox 695 1471 775 1532; x_wconf 88' lang='lat' dir='ltr'>adeo</span> <span class='ocrx_word' id='word_1_97' title='bbox 791 1475 827 1532; x_wconf 92' lang='lat' dir='ltr'>ut</span> <span class='ocrx_word' id='word_1_98' title='bbox 841 1470 868 1531; x_wconf 87' lang='lat' dir='ltr'>si</span> <span class='ocrx_word' id='word_1_99' title='bbox 880 1487 959 1549; x_wconf 90' lang='lat' dir='ltr'>puer</span> <span class='ocrx_word' id='word_1_100' title='bbox 972 1467 1114 1549; x_wconf 77' lang='lat' dir='ltr'>Baptiza-</span> 
     </span>
     <span class='ocr_line' id='line_1_14' title="bbox 90 1567 1109 1650; baseline 0.001 -23"><span class='ocrx_word' id='word_1_101' title='bbox 90 1573 141 1628; x_wconf 89' lang='lat' dir='ltr'>tus</span> <span class='ocrx_word' id='word_1_102' title='bbox 162 1587 230 1629; x_wconf 91' lang='lat' dir='ltr'>non</span> <span class='ocrx_word' id='word_1_103' title='bbox 253 1569 373 1644; x_wconf 87' lang='lat' dir='ltr'>luisset,</span> <span class='ocrx_word' id='word_1_104' title='bbox 399 1572 563 1631; x_wconf 87' lang='lat' dir='ltr'>teneretur</span> <span class='ocrx_word' id='word_1_105' title='bbox 588 1570 656 1650; x_wconf 87' lang='lat' dir='ltr'>ipse</span> <span class='ocrx_word' id='word_1_106' title='bbox 677 1574 912 1631; x_wconf 87' lang='lat' dir='ltr'>sacramentum</span> <span class='ocrx_word' id='word_1_107' title='bbox 935 1567 1109 1649; x_wconf 88' lang='lat' dir='ltr'>postulare,</span> 
     </span>
     <span class='ocr_line' id='line_1_15' title="bbox 91 1666 1113 1756; baseline -0.001 -29"><span class='ocrx_word' id='word_1_108' title='bbox 91 1667 199 1728; x_wconf 86' lang='lat' dir='ltr'>statim</span> <span class='ocrx_word' id='word_1_109' title='bbox 235 1667 399 1730; x_wconf 82' lang='lat' dir='ltr'>moraliter</span> <span class='ocrx_word' id='word_1_110' title='bbox 431 1687 469 1730; x_wconf 85' lang='lat' dir='ltr'>ac</span> <span class='ocrx_word' id='word_1_111' title='bbox 502 1670 604 1748; x_wconf 82' lang='lat' dir='ltr'>legem</span> <span class='ocrx_word' id='word_1_112' title='bbox 634 1668 777 1756; x_wconf 83' lang='lat' dir='ltr'>divinem</span> <span class='ocrx_word' id='word_1_113' title='bbox 808 1674 891 1730; x_wconf 88' lang='lat' dir='ltr'>esset</span> <span class='ocrx_word' id='word_1_114' title='bbox 918 1666 1113 1730; x_wconf 84' lang='lat' dir='ltr'>sufficienter</span> 
     </span>
     <span class='ocr_line' id='line_1_16' title="bbox 91 1763 233 1826; baseline 0.014 -2"><span class='ocrx_word' id='word_1_115' title='bbox 91 1763 233 1826; x_wconf 89' lang='lat' dir='ltr'>edoctus.</span> 
     </span>
    </p>

    <p class='ocr_par' dir='ltr' id='par_1_7' title="bbox 150 1864 1110 1946">
     <span class='ocr_line' id='line_1_17' title="bbox 150 1864 1110 1946; baseline 0.002 -23"><span class='ocrx_word' id='word_1_116' title='bbox 150 1864 184 1923; x_wconf 82' lang='lat'>3⁰</span> <span class='ocrx_word' id='word_1_117' title='bbox 203 1865 323 1926; x_wconf 82' lang='lat' dir='ltr'>Pueros</span> <span class='ocrx_word' id='word_1_118' title='bbox 343 1865 520 1928; x_wconf 82' lang='lat' dir='ltr'>infidelium</span> <span class='ocrx_word' id='word_1_119' title='bbox 542 1866 598 1946; x_wconf 90' lang='lat' dir='ltr'>qui</span> <span class='ocrx_word' id='word_1_120' title='bbox 620 1866 798 1927; x_wconf 83' lang='lat' dir='ltr'>remansuri</span> <span class='ocrx_word' id='word_1_121' title='bbox 817 1864 1033 1946; x_wconf 78' lang='lat' dir='ltr'>praevidentur</span> <span class='ocrx_word' id='word_1_122' title='bbox 1051 1864 1110 1925; x_wconf 88' lang='lat' dir='ltr'>sub</span> 
     </span>
    </p>
   </div>
   <div class='ocr_carea' id='block_1_5' title="bbox 90 1964 1231 2045">
    <p class='ocr_par' dir='ltr' id='par_1_8' title="bbox 90 1964 1231 2045">
     <span class='ocr_line' id='line_1_18' title="bbox 90 1964 1231 2045; baseline 0.007 -23"><span class='ocrx_word' id='word_1_123' title='bbox 90 1967 225 2040; x_wconf 86' lang='lat' dir='ltr'>paterna</span> <span class='ocrx_word' id='word_1_124' title='bbox 251 1969 419 2044; x_wconf 82' lang='lat' dir='ltr'>potestate,</span> <span class='ocrx_word' id='word_1_125' title='bbox 443 1983 516 2026; x_wconf 90' lang='lat' dir='ltr'>cum</span> <span class='ocrx_word' id='word_1_126' title='bbox 540 1965 615 2026; x_wconf 88' lang='lat' dir='ltr'>fidei</span> <span class='ocrx_word' id='word_1_127' title='bbox 635 1965 827 2042; x_wconf 87' lang='lat' dir='ltr'>discrimine,</span> <span class='ocrx_word' id='word_1_128' title='bbox 850 1964 1007 2045; x_wconf 88' lang='lat' dir='ltr'>haptizari</span> <span class='ocrx_word' id='word_1_129' title='bbox 1025 1968 1112 2026; x_wconf 83' lang='lat' dir='ltr'>votat</span> <span class='ocrx_word' id='word_1_130' title='bbox 1226 2020 1231 2030; x_wconf 62' lang='lat'><em>„</em></span> 
     </span>
    </p>
   </div>
   <div class='ocr_carea' id='block_1_6' title="bbox 87 2060 1111 2637">
    <p class='ocr_par' dir='ltr' id='par_1_9' title="bbox 87 2060 1111 2637">
     <span class='ocr_line' id='line_1_19' title="bbox 90 2060 1111 2143; baseline 0.004 -23"><span class='ocrx_word' id='word_1_131' title='bbox 90 2060 233 2123; x_wconf 83' lang='lat' dir='ltr'>Bcclesia</span> <span class='ocrx_word' id='word_1_132' title='bbox 247 2062 275 2122; x_wconf 88' lang='lat' dir='ltr'>si</span> <span class='ocrx_word' id='word_1_133' title='bbox 285 2062 377 2124; x_wconf 90' lang='lat' dir='ltr'>inviti</span> <span class='ocrx_word' id='word_1_134' title='bbox 390 2062 453 2124; x_wconf 89' lang='lat' dir='ltr'>sint</span> <span class='ocrx_word' id='word_1_135' title='bbox 468 2068 633 2143; x_wconf 88' lang='lat' dir='ltr'>parentes;</span> <span class='ocrx_word' id='word_1_136' title='bbox 649 2061 713 2124; x_wconf 91' lang='lat' dir='ltr'>imo</span> <span class='ocrx_word' id='word_1_137' title='bbox 728 2063 916 2143; x_wconf 87' lang='lat' dir='ltr'>parentibus</span> <span class='ocrx_word' id='word_1_138' title='bbox 927 2063 1023 2125; x_wconf 88' lang='lat' dir='ltr'>etiam</span> <span class='ocrx_word' id='word_1_139' title='bbox 1038 2081 1111 2124; x_wconf 91' lang='lat' dir='ltr'>con·</span> 
     </span>
     <span class='ocr_line' id='line_1_20' title="bbox 92 2159 1110 2242; baseline 0.005 -25"><span class='ocrx_word' id='word_1_140' title='bbox 92 2159 314 2235; x_wconf 89' lang='lat' dir='ltr'>sentientibus,</span> <span class='ocrx_word' id='word_1_141' title='bbox 346 2161 407 2222; x_wconf 88' lang='lat' dir='ltr'>nisi</span> <span class='ocrx_word' id='word_1_142' title='bbox 431 2163 523 2242; x_wconf 85' lang='lat' dir='ltr'>pueri</span> <span class='ocrx_word' id='word_1_143' title='bbox 549 2168 716 2224; x_wconf 88' lang='lat' dir='ltr'>versentur</span> <span class='ocrx_word' id='word_1_144' title='bbox 738 2162 771 2223; x_wconf 90' lang='lat' dir='ltr'>in</span> <span class='ocrx_word' id='word_1_145' title='bbox 794 2161 943 2242; x_wconf 85' lang='lat' dir='ltr'>proximo</span> <span class='ocrx_word' id='word_1_146' title='bbox 969 2161 1110 2242; x_wconf 88' lang='lat' dir='ltr'>periculo</span> 
     </span>
     <span class='ocr_line' id='line_1_21' title="bbox 91 2256 1111 2338; baseline 0.004 -22"><span class='ocrx_word' id='word_1_147' title='bbox 91 2256 179 2331; x_wconf 80' lang='lat' dir='ltr'>vitae;</span> <span class='ocrx_word' id='word_1_148' title='bbox 203 2257 281 2337; x_wconf 85' lang='lat' dir='ltr'>quia</span> <span class='ocrx_word' id='word_1_149' title='bbox 304 2259 475 2338; x_wconf 87' lang='lat' dir='ltr'>prudentia</span> <span class='ocrx_word' id='word_1_150' title='bbox 494 2259 670 2322; x_wconf 82' lang='lat' dir='ltr'>christiana</span> <span class='ocrx_word' id='word_1_151' title='bbox 689 2278 753 2321; x_wconf 90' lang='lat' dir='ltr'>noa</span> <span class='ocrx_word' id='word_1_152' title='bbox 776 2260 851 2321; x_wconf 90' lang='lat' dir='ltr'>sinit</span> <span class='ocrx_word' id='word_1_153' title='bbox 871 2265 907 2321; x_wconf 87' lang='lat' dir='ltr'>ut</span> <span class='ocrx_word' id='word_1_154' title='bbox 930 2261 1111 2322; x_wconf 82' lang='lat' dir='ltr'>conteratur</span> 
     </span>
     <span class='ocr_line' id='line_1_22' title="bbox 88 2358 1109 2440; baseline 0.004 -26"><span class='ocrx_word' id='word_1_155' title='bbox 88 2362 328 2420; x_wconf 83' lang='lat' dir='ltr'>sacramentum</span> <span class='ocrx_word' id='word_1_156' title='bbox 342 2358 375 2418; x_wconf 92' lang='lat' dir='ltr'>in</span> <span class='ocrx_word' id='word_1_157' title='bbox 389 2377 428 2420; x_wconf 88' lang='lat' dir='ltr'>ea</span> <span class='ocrx_word' id='word_1_158' title='bbox 440 2359 622 2421; x_wconf 90' lang='lat' dir='ltr'>conditione</span> <span class='ocrx_word' id='word_1_159' title='bbox 634 2359 667 2420; x_wconf 91' lang='lat' dir='ltr'>in</span> <span class='ocrx_word' id='word_1_160' title='bbox 676 2359 913 2440; x_wconf 85' lang='lat' dir='ltr'>quamoraliter</span> <span class='ocrx_word' id='word_1_161' title='bbox 926 2363 1047 2420; x_wconf 88' lang='lat' dir='ltr'>certum</span> <span class='ocrx_word' id='word_1_162' title='bbox 1062 2364 1109 2420; x_wconf 86' lang='lat' dir='ltr'>est</span> 
     </span>
     <span class='ocr_line' id='line_1_23' title="bbox 87 2452 1108 2540; baseline 0.006 -27"><span class='ocrx_word' id='word_1_163' title='bbox 87 2452 168 2516; x_wconf 92' lang='lat' dir='ltr'>illud</span> <span class='ocrx_word' id='word_1_164' title='bbox 183 2455 421 2535; x_wconf 80' lang='lat' dir='ltr'>profanandum</span> <span class='ocrx_word' id='word_1_165' title='bbox 440 2458 519 2533; x_wconf 85' lang='lat' dir='ltr'>fore,</span> <span class='ocrx_word' id='word_1_166' title='bbox 539 2458 668 2540; x_wconf 88' lang='lat' dir='ltr'>quando</span> <span class='ocrx_word' id='word_1_167' title='bbox 681 2477 762 2538; x_wconf 91' lang='lat' dir='ltr'>puer</span> <span class='ocrx_word' id='word_1_168' title='bbox 776 2458 821 2520; x_wconf 91' lang='lat' dir='ltr'>sic</span> <span class='ocrx_word' id='word_1_169' title='bbox 834 2457 985 2540; x_wconf 84' lang='lat' dir='ltr'>heptizati</span> <span class='ocrx_word' id='word_1_170' title='bbox 999 2457 1108 2520; x_wconf 83' lang='lat' dir='ltr'>adole·</span> 
     </span>
     <span class='ocr_line' id='line_1_24' title="bbox 90 2553 1110 2637; baseline 0.003 -23"><span class='ocrx_word' id='word_1_171' title='bbox 90 2553 203 2614; x_wconf 89' lang='lat' dir='ltr'>verint.</span> <span class='ocrx_word' id='word_1_172' title='bbox 221 2555 268 2616; x_wconf 88' lang='lat' dir='ltr'>lta</span> <span class='ocrx_word' id='word_1_173' title='bbox 284 2573 472 2634; x_wconf 89' lang='lat' dir='ltr'>responsum</span> <span class='ocrx_word' id='word_1_174' title='bbox 493 2555 651 2637; x_wconf 79' lang='lat' dir='ltr'>Episcopo</span> <span class='ocrx_word' id='word_1_175' title='bbox 667 2557 865 2631; x_wconf 85' lang='lat' dir='ltr'>Quebecensi</span> <span class='ocrx_word' id='word_1_176' title='bbox 884 2574 903 2617; x_wconf 87' lang='lat' dir='ltr'>a</span> <span class='ocrx_word' id='word_1_177' title='bbox 922 2557 954 2620; x_wconf 86' lang='lat' dir='ltr'>S.</span> <span class='ocrx_word' id='word_1_178' title='bbox 973 2557 1110 2635; x_wconf 79' lang='lat' dir='ltr'>Congre-</span> 
     </span>
    </p>
   </div>
   <div class='ocr_carea' id='block_1_7' title="bbox 88 2650 1224 2733">
    <p class='ocr_par' dir='ltr' id='par_1_10' title="bbox 88 2650 1224 2733">
     <span class='ocr_line' id='line_1_25' title="bbox 88 2650 1224 2733; baseline 0.004 -21"><span class='ocrx_word' id='word_1_179' title='bbox 88 2650 457 2733; x_wconf 79' lang='lat' dir='ltr'>getionelnquisitionis,</span> <span class='ocrx_word' id='word_1_180' title='bbox 476 2656 574 2719; x_wconf 85' lang='lat' dir='ltr'>refert</span> <span class='ocrx_word' id='word_1_181' title='bbox 587 2656 777 2718; x_wconf 81' lang='lat' dir='ltr'>Benedictus</span> <span class='ocrx_word' id='word_1_182' title='bbox 793 2655 860 2718; x_wconf 84' lang='lat' dir='ltr'>XIV</span> <span class='ocrx_word' id='word_1_183' title='bbox 873 2655 907 2716; x_wconf 94' lang='lat' dir='ltr'>in</span> <span class='ocrx_word' id='word_1_184' title='bbox 922 2655 1014 2718; x_wconf 85' lang='lat' dir='ltr'>Brevi</span> <span class='ocrx_word' id='word_1_185' title='bbox 1030 2655 1107 2717; x_wconf 84' lang='lat' dir='ltr'>Pos—</span> <span class='ocrx_word' id='word_1_186' title='bbox 1218 2671 1224 2682; x_wconf 93' lang='lat'><strong>·</strong></span> 
     </span>
    </p>
   </div>
   <div class='ocr_carea' id='block_1_8' title="bbox 85 2752 1147 3524">
    <p class='ocr_par' dir='ltr' id='par_1_11' title="bbox 88 2752 1147 3328">
     <span class='ocr_line' id='line_1_26' title="bbox 88 2752 1106 2835; baseline 0.007 -27"><span class='ocrx_word' id='word_1_187' title='bbox 88 2758 183 2811; x_wconf 81' lang='lat' dir='ltr'>tremo</span> <span class='ocrx_word' id='word_1_188' title='bbox 209 2771 309 2814; x_wconf 80' lang='lat' dir='ltr'>meuse</span> <span class='ocrx_word' id='word_1_189' title='bbox 339 2753 379 2814; x_wconf 87' lang='lat' dir='ltr'>ad</span> <span class='ocrx_word' id='word_1_190' title='bbox 411 2752 563 2835; x_wconf 84' lang='lat' dir='ltr'>Archiep.</span> <span class='ocrx_word' id='word_1_191' title='bbox 597 2757 795 2833; x_wconf 84' lang='lat' dir='ltr'>Tarsensem,</span> <span class='ocrx_word' id='word_1_192' title='bbox 829 2754 1106 2834; x_wconf 78' lang='lat' dir='ltr'>vices-gerentem,</span> 
     </span>
     <span class='ocr_line' id='line_1_27' title="bbox 88 2851 1107 2934; baseline 0.004 -26"><span class='ocrx_word' id='word_1_193' title='bbox 88 2866 139 2908; x_wconf 89' lang='lat' dir='ltr'>an.</span> <span class='ocrx_word' id='word_1_194' title='bbox 153 2851 234 2911; x_wconf 78' lang='lat' dir='ltr'>l&#39;ll&#39;l</span> <span class='ocrx_word' id='word_1_195' title='bbox 247 2851 271 2914; x_wconf 88' lang='lat'>¹.</span> <span class='ocrx_word' id='word_1_196' title='bbox 284 2851 315 2913; x_wconf 88' lang='lat' dir='ltr'>S.</span> <span class='ocrx_word' id='word_1_197' title='bbox 329 2853 541 2933; x_wconf 79' lang='lat' dir='ltr'>Gangregatio</span> <span class='ocrx_word' id='word_1_198' title='bbox 552 2854 683 2916; x_wconf 82' lang='lat' dir='ltr'>Concilii</span> <span class='ocrx_word' id='word_1_199' title='bbox 698 2854 776 2916; x_wconf 87' lang='lat' dir='ltr'>alias</span> <span class='ocrx_word' id='word_1_200' title='bbox 786 2852 970 2934; x_wconf 88' lang='lat' dir='ltr'>respondit:</span> <span class='ocrx_word' id='word_1_201' title='bbox 985 2876 1001 2909; x_wconf 74' lang='lat' dir='ltr'>a</span> <span class='ocrx_word' id='word_1_202' title='bbox 1011 2853 1107 2914; x_wconf 82' lang='lat' dir='ltr'>Filios</span> 
     </span>
     <span class='ocr_line' id='line_1_28' title="bbox 89 2946 1147 3032; baseline 0.004 -24"><span class='ocrx_word' id='word_1_203' title='bbox 89 2969 103 3002; x_wconf 77' lang='grc' dir='ltr'>(ι</span> <span class='ocrx_word' id='word_1_204' title='bbox 113 2946 298 3026; x_wconf 81' lang='lat' dir='ltr'>judaeorum</span> <span class='ocrx_word' id='word_1_205' title='bbox 310 2967 375 3012; x_wconf 90' lang='lat' dir='ltr'>nou</span> <span class='ocrx_word' id='word_1_206' title='bbox 388 2952 575 3014; x_wconf 68' lang='lat' dir='ltr'>esse‘invitis</span> <span class='ocrx_word' id='word_1_207' title='bbox 588 2953 774 3032; x_wconf 85' lang='lat' dir='ltr'>parentibus</span> <span class='ocrx_word' id='word_1_208' title='bbox 783 2952 991 3032; x_wconf 87' lang='lat' dir='ltr'>baptizandos</span> <span class='ocrx_word' id='word_1_209' title='bbox 1005 2951 1106 3014; x_wconf 87' lang='lat' dir='ltr'>donec</span> <span class='ocrx_word' id='word_1_210' title='bbox 1145 2993 1147 2998; x_wconf 90' lang='lat'>-</span> 
     </span>
     <span class='ocr_line' id='line_1_29' title="bbox 89 3047 1108 3130; baseline 0.009 -29"><span class='ocrx_word' id='word_1_211' title='bbox 89 3069 105 3101; x_wconf 75' lang='lat' dir='ltr'>a</span> <span class='ocrx_word' id='word_1_212' title='bbox 117 3047 306 3126; x_wconf 88' lang='lat' dir='ltr'>perveniant</span> <span class='ocrx_word' id='word_1_213' title='bbox 320 3049 362 3111; x_wconf 86' lang='lat' dir='ltr'>ed</span> <span class='ocrx_word' id='word_1_214' title='bbox 376 3055 503 3112; x_wconf 69' lang='lat' dir='ltr'>{etatem</span> <span class='ocrx_word' id='word_1_215' title='bbox 518 3050 706 3129; x_wconf 77' lang='lat' dir='ltr'>legitimam,</span> <span class='ocrx_word' id='word_1_216' title='bbox 723 3057 756 3113; x_wconf 89' lang='lat' dir='ltr'>et</span> <span class='ocrx_word' id='word_1_217' title='bbox 769 3057 846 3114; x_wconf 88' lang='lat' dir='ltr'>tune</span> <span class='ocrx_word' id='word_1_218' title='bbox 860 3050 888 3112; x_wconf 87' lang='lat' dir='ltr'>si</span> <span class='ocrx_word' id='word_1_219' title='bbox 900 3050 962 3130; x_wconf 91' lang='lat' dir='ltr'>ipsi</span> <span class='ocrx_word' id='word_1_220' title='bbox 977 3067 1108 3113; x_wconf 84' lang='lat' dir='ltr'>consen·</span> 
     </span>
     <span class='ocr_line' id='line_1_30' title="bbox 88 3145 1105 3228; baseline 0.004 -23"><span class='ocrx_word' id='word_1_221' title='bbox 88 3167 103 3199; x_wconf 81' lang='lat' dir='ltr'>u</span> <span class='ocrx_word' id='word_1_222' title='bbox 119 3145 202 3206; x_wconf 82' lang='lat' dir='ltr'>tient</span> <span class='ocrx_word' id='word_1_223' title='bbox 218 3164 227 3208; x_wconf 74' lang='grc' dir='ltr'>ε</span> <span class='ocrx_word' id='word_1_224' title='bbox 243 3151 376 3210; x_wconf 70' lang='lat' dir='ltr'>atatem</span> <span class='ocrx_word' id='word_1_225' title='bbox 388 3165 463 3211; x_wconf 90' lang='lat' dir='ltr'>vero</span> <span class='ocrx_word' id='word_1_226' title='bbox 478 3149 656 3228; x_wconf 81' lang='lat' dir='ltr'>legitimam</span> <span class='ocrx_word' id='word_1_227' title='bbox 674 3149 863 3228; x_wconf 77' lang='lat' dir='ltr'>regulariter</span> <span class='ocrx_word' id='word_1_228' title='bbox 877 3149 997 3212; x_wconf 87' lang='lat' dir='ltr'>censeri</span> <span class='ocrx_word' id='word_1_229' title='bbox 1016 3166 1105 3210; x_wconf 90' lang='lat' dir='ltr'>com-</span> 
     </span>
     <span class='ocr_line' id='line_1_31' title="bbox 88 3243 772 3328; baseline 0.02 -31"><span class='ocrx_word' id='word_1_230' title='bbox 88 3243 204 3320; x_wconf 81' lang='lat' dir='ltr'>«pleto</span> <span class='ocrx_word' id='word_1_231' title='bbox 220 3246 397 3324; x_wconf 86' lang='lat' dir='ltr'>septennio.</span> <span class='ocrx_word' id='word_1_232' title='bbox 413 3269 428 3306; x_wconf 84' lang='lat' dir='ltr'>o</span> <span class='ocrx_word' id='word_1_233' title='bbox 449 3247 541 3328; x_wconf 84' lang='lat' dir='ltr'>(Bod.</span> <span class='ocrx_word' id='word_1_234' title='bbox 554 3249 659 3324; x_wconf 69' lang='lat' dir='ltr'>Brea,</span> <span class='ocrx_word' id='word_1_235' title='bbox 677 3251 692 3325; x_wconf 64' lang='grc' dir='ltr'>ἕ</span> <span class='ocrx_word' id='word_1_236' title='bbox 709 3246 772 3328; x_wconf 75' lang='lat'><strong>32.)</strong></span> 
     </span>
    </p>

    <p class='ocr_par' dir='ltr' id='par_1_12' title="bbox 85 3342 1105 3524">
     <span class='ocr_line' id='line_1_32' title="bbox 146 3342 1105 3422; baseline 0.003 -20"><span class='ocrx_word' id='word_1_237' title='bbox 146 3342 305 3422; x_wconf 75' lang='lat' dir='ltr'>Theologi</span> <span class='ocrx_word' id='word_1_238' title='bbox 321 3345 433 3406; x_wconf 87' lang='lat' dir='ltr'>eadem</span> <span class='ocrx_word' id='word_1_239' title='bbox 447 3347 589 3422; x_wconf 88' lang='lat' dir='ltr'>tradunt,</span> <span class='ocrx_word' id='word_1_240' title='bbox 608 3346 687 3408; x_wconf 91' lang='lat' dir='ltr'>duce</span> <span class='ocrx_word' id='word_1_241' title='bbox 706 3351 816 3408; x_wconf 89' lang='lat' dir='ltr'>sancto</span> <span class='ocrx_word' id='word_1_242' title='bbox 834 3345 969 3420; x_wconf 82' lang='lat' dir='ltr'>Thema,</span> <span class='ocrx_word' id='word_1_243' title='bbox 985 3345 1105 3407; x_wconf 88' lang='lat' dir='ltr'>scilicet</span> 
     </span>
     <span class='ocr_line' id='line_1_33' title="bbox 85 3442 1101 3524; baseline 0.004 -24"><span class='ocrx_word' id='word_1_244' title='bbox 85 3459 232 3518; x_wconf 89' lang='lat' dir='ltr'>puerum,</span> <span class='ocrx_word' id='word_1_245' title='bbox 250 3442 379 3520; x_wconf 86' lang='lat' dir='ltr'>quando</span> <span class='ocrx_word' id='word_1_246' title='bbox 398 3442 512 3524; x_wconf 87' lang='lat' dir='ltr'>incipit</span> <span class='ocrx_word' id='word_1_247' title='bbox 524 3444 643 3506; x_wconf 88' lang='lat' dir='ltr'>habere</span> <span class='ocrx_word' id='word_1_248' title='bbox 662 3463 754 3506; x_wconf 89' lang='lat' dir='ltr'>usum</span> <span class='ocrx_word' id='word_1_249' title='bbox 767 3443 859 3506; x_wconf 85' lang='lat' dir='ltr'>liberi</span> <span class='ocrx_word' id='word_1_250' title='bbox 873 3443 1006 3519; x_wconf 89' lang='lat' dir='ltr'>arbitrii,</span> <span class='ocrx_word' id='word_1_251' title='bbox 1022 3443 1101 3504; x_wconf 91' lang='lat' dir='ltr'>inci-</span> 
     </span>
    </p>
   </div>
   <div class='ocr_carea' id='block_1_9' title="bbox 83 3607 1100 3828">
    <p class='ocr_par' dir='ltr' id='par_1_13' title="bbox 83 3607 1100 3828">
     <span class='ocr_line' id='line_1_34' title="bbox 131 3607 1100 3676; baseline 0.004 -18"><span class='ocrx_word' id='word_1_252' title='bbox 131 3612 153 3658; x_wconf 86' lang='lat' dir='ltr'>l.</span> <span class='ocrx_word' id='word_1_253' title='bbox 169 3608 218 3660; x_wconf 85' lang='lat' dir='ltr'>Est</span> <span class='ocrx_word' id='word_1_254' title='bbox 234 3607 309 3660; x_wconf 83' lang='lat' dir='ltr'>aliud</span> <span class='ocrx_word' id='word_1_255' title='bbox 327 3609 409 3661; x_wconf 87' lang='lat' dir='ltr'>Breve</span> <span class='ocrx_word' id='word_1_256' title='bbox 431 3612 555 3676; x_wconf 85' lang='lat' dir='ltr'>ejusdem</span> <span class='ocrx_word' id='word_1_257' title='bbox 571 3612 719 3675; x_wconf 69' lang='lat' dir='ltr'>Pomtinis,</span> <span class='ocrx_word' id='word_1_258' title='bbox 738 3611 820 3663; x_wconf 80' lang='lat' dir='ltr'>Prote</span> <span class='ocrx_word' id='word_1_259' title='bbox 837 3617 861 3662; x_wconf 83' lang='lat' dir='ltr'>te</span> <span class='ocrx_word' id='word_1_260' title='bbox 882 3612 1038 3674; x_wconf 71' lang='lat' dir='ltr'>meminisse,</span> <span class='ocrx_word' id='word_1_261' title='bbox 1055 3625 1100 3662; x_wconf 87' lang='lat' dir='ltr'>an.</span> 
     </span>
     <span class='ocr_line' id='line_1_35' title="bbox 85 3683 1100 3753; baseline 0.004 -21"><span class='ocrx_word' id='word_1_262' title='bbox 85 3685 154 3747; x_wconf 82' lang='lat' dir='ltr'>ll5l,</span> <span class='ocrx_word' id='word_1_263' title='bbox 169 3683 241 3734; x_wconf 84' lang='lat' dir='ltr'>circa</span> <span class='ocrx_word' id='word_1_264' title='bbox 249 3683 295 3748; x_wconf 85' lang='lat' dir='ltr'>jus</span> <span class='ocrx_word' id='word_1_265' title='bbox 308 3689 451 3750; x_wconf 85' lang='lat' dir='ltr'>parentum</span> <span class='ocrx_word' id='word_1_266' title='bbox 466 3689 675 3740; x_wconf 86' lang='lat' dir='ltr'>christianorum</span> <span class='ocrx_word' id='word_1_267' title='bbox 692 3687 822 3738; x_wconf 79' lang='lat' dir='ltr'>offerendi</span> <span class='ocrx_word' id='word_1_268' title='bbox 837 3687 871 3739; x_wconf 88' lang='lat' dir='ltr'>ad</span> <span class='ocrx_word' id='word_1_269' title='bbox 881 3690 1046 3753; x_wconf 83' lang='lat' dir='ltr'>baptismum</span> <span class='ocrx_word' id='word_1_270' title='bbox 1060 3688 1100 3737; x_wconf 82' lang='lat' dir='ltr'>in-</span> 
     </span>
     <span class='ocr_line' id='line_1_36' title="bbox 83 3757 825 3828; baseline 0.015 -22"><span class='ocrx_word' id='word_1_271' title='bbox 83 3759 168 3810; x_wconf 84' lang='lat' dir='ltr'>lantes</span> <span class='ocrx_word' id='word_1_272' title='bbox 176 3757 294 3823; x_wconf 58' lang='lat' dir='ltr'>iudaeos,</span> <span class='ocrx_word' id='word_1_273' title='bbox 307 3773 371 3812; x_wconf 85' lang='lat' dir='ltr'>suos</span> <span class='ocrx_word' id='word_1_274' title='bbox 386 3773 419 3812; x_wconf 83' lang='lat' dir='ltr'>ex</span> <span class='ocrx_word' id='word_1_275' title='bbox 432 3765 509 3828; x_wconf 84' lang='lat' dir='ltr'>patre</span> <span class='ocrx_word' id='word_1_276' title='bbox 525 3767 691 3828; x_wconf 77' lang='lat' dir='ltr'>premortuo</span> <span class='ocrx_word' id='word_1_277' title='bbox 703 3767 825 3828; x_wconf 71' lang='lat' dir='ltr'>nepotari</span> 
     </span>
    </p>
   </div>
   <div class='ocr_carea' id='block_1_10' title="bbox 0 0 1320 4260">
    <p class='ocr_par' dir='ltr' id='par_1_14' title="bbox 0 0 1320 4260">
     <span class='ocr_line' id='line_1_37' title="bbox 0 0 1320 4260; baseline 0 2"><span class='ocrx_word' id='word_1_278' title='bbox 0 0 1320 4260; x_wconf 95' lang='lat' dir='ltr'> </span> 
     </span>
    </p>
   </div>
  </div>
 </body>
</html>
