2568 4272
150 225 240 285 'ann
261 237 289 284 v.
313 237 349 284 na
369 235 621 286 oanraarronaus
641 237 752 288 srarus
774 237 936 290 asaroton.
1009 233 1060 286 aaa

30 356 209 430 saeculare,
225 355 421 435 parochiam,
438 355 578 417 officium
592 354 701 416 vicarii
715 354 882 434 generalis,
896 355 1058 436 episcopa·

31 461 116 531 tum,
141 454 333 532 dignitatem
354 453 577 528 cardinalatus,
594 455 689 516 modo
709 455 826 534 regulae
840 455 975 516 instituti
992 473 1059 548 ser-

30 560 156 613 uantur
177 557 207 613 et
226 553 406 614 obtineatur
424 546 583 615 indultum
598 552 816 632 apostolicum,
836 553 979 635 sineque
996 573 1059 616 non

32 651 109 712 licet
130 651 288 730 religiosis
308 656 395 713 extra
415 670 506 712 suum
524 657 713 714 conventum
729 653 852 732 degere.
872 654 908 714 ln
928 672 964 716 eo
982 671 1058 715 oon-

34 749 183 811 sentiunt
198 750 380 826 canonistae,
398 756 429 812 et
445 750 653 812 confirmatur
668 752 759 831 praxi
773 752 930 814 Ecclesiae.
947 753 1057 829 Porro,

35 849 75 908 ad
100 849 291 928 quaestionis
313 848 483 928 propositae
504 848 705 924 solutionem,
727 850 896 912 dicendum
917 856 964 913 est
983 849 1057 912 reli·

37 949 177 1026 giosum,
194 947 333 1026 legitime
350 953 543 1028 promotum,
560 948 656 1010 eximi
671 948 711 1009 ab
727 949 971 1028 obligationibus
987 967 1057 1029 quse

35 1046 297 1128 incompatibiles
311 1052 383 1107 sunt
402 1065 474 1108 oum
491 1066 547 1108 suo
566 1066 648 1109 novo
666 1052 767 1124 statu;
784 1047 969 1127 neutiquam
984 1066 1058 1108 vero

36 1146 173 1206 subduci
182 1145 303 1206 caetcris
314 1135 561 1224 obligationibus
571 1145 1056 1226 quaeofficiumnonimpediunt.

95 1246 130 1305 1⁰
154 1244 248 1306 Liber
262 1245 393 1325 proinde
409 1250 456 1306 est
470 1244 509 1306 ab
525 1245 704 1306 obedientia
718 1244 843 1325 praelati
857 1244 1010 1326 regularis
1024 1245 1058 1304 in

36 1345 70 1404 iis
81 1344 235 1405 omnibus
246 1363 316 1425 quae
329 1343 503 1424 respiciunt
512 1344 817 1407 administrationem
828 1343 936 1424 adepti
944 1343 1055 1418 oflicii;

39 1443 93 1503 sub
109 1461 149 1504 eo
168 1447 312 1522 respectu
325 1443 443 1522 pendet
457 1441 656 1504 solummodo
672 1441 712 1504 ab
732 1442 898 1523 Episcop0,
919 1441 946 1502 si
960 1459 1055 1522 paro·

40 1541 130 1614 cbiae,
144 1541 273 1604 alterive
282 1541 387 1602 oflioio
398 1541 588 1616 dioecesano,
599 1541 639 1602 sit
646 1541 834 1622 praepositus
845 1561 852 1616 ;
863 1546 894 1602 et
904 1540 962 1602 aS.
975 1541 1056 1604 Pon-

40 1640 135 1713 tiiice,
148 1639 278 1700 siluerit
292 1640 331 1700 ad
342 1633 558 1720 episcopatum
567 1639 619 1701 vel
636 1640 677 1701 ad
692 1640 922 1702 cardinalatum
934 1658 1056 1721 promo·

41 1743 97 1800 tus.
111 1739 207 1800 Liber
220 1737 316 1800 etiam
329 1743 376 1800 est
388 1739 428 1799 ab
442 1739 724 1820 omnibusregulis‚
735 1743 767 1802 et
779 1738 1055 1801 constitutionibus

42 1837 87 1897 sui
101 1837 234 1911 ordinis,
250 1855 320 1917 quae
336 1838 500 1900 conciliari
513 1857 577 1899 non
593 1843 726 1918 possunt
740 1857 812 1900 cum
827 1856 883 1900 suo
898 1837 1014 1899 officie.

97 1940 131 1996 2⁰
152 1939 307 1998 Remanet
323 1936 475 2016 obligatio
490 1941 636 1998 votorum
651 1942 682 1997 et
699 1936 881 2016 regularum
897 1954 968 2017 quae
984 1942 1058 1999 sunt

43 2053 111 2095 cum
123 2034 228 2097 officio
241 2034 466 2114 compatibilia.
481 2034 667 2097 Benedictus
679 2036 757 2112 XIII,
773 2035 878 2096 Const.
901 2032 1055 2110 Custodes,-

44 2134 128 2210 1725,
145 2134 299 2213 praecepit
311 2133 521 2212 regularibus,
539 2139 606 2195 tam
619 2117 659 2194 ad
674 2133 891 2214 episcopatum
904 2152 1000 2214 quam
1015 2132 1055 2194 ad

44 2231 271 2295 cardinalatum
281 2231 348 2310 jam
361 2232 486 2306 evectis,
501 2236 532 2293 et
544 2231 692 2311 deinceps
703 2231 882 2318 evehendis,
895 2231 928 2291 in
939 2231 1055 2292 virtute

46 2337 153 2392 sanctae
179 2330 379 2409 obedientiae,
405 2330 462 2392 suh
488 2349 581 2412 poena
604 2330 817 2410 suspensionis
840 2330 881 2390 ab
905 2329 1054 2392 exercitio

46 2426 269 2510 pontificalium
289 2429 357 2509 ipso
378 2429 462 2490 facto
484 2419 686 2506 incurrenda,
711 2447 803 2511 papae
825 2432 995 2502 reservata,
1022 2433 1057 2490 ut

47 2528 168 2609 singulis
184 2546 247 2590 suae
260 2529 377 2606 regulas
391 2528 502 2590 officiis
517 2533 548 2590 et
562 2528 820 2608 obligationibus,
837 2545 909 2608 quaa
923 2527 1052 2608 pontill-

48 2633 136 2704 catuS,
149 2628 199 2688 vel
209 2627 436 2708 cujuscumque
447 2627 576 2688 alterius
589 2627 762 2706 dignitatis,
775 2633 829 2690 aut
842 2626 1054 2689 cardinalatus

49 2726 177 2788 officium
197 2745 262 2787 non
279 2726 467 2806 impediunt,
485 2732 638 2807 perpetuo
655 2726 786 2789 subsint.
806 2729 850 2790 De
867 2731 941 2789 voto
959 2725 1052 2788 casti-

49 2825 111 2886 tatis
123 2824 203 2889 nihil
214 2825 382 2886 dicendum
395 2844 402 2900 ;
417 2829 524 2886 votum
535 2825 721 2889 obedientiae
732 2825 899 2905 religiosus
908 2825 1055 2888 observat
1142 2897 1144 2904 ἲ

49 2923 214 2986 obediendo
226 2943 318 3004 papae
332 2923 387 3004 qui
400 2929 446 2985 est
457 2923 542 2985 illius
555 2925 718 3006 superior;
731 2930 840 2988 votum
854 2929 1053 3003 autempau-

49 3022 168 3101 pertatis
183 3027 287 3085 servat
301 3023 386 3084 bona
399 3023 589 3102 acquirendo
605 3044 669 3086 suaa
682 3023 841 3098 Ecclesiae,
857 3022 1007 3095 nonsibi,
1023 3027 1055 3083 et

50 3119 143 3182 debito
161 3120 377 3182 moderamine
392 3120 430 3182 iis
447 3122 583 3198 utendo;
605 3122 677 3182 licet
692 3123 733 3182 ad
750 3126 868 3184 statum
886 3120 1051 3201 episcopa-

50 3218 101 3278 lem
122 3218 221 3279 multa
239 3219 299 3279 sibi
319 3219 500 3299 permittere
521 3218 630 3299 possit,
651 3237 721 3299 quae
742 3239 806 3298 non
827 3218 1053 3299 permittuntur

50 3317 194 3378 monacho
205 3316 263 3376 sub
278 3317 394 3394 regulis
407 3317 541 3380 coenobii
550 3318 647 3379 vitam
658 3319 795 3397 degenti.
811 3316 945 3380 Habitus
957 3333 1052 3394 quem

51 3419 172 3492 gestant,
190 3415 330 3495 ejusdcm
345 3420 392 3477 cst
407 3417 515 3477 formae
535 3389 713 3480 adbrbitus
728 3415 933 3496 praelatorum
951 3431 1051 3475 saeou-

52 3512 162 3588 larium,
178 3517 301 3574 retento
315 3518 421 3601 tamen
437 3514 541 3576 colore
557 3514 675 3576 ordinis
690 3514 840 3594 religiosi.
1082 3581 1097 3594 μ

102 3612 131 3671 3⁰
148 3611 281 3672 Dimisso
291 3608 432 3690 munele,
444 3612 599 3691 regularis
610 3619 735 3674 tenetur
749 3613 789 3676 ad
800 3613 938 3674 claustra
949 3611 1051 3675 redire

53 3710 101 3770 snb
117 3710 292 3771 obedientia
309 3711 357 3772 sui
371 3710 504 3788 praelati,
524 3711 583 3772 nisi
598 3712 864 3791 dispensationem
881 3710 1051 3772 obtinuerit
