2588 4276
120 245 188 294 nar.
213 245 255 292 III.
277 243 460 292 scenomata
480 243 584 292 annin.
608 243 644 291 EI*
667 242 792 290 anacam
813 244 956 292 corvum.
994 235 1045 290 233

44 364 265 444 episcoporum,
286 361 390 423 valere
405 361 534 422 insimul
548 367 624 424 vota
644 379 714 441 quae
729 361 762 420 in
778 360 892 422 iisdem
908 363 1045 440 Congre-

45 462 217 540 gatIonibus
238 461 438 535 emittuntur,
455 462 556 522 donec
571 466 786 544 opportunum
800 460 954 534 videatur,
976 467 1048 540 post

44 560 193 621 sufficiens
207 560 459 640 experimentum
475 560 669 640 regularum,
682 577 843 620 recurrere
857 559 897 620 ad
912 560 1047 620 auctori-

44 665 128 721 tatem
144 661 176 720 S.
193 659 354 720 Pontificis
370 675 432 741 quo
448 659 687 720 constabiliatur
700 677 817 719 novum
831 658 1009 718 institutum
1023 663 1044 718 ¹.

92 760 159 820 tte.
177 758 233 818 III⁰
252 756 359 818 Utrum
379 769 407 818 et
425 765 571 838 quotenus
595 755 725 818 Pratac·
743 755 897 836 reputares
916 755 1049 817 obtenere

43 856 157 917 debcant
173 855 388 938 beneplacitum
402 855 607 936 apostolicum,
624 863 652 916 et
664 855 815 916 licentram
829 853 996 930 Ordc'ncrt'i,
1012 865 1047 916 ut

44 955 152 1017 valeant
167 955 286 1036 eripere
300 963 500 1016 convectarat
514 951 635 1014 domos?

94 1063 226 1124 Ordines
236 1061 374 1142 religiosi
384 1061 497 1122 suntIn
505 1065 664 1140 potestate
676 1061 706 1122 S.
719 1061 882 1122 Pontificis
900 1062 954 1140 qui
973 1081 1047 1142 pro-

45 1162 133 1242 spicit,
147 1181 209 1242 pro
225 1159 501 1222 suasollicitudine
516 1159 549 1219 iu
564 1159 737 1220 Ecclesiam
747 1160 956 1221 universalem
971 1166 1002 1221 et
1016 1161 1048 1221 in

45 1261 203 1320 commoda
218 1259 462 1338 uuiuscujusque
478 1257 609 1332 ordinIS,
627 1265 840 1324 conventuum
857 1259 1048 1320 fundationi-

45 1360 102 1436 bus,
114 1364 145 1420 et
155 1357 395 1419 delinitionibus
403 1357 638 1438 provinciarum
649 1358 796 1418 ordinum
814 1357 1045 1435 religiosorum.

46 1457 220 1518 Subduntur
244 1457 372 1536 insuper
398 1455 581 1517 auctoritati
607 1456 837 1535 Episcoporum
856 1456 888 1515 in
913 1473 1048 1536 quorum
1082 1459 1087 1470 '

47 1555 183 1616 dioceses
207 1553 378 1634 propagari
399 1559 570 1633 exoptant;
596 1559 643 1614 est
672 1555 789 1634 quippe
812 1554 1048 1626 ordinariorum

46 1654 96 1712 loci
110 1653 293 1714 examinare
306 1671 347 1713 an
361 1656 575 1714 conventuum
588 1651 790 1713 fundationes
806 1653 950 1732 expetita
967 1651 1048 1713 utili-

48 1749 95 1810 tati
105 1770 167 1812 suac
182 1751 328 1812 dloecesis
342 1751 526 1812 inserviant.

93 1859 115 1918 I.
129 1859 334 1938 Disputatum
347 1864 394 1918 est
408 1857 495 1933 olim,
507 1857 590 1918 inter
601 1857 789 1918 celebriores
807 1858 996 1932 canonistas,
1011 1859 1049 1920 de

49 1956 220 2017 necessitate
237 1956 428 2036 beneplaciti
447 1955 621 2036 Apostolici
640 1975 697 2035 pro
719 1957 875 2017 erectione
895 1975 1049 2018 novarum

48 2054 188 2114 domuum
212 2054 432 2134 religiosarum
448 2056 471 2117 ².
493 2079 508 2110 u
524 2055 641 2115 Verum
663 2054 839 2116 communis
858 2054 953 2117 hodie
973 2061 1003 2116 ct
1017 2056 1049 2115 in

51 2152 276 2213 «tribunalibus
291 2160 419 2232 recepta
434 2153 542 2233 opinio
554 2158 612 2227 est,
632 2153 676 2212 ait
689 2153 878 2213 Benedictus
892 2155 969 2227 XIV,
987 2173 1049 2214 non

49 2274 61 2304 c
72 2250 159 2312 licere
179 2252 389 2328 regularibus,
407 2257 473 2312 tam
494 2251 579 2312 intra
594 2270 690 2330 quam
707 2257 797 2312 extra
812 2252 949 2326 ltaIIam,
968 2271 1050 2314 nova

52 2368 62 2403 r
74 2350 262 2410 monasteria
283 2349 347 2410 sive
367 2350 501 2430 collegia
523 2350 656 2410 fundare
677 2350 746 2410 sola
767 2351 916 2430 Episcopi
936 2349 1046 2410 localis

51 2448 269 2522 «auctoritate,
301 2449 356 2509 sed
380 2448 568 2527 Apostolicce
600 2448 690 2510 Sedis
713 2448 874 2510 licentiam
896 2454 1051 2528 praeterea

51 2568 62 2600 c
77 2547 283 2606 necessariam
294 2565 370 2608 esse.
383 2571 397 2602 »
412 2545 467 2626 (De
482 2545 618 2627 Synodo.
637 2547 691 2607 lib.
707 2549 757 2623 IX,
775 2567 844 2627 cap.
860 2564 883 2622 1,
898 2556 932 2608 n⁰
947 2547 990 2628 9).
1002 2548 1050 2609 Ad

48 2642 123 2703 illam
145 2645 335 2706 sententiam
355 2644 484 2704 adducti
506 2651 578 2704 sunt
600 2645 680 2722 juris
700 2645 889 2724 interpretes
917 2646 1051 2708 decretis

50 2742 161 2802 concilii
173 2743 392 2822 Lugdunensis
407 2748 439 2804 et
451 2742 604 2804 Bonifacii
616 2744 695 2818 VIII,
718 2763 754 2805 ac
768 2745 945 2824 praesertim
959 2746 1052 2824 praxi

51 2856 108 2917 que
126 2841 257 2902 amulto
268 2840 338 2932 jam
356 2847 497 2920 tempore
517 2840 695 2938 praevaluit.
723 2842 899 2903 Concilium
922 2843 1051 2922 Lugdu-

50 2956 134 2999 nense
152 2939 318 3018 probibuit
332 2939 582 3000 Mendicantibus
606 2964 621 2996 (ι
643 2959 683 3001 ne
699 2941 738 3001 de
753 2959 836 3002 novo
858 2941 988 3002 domum
1002 2942 1052 3002 vel

52 3057 63 3088 c
75 3036 174 3097 locum
185 3037 352 3117 acquirant
362 3038 427 3098 sine
442 3038 531 3099 Sedis
539 3039 729 3116 Apostolicae
738 3039 866 3100 licentia
877 3041 1007 3120 speciali
1014 3063 1027 3098 u
1041 3060 1049 3115 ;

4 3149 5 3170 ¹
53 3150 135 3213 quam
154 3136 259 3216 legem
283 3155 391 3196 rursus
411 3135 610 3197 confirmavit
632 3137 811 3198 Bonifacius
831 3139 901 3200 VIII
925 3139 965 3200 ob
987 3140 1050 3199 Ire-

91 3317 112 3364 I.
127 3314 165 3366 CI.
179 3315 348 3366 collectanea
364 3317 442 3366 θανά.
454 3317 586 3378 Bc'zzarri,
600 3331 657 3382 pag.
674 3319 720 3367 828
734 3316 1053 3380 etseq.,ubiexpou1tur

54 3389 184 3442 methodus
197 3403 280 3456 quam*
292 3393 414 3457 sequitur
428 3393 453 3442 S.
466 3393 548 3456 Cong.
560 3392 733 3458 Regularium
744 3393 772 3442 in
783 3391 963 3456 approbandIs
975 3393 1052 3444 neuls

4 3511 5 3538 ,
54 3461 170 3516 InstItutis
180 3473 308 3518 votorum
323 3468 556 3533 simpliciumque}
572 3469 645 3520 luera
658 3483 719 3519 oum
735 3467 928 3532 approbatione
943 3467 1053 3532 Episco-

4 3539 5 3612 ξ
54 3550 138 3600 porum
152 3543 285 3596 inchoato.

55 3690 86 3742 rb
97 3619 171 3746 lucii
185 3622 304 3685 Fagncn,
317 3621 346 3672 in
358 3636 415 3688 cap.
433 3623 491 3673 Non
502 3621 624 3686 amplios,
636 3620 673 3670 nb
686 3623 764 3682 55-72,
783 3634 814 3670 ou
831 3622 1050 3683 instauramus,

4 3699 5 3712 ¹
64 3706 93 3742 I.
173 3702 252 3750 erret.
