2582 4278
249 222 299 278 {44
612 234 688 284 PARS
705 233 741 282 11.
760 235 890 284 cerurci.

249 371 263 403 «
286 350 1018 438 consuetudinis,ultratresmenses,abeisdem
1027 353 1235 435 Ecclesiisquo

249 472 265 505 u
288 446 364 511 libet
377 468 460 510 anno
471 451 594 524 abesse;
605 448 1032 511 salvisnibilominusearum
1046 452 1243 514 Ecclesiarnn

248 575 263 607 a
285 546 561 612 constitutionibus
577 565 648 624 quac
663 546 788 624 longius
803 547 921 608 servitii
936 553 1060 629 tempus
1078 551 1242 629 requirunt.
1284 565 1285 568 ’

212 655 215 661 “
250 671 264 706 u
284 645 431 724 Alioquin
440 645 541 725 primo
557 663 640 704 anno
649 644 789 723 privetur
797 647 1011 725 unusquisque
1026 647 1159 708 dimidia
1169 657 1245 727 parte
1284 661 1285 668 ’

245 769 261 802 «
284 746 454 817 fructuum,
476 760 554 820 quos
573 742 696 802 ratione
711 743 807 802 etiam
827 744 1006 822 praebendae
1026 765 1063 807 ac
1078 746 1243 809 residentia
1284 727 1285 765 f

247 867 262 899 «
284 843 359 904 lecit
369 859 453 902 suos.
469 839 557 913 Quod
567 840 594 900 si
604 841 719 900 iterum
730 841 841 900 eadem
857 860 931 902 usus
943 842 1039 904 fuerit
1049 844 1244 922 negligentia,

247 965 262 998 a
284 941 425 1020 privetur
441 937 588 999 omnibus
607 937 760 998 fructibus
782 956 862 1016 quos
883 939 995 1000 eodem
1016 960 1101 1002 anno
1118 941 1246 1002 lucratus

249 1061 263 1096 a
284 1037 389 1100 fuerit.
406 1037 569 1098 Crescente
589 1053 662 1096 vero
678 1037 889 1111 contumacia,
907 1044 1017 1098 contra
1031 1057 1085 1100 eos
1096 1039 1193 1120 juxta
1205 1060 1245 1100 sa-

246 1159 262 1193 «
284 1153 409 1197 crorum
436 1152 593 1196 canonum
622 1130 860 1195 constitutiones
893 1137 1098 1214 procedatur.
1128 1159 1144 1196 u
1175 1139 1245 1200 Sess.

243 1249 487 1312 xxrv,oap.x11.
523 1216 530 1228 ⁵
955 1253 957 1260 ¹

302 1331 476 1412 Episcopus
490 1329 624 1409 proinde
634 1334 739 1409 potest
752 1330 876 1408 privare
889 1349 952 1391 non
967 1332 1145 1394 residentes
1153 1334 1248 1394 fructi·

241 1431 300 1491 bus
318 1428 465 1490 beneficii
479 1428 520 1488 ad
536 1432 675 1488 mentem
696 1428 836 1500 concilii;
862 1434 965 1507 potest
984 1429 1117 1509 insuper
1130 1433 1247 1493 servatis
1284 1421 1285 1434 ¹

242 1527 414 1602 servandis,
443 1527 567 1606 privare
589 1525 681 1586 titulo
712 1526 859 1592 beneficii
886 1526 1085 1602 canonicum,
1118 1531 1175 1609 qui
1199 1549 1246 1610 per
1284 1559 1285 1564 ¹

146 1631 147 1634 ’
241 1626 412 1687 triennium
425 1623 591 1690 violaverit
604 1623 707 1700 legem
723 1624 912 1710 residentiae,
931 1625 1117 1688 Triennium
1133 1647 1196 1689 non
1207 1629 1246 1688 in·
1282 1608 1285 1640 i

242 1723 318 1803 cipit
330 1723 407 1784 adie
420 1722 531 1802 primae
546 1721 738 1795 monitionis;
757 1722 811 1782 sed
827 1721 908 1782 adie
923 1741 985 1801 quo
1000 1723 1123 1786 violata
1137 1726 1244 1786 suitlex

241 1840 299 1901 per
313 1821 502 1900 culpabilem
518 1820 666 1880 absentiae
683 1821 960 1899 prorogationem3
978 1821 1058 1884 adeo
1077 1829 1116 1884 ut
1131 1824 1244 1905 Episco-

241 1939 301 1999 pus
327 1918 497 1997 procedere
511 1918 616 1979 valeat
634 1923 743 1979 contra
756 1918 945 1979 canonicum
960 1938 1025 1981 non
1049 1921 1244 1996 residentem,

242 2017 367 2079 etiamsi
385 2016 475 2076 illum
502 2035 567 2076 non
596 2015 754 2076 monuerit
779 2015 839 2075 nisi
857 2021 928 2095 post
949 2005 1093 2096 elapsum
1117 2020 1244 2099 spatium

242 2117 377 2177 duorum
392 2133 558 2176 annorum.
577 2113 739 2193 (Ferraris,
760 2127 793 2173 v⁰
813 2112 992 2189 Cocanicus,
1010 2121 1070 2176 art.
1092 2135 1126 2193 v,
1153 2127 1188 2177 n⁰
1201 2119 1243 2177 25.

240 2214 362 2287 Lucidi,
375 2213 413 2274 de
434 2211 520 2274 Vae.
537 2211 611 2274 Suc.
622 2211 702 2271 Laba.
712 2217 791 2272 tom.
803 2212 826 2286 l,
838 2232 870 2290 p.
886 2213 956 2273 294.
970 2214 1054 2294 295.)
1075 2215 1246 2286 Transactis

240 2313 341 2373 tribus
356 2312 457 2384 anniS,
474 2316 522 2370 ter
537 2309 712 2370 monendus
727 2314 774 2368 est
788 2309 1020 2384 canonicus,et
1033 2330 1092 2389 per
1106 2331 1164 2373 sex
1178 2312 1247 2372 alios

240 2428 364 2471 menses
383 2408 615 2488 expectandum
642 2407 768 2480 deinde,
790 2406 864 2467 lieet
887 2407 940 2467 ille
966 2427 1032 2468 non
1057 2415 1244 2489 compareat,

241 2508 407 2568 devenitur
420 2507 460 2566 ad
474 2503 694 2584 privationem.
712 2506 780 2564 Non
796 2489 977 2565 omittendae
992 2511 1065 2566 sunt
1085 2507 1151 2568 illae
1172 2526 1245 2586 pras-

240 2605 299 2664 viae
316 2603 503 2665 monitiones
518 2607 549 2664 et
562 2602 738 2675 citationes
751 2601 892 2680 alioquin
906 2603 1076 2664 canonicus
1091 2606 1246 2684 appellare

241 2705 345 2780 potest
357 2701 398 2780 ad
408 2699 548 2778 jndicem
564 2699 768 2778 superiorem.

301 2797 476 2859 Canonistae
497 2797 705 2858 communiter
724 2797 853 2857 tradunt
871 2798 974 2876 legem
990 2799 1171 2862 residentiae
1184 2800 1244 2860 vio-

240 2896 309 2971 lari,
332 2913 396 2956 non
416 2894 518 2955 solum
539 2893 665 2973 quando
689 2894 862 2954 canonicus
882 2896 995 2956 absens
1016 2901 1063 2958 est
1084 2898 1171 2958 ultra
1190 2903 1245 2957 tres

240 3011 363 3055 menses
376 2992 553 3066 continuos
567 2992 623 3052 sed
635 2992 730 3052 etiam
739 2992 863 3071 quoties
872 2993 940 3053 dies
950 2993 1113 3069 absentiae,
1124 2993 1244 3055 tametsi

238 3090 661 3170 interpolatiperdecursum
671 3089 1067 3170 anni,exceduntspatium
1075 3091 1244 3152 trimestris.

297 3178 429 3250 may-
446 3187 588 3251 Arduam
607 3187 815 3265 quaestionem
832 3183 971 3262 movent,
985 3194 1093 3263 utrum
1108 3188 1244 3250 canonici

238 3289 403 3368 priventur
420 3286 489 3366 ipso
506 3285 578 3363 jure
598 3284 752 3345 fructibus
773 3285 820 3345 sni
840 3285 986 3346 beneficii
1000 3305 1058 3365 pro
1077 3293 1148 3347 rata
1161 3290 1244 3366 parte

238 3385 388 3447 absentiae
408 3384 492 3444 ultra
515 3388 640 3460 tempus
661 3383 856 3460 assignatum
873 3399 886 3443 .:
916 3401 956 3444 sn
980 3383 1102 3462 possint
1130 3385 1245 3446 fructus

237 3483 374 3560 retinere
387 3468 626 3570 donecprolata
641 3481 680 3541 sit
693 3481 857 3541 sententia.

297 3580 455 3660 Duae‘sunt
465 3578 640 3658 opiniones.
651 3579 677 3638 1³
691 3565 776 3638 tene't
786 3577 958 3638 Ecclesiam
967 3579 1108 3640 conferre
1121 3579 1242 3658 quidem

238 3677 460 3740 canonicatum
476 3694 547 3738 eum
560 3694 647 3736 onera
659 3675 848 3750 residentiae,
864 3676 922 3736 sibi
937 3684 1060 3739 servato
1072 3677 1244 3756 juremulc·
