2588 4276
313 270 382 316 ΔΗΤ.
405 269 448 316 Vl·
469 267 645 318 conventus
664 269 870 320 clrlrutaals.
1045 261 1098 318 '¹¹83

76 402 130 446 nes
151 395 331 446 recentiores
352 387 451 460 Rotae,
465 391 550 464 part.
573 387 642 462 Xll;
658 391 680 447 t.
703 388 728 462 l,
746 387 840 449 decis.
862 388 911 460 te,
928 383 967 446 „a
982 387 1096 464 tale.)

139 485 229 544 Hanc
243 484 432 559 doctrinam,
445 483 552 564 quoad
565 489 733 564 utrumque
742 488 908 564 punctum,
920 483 1097 564 reperimus

76 581 547 661 communiterreceptamapud
555 581 745 643 celebriores
754 584 943 659 canonistas,
951 585 1094 660 Fagnan,

74 681 227 751 Barbosa,
245 673 413 759 Pirhin'g...
438 679 493 759 qui
510 673 612 740 multa
631 680 744 742 exinde
765 681 933 742 corollaria
953 681 1094 759 practica

74 775 250 852 deducunt,
266 777 435 856 exquibus
451 777 525 853 duo,
543 777 680 857 exempli
690 797 797 854 causa,
810 780 850 842 ob
865 797 970 840 rerum
986 779 1091 858 gravi·

73 879 173 937 tatem
188 876 395 937 adducemus.

135 974 166 1033 l⁰
181 973 348 1034 Deducunt
368 990 409 1033 ex
427 972 583 1053 principio
599 973 696 1035 allato
716 973 915 1050 canonicum,
935 975 1000 1055 qui,
1017 977 1090 1038 sede

72 1075 216 1144 vacante,
233 1071 318 1132 solus
333 1076 491 1150 superstes
505 1071 611 1147 inerit,
626 1089 718 1150 posse
731 1071 904 1132 concedere
918 1073 1090 1135 litterasdi·

72 1167 276 1244 missoriales,
293 1169 378 1249 quod
389 1169 433 1230 sic
443 1169 540 1230 etiam
550 1169 746 1230 declaratum
761 1185 780 1228 a
795 1169 826 1230 S.
837 1170 1088 1250 Congregatione

73 1266 198 1327 concilii
207 1268 303 1328 refert
315 1267 444 1344 regnan
458 1284 466 1328 :
482 1269 554 1328 «Aa
565 1285 639 1328 casu
653 1285 717 1346 quo
727 1265 902 1346 capitulum
916 1267 1089 1330 concedere

76 1384 92 1423 a
111 1369 217 1444 potest
231 1364 434 1440 dimissoriae,
456 1365 482 1424 si
497 1363 641 1426 canonici
655 1370 787 1444 propter
800 1365 935 1426 haereses
947 1364 1011 1426 sint
1023 1365 1088 1427 dis·

76 1485 91 1518 o
111 1461 196 1543 persi
210 1467 242 1523 et
255 1467 415 1541 nequeant
428 1463 607 1540 convenire,
623 1467 679 1523 aut
691 1462 852 1524 conveniri
866 1463 933 1522 sine
949 1462 1087 1524 difficul-

76 1583 91 1615 a
110 1565 185 1636 tate,
201 1560 337 1621 sufficiat
351 1559 469 1621 habere
485 1560 677 1622 dimissorias
692 1561 733 1622 ab
749 1577 813 1621 uno
824 1559 933 1638 aliquo
946 1578 986 1621 ex
996 1576 1089 1622 cano·

76 1681 90 1712 a
109 1657 187 1719 nicis
200 1657 430 1720 cathedralis...
444 1658 477 1720 S.
488 1659 698 1746 Congregatio
712 1658 804 1720 Gard.
817 1655 1088 1720 conciliiTriden·

74 1779 89 1812 u
109 1753 167 1817 tini
178 1757 388 1834 interpretum
402 1755 558 1818 censuit...
576 1757 720 1818 sufficere
733 1755 1084 1818 haberedimissoriasa

75 1853 316 1915 «residentibus
336 1853 571 1933 capitularibus,
593 1853 718 1916 etiamsi
736 1871 818 1915 unus
838 1853 993 1915 duntaxat
1010 1852 1085 1915 resi·
1190 1926 1193 1944 1

77 1975 94 2007 a
111 1951 206 2026 deret,
224 1952 299 2032 quia
307 1949 359 2032 jus
378 1951 509 2032 capituli
525 1951 621 2013 etiam
641 1952 673 2012 in
685 1971 750 2012 uno
769 1957 1011 2014 conservatur.»
1035 1951 1082 2032 (ln

75 2048 348 2131 superaquam·
371 2053 411 2112 62
431 2057 462 2113 et
485 2051 535 2127 63,
556 2069 594 2112 un
616 2051 812 2114 Mamurram
828 2068 866 2112 ar
883 2051 1081 2125 erroreum,

75 2147 122 2210 lib.
138 2149 302 2230 lDecret.)

125 2237 337 2308 enodarunt
348 2247 556 2326 capitularem
571 2247 627 2326 qui
640 2252 783 2308 remanet
794 2264 887 2327 posse
899 2246 940 2306 ad
955 2245 1082 2308 electio·

74 2361 139 2404 nem
148 2319 202 2405 seu
218 2344 324 2424 potius
338 2345 379 2405 ad
393 2343 641 2406 nominationem
655 2342 973 2424 praelatiprooedere‚
987 2341 1021 2402 in
1036 2342 1080 2403 lo·

74 2439 111 2502 cis
126 2441 177 2503 ubi
199 2441 340 2524 capitula
357 2436 418 2503 hoc
435 2441 508 2520 jure
527 2439 685 2503 fruuntur.
712 2463 727 2501 c
746 2441 778 2503 Si
793 2459 868 2503 vero
892 2457 974 2501 unus
992 2437 1079 2501 solus

8 2603 9 2620 χ
75 2529 276 2613 «remaneat,
293 2539 337 2600 ait
357 2539 501 2618 Pirhing,
524 2539 593 2600 aliis
610 2539 734 2602 duobus
756 2537 900 2612 mortuis,
920 2537 971 2599 vel
990 2555 1075 2602 aso-

8 2635 9 2708 }
74 2636 213 2700 «cietate
235 2636 467 2713 recedentibus,
483 2656 547 2698 non
564 2638 625 2699 erit
644 2638 812 2716 collegium
827 2642 911 2710 actu,
928 2654 1000 2698 cum
1015 2635 1076 2698 hoc

8 2765 9 2812 j
75 2753 87 2790 o
105 2734 319 2800 collectionem
334 2751 552 2814 personarum,
570 2753 609 2796 ex
623 2735 655 2796 vi
667 2734 904 2813 significationis
920 2751 996 2809 suae,
1014 2733 1075 2794 im-

8 2873 9 2888 r
71 2854 84 2887 u
101 2839 218 2912 portet;
238 2833 312 2910 jura
332 2837 440 2894 tamen
460 2833 585 2910 collegii
605 2833 640 2914 in
656 2833 712 2895 illo
728 2851 792 2893 uno
807 2831 1027 2914 remanebunt,
1044 2837 1075 2892 et

8 2907 10 2990 l

8 3111 10 3128 l

8 3167 11 3334 l

73 2955 84 2983 u
102 2931 142 2992 sic
157 2930 326 3008 collegium
351 2930 587 3010 quodammodo
602 2931 726 3004 habitu,
749 2949 804 2991 seu
818 2930 946 3004 virtute,
962 2929 995 2990 in
1010 2948 1074 2990 uno

69 3055 81 3086 a
98 3028 248 3101 manebit,
264 3027 354 3108 isque
365 3027 450 3088 solus
462 3033 494 3088 et
506 3046 587 3088 unus
597 3028 715 3108 poterit
724 3045 870 3090 exercere
880 3032 969 3088 actus
981 3026 1075 3088 colle·

8 3135 9 3140 ¹
70 3148 82 3181 u
101 3125 148 3204 gio
168 3145 225 3204 sen
243 3123 382 3204 capitulo
401 3131 626 3204 competentes,
650 3132 686 3187 nt
704 3131 751 3188 est
772 3126 900 3204 eligere,
918 3130 948 3185 ct
966 3129 1073 3203 postu-

69 3223 196 3286 ulare...
222 3228 255 3284 et
275 3221 419 3302 quamvis
439 3241 471 3284 se
491 3223 558 3304 ipse
587 3224 703 3304 eligere
725 3241 789 3287 nou
804 3222 940 3302 possit...
966 3225 1072 3299 potest

68 3343 79 3376 o
97 3327 200 3382 tamen
222 3321 317 3383 aliam
339 3339 509 3416 personam
528 3321 561 3384 in
573 3323 741 3402 prelatum
756 3321 884 3400 eligere,
900 3319 951 3382 vel
965 3317 1072 3397 potius

67 3441 79 3474 u
96 3419 266 3481 nominare.
282 3443 298 3474 »
315 3417 362 3500 (ln
374 3419 423 3482 tit.
438 3437 476 3480 na
490 3421 672 3494 Euaemonis,
684 3429 718 3480 n⁰
732 3418 851 3494 latin.
867 3419 880 3477 l
894 3419 1015 3478 Decret.
1031 3416 1069 3498 ¹.)

101 3575 256 3638 t.'lempore
266 3573 476 3639 perturbationis
485 3587 575 3625 rerum
587 3574 755 3640 publicarum
768 3575 796 3623 in
807 3571 978 3632 delitiarum
989 3571 1069 3624 obiis-

66 3649 98 3698 set
105 3649 131 3698 in
141 3650 250 3713 regione
261 3654 351 3700 extera
361 3651 417 3700 Yvo
432 3650 466 3700 de
478 3650 618 3713 Marboeul,
631 3650 854 3714 archiepiscopus
867 3647 1065 3722 Lugdunensis,

66 3727 108 3776 tres
122 3725 241 3777 canonici
258 3726 304 3789 qui
326 3739 339 3776 e
354 3725 471 3791 capitulo
496 3731 663 3790 supererant,
681 3724 830 3778 ceterisvi
850 3723 1017 3786 tempestatis
1035 3725 1064 3774 in
