2642 4270
220 194 290 243 aas.
311 193 779 245 111.'anu1rt1srnar10bonosula
799 191 954 240 EGGLESIAE·
1041 178 1107 236 539'

78 308 213 372 mobilia
241 311 390 390 pretiosa,
417 331 481 373 non
505 313 597 374 certis
621 310 740 390 regulis
770 306 1008 378 determinatur,
1039 303 1095 366 sed

78 407 243 470 communi
258 408 465 471 aestimatione
476 410 675 490 pensandum
688 414 747 484 est,
762 407 872 468 habita
881 405 1004 466 ratione
1013 408 1108 464 tem-<2

77 511 243 586 porumot
255 505 409 569 locorum.
427 530 441 567 a
455 511 548 586 Sane,
564 509 608 569 ait
628 510 769 585 Fagnan,
787 523 859 567 cum
882 521 947 565 non
966 501 1007 562 sit
1021 499 1094 580 jure

82 627 102 658 a
117 599 288 664 'definitum
302 605 507 684 qnaeterrulae
523 606 669 667 dicentur
679 599 789 682 exigui
802 601 931 676 valoris,
946 599 980 660 id
991 602 1105 660 totum

84 698 234 780 «judicis
251 701 382 765 arbitrio
400 704 460 766 erit
477 705 733 785 relinquendum,
757 707 789 763 et
807 700 905 782 judex
928 697 1095 760 arbitrium
1151 691 1157 710 ¹

82 819 100 852 «
110 793 215 858 ¹suum
230 800 458 875 moderabitur,
474 801 619 883 inspecta
630 800 811 864 conditione
825 797 985 872 Ecclesiae,
1001 813 1043 856 an
1055 794 1104 855 sit·
1168 795 1172 804 '

83 917 100 950 «
122 895 286 958 tennisvel
300 899 435 960 multum
447 900 623 975 abundans,
639 903 760 960 attenta
768 896 921 977 qualitate
930 891 1094 973 temporis,

83 1015 101 1049 α
123 993 268 1055 locorum
291 1001 323 1057 et
346 1015 463 1059 rerum.
486 1023 501 1053 »
525 997 571 1075 (ln
591 1016 661 1078 cap.
682 994 780 1072 Nulli,
798 1002 833 1054 n⁰
853 996 903 1067 25,
927 1009 966 1054 nn
992 993 1096 1053 Rnnus

79 1092 248 1154 Euenum
262 1096 553 1176 xmnxaunrs.)1tem
566 1097 642 1177 quid
651 1113 708 1175 per
717 1094 847 1155 mobilia
855 1088 1094 1172 pretiosaintel·

79 1187 140 1266 ligi
166 1189 289 1264 debeat,
306 1193 469 1272 judicatur
487 1214 545 1274 pro
571 1195 694 1256 ratione
717 1192 859 1254 materia
874 1209 930 1252 seu
945 1188 1033 1264 artis,
1046 1185 1095 1248 uti

81 1283 223 1363 gemma,
237 1292 269 1349 et
282 1289 406 1369 pictura
420 1292 560 1365 lamosa;
575 1292 627 1353 vel
640 1292 764 1354 ratione
779 1289 988 1371 antiquitatis.

144 1384 331 1463 Disputatur
344 1406 385 1447 an
397 1388 571 1467 prohibitio
582 1389 771 1450 extendatur
785 1389 826 1450 ad
841 1383 1093 1467 repudiationem

80 1481 193 1560 legati.
220 1482 347 1544 Certum
369 1485 498 1564 quidem
513 1491 559 1546 est
570 1488 742 1548 Praelatum
756 1485 903 1548 Ecclesiae
922 1501 988 1545 non
1002 1497 1095 1561 posse

80 1577 169 1642 licite
187 1581 354 1659 repudiare
373 1582 515 1661 legatum
534 1584 600 1645 sina
616 1584 706 1662 gravi
725 1602 837 1657 cansa,
861 1582 916 1644 sed
934 1577 1094 1644 valebitna

80 1676 264 1756 repudiatio
278 1678 363 1740 facta
377 1679 497 1760 absque
507 1699 636 1742 assensu
651 1671 843 1759 superioris?
855 1680 966 1740 Plures
979 1679 1099 1756 negant

84 1774 163 1853 quia
177 1773 247 1835 haec
261 1777 438 1855 repudiatio
453 1797 517 1838 non
532 1784 580 1839 est
592 1779 725 1858 simplex
737 1775 930 1857 negligentia
942 1774 976 1835 in
988 1770 1099 1853 acqui·

85 1872 189 1932 rende
202 1873 334 1948 bonum,
346 1875 401 1935 sed
410 1893 486 1937 vera
495 1876 575 1956 juris
588 1876 712 1957 quaesiti
722 1881 754 1937 et
764 1875 865 1955 pretio
879 1891 954 1936 vare
966 1871 1100 1934 aestima·
1212 1893 1213 1896 ¹

86 1969 163 2030 bitis
169 1969 338 2033 abdicatio.
348 1973 448 2034 Nemo
455 1973 614 2034 inficiatur
624 1973 701 2053 quin
704 1973 777 2053 jura
784 1971 996 2052 incorporalia
1003 1968 1096 2031 bonis

85 2067 566 2149 immobilibusaequiparentur3
581 2072 636 2151 qui
646 2071 743 2150 igitur
754 2070 899 2150 repudiat
909 2071 962 2150 jus
974 2061 1103 2130 certum'

82 2168 183 2244 atque
193 2166 294 2244 pretio
303 2168 501 2241 aestimabile,
511 2169 643 2248 perinde
652 2169 773 2230 tacitae
782 2165 1099 2228 sialienaretbonum

82 2262 278 2324 Ecclesia...'
297 2265 408 2326 Gaeteri
427 2266 589 2328 affirmant
613 2267 717 2328 valera
735 2264 1000 2345 repudiationem,
1023 2261 1101 2324 licat

82 2359 197 2421 illinita
206 2359 256 2420 sit.
266 2362 358 2422 Bulla
372 2361 516 2440 Paulina,
531 2364 689 2443 inquiunt,
699 2363 863 2425 interdixit
875 2361 1101 2424 alienationem

83 2475 193 2518 rarum
212 2463 244 2518 et
262 2459 420 2520 bonorum
436 2460 598 2536 Ecclesiam
621 2461 710 2541 atqui
733 2481 784 2523 res
801 2461 926 2540 legata,
946 2477 1010 2522 non
1026 2461 1100 2519 sunt

83 2573 137 2615 res
153 2555 301 2616 Ecclesia
313 2557 520 2636 quoadusque
533 2563 705 2638 acceptata,
715 2559 842 2621 inerint.
856 2560 1010 2637 Legatum
1025 2559 1100 2618 anta

82 2653 339 2731 acceptationem
353 2656 462 2717 manet
478 2655 511 2716 in
528 2673 691 2735 suspenso,
713 2663 757 2732 et,
770 2657 796 2718 si
809 2657 891 2717 desit
904 2652 1092 2734 acceptatio,

82 2768 212 2811 resnou
224 2753 471 2815 censeturiuisse
485 2773 628 2835 unquam
637 2755 671 2815 in
685 2754 824 2817 dominio
834 2753 992 2816 Ecclesia.
1004 2749 1100 2813 Aliud

84 2853 175 2910 certo
194 2855 240 2911 est
260 2848 416 2926 alienare,
431 2852 519 2914 atiud
540 2871 604 2914 non
620 2853 802 2932 acquirere:
822 2870 899 2932 ergo
913 2849 1094 2932 repudiatio

84 2947 185 3026 legati
197 2965 262 3009 non
273 2949 360 3010 venit
372 2949 429 3010 sub
442 2950 656 3029 prohibitione
671 2950 755 3012 facta
766 2967 823 3029 per
836 2948 1100 3031 Constitutionem

85 3043 273 3107 Ambitiosa.
298 3047 346 3107 Ita
367 3048 566 3108 communius
581 3047 717 3126 intelligi
732 3047 856 3109 Bntlam
870 3047 980 3110 asserit
1004 3044 1096 3109 Gard.
1208 3103 1212 3122 ι

85 3144 183 3204 Petra
202 3143 235 3204 in
259 3143 324 3204 suis
347 3144 580 3206 commentariis
602 3145 707 3207 donst.
730 3146 773 3208 V⁸
802 3145 904 3222 Pauli,
925 3143 964 3205 εἰ·
992 3143 1097 3215 7777,

84 3247 165 3302 torn.
184 3242 220 3316 V,
238 3259 312 3320 pag.
330 3244 401 3303 2¹24.
415 3244 463 3305 lta
478 3242 692 3316 Reiffenstuel,
707 3241 741 3302 in
754 3242 803 3304 tit.
821 3239 857 3304 de
870 3240 928 3303 His
942 3258 1007 3322 qua
1019 3237 1100 3320 fiunt

86 3335 251 3399 aPralato
271 3339 336 3401 sine
357 3357 500 3403 consensu
519 3339 656 3422 capituli,
672 3337 711 3400 „a
732 3339 846 3414 3549,
863 3343 895 3400 et
920 3336 974 3400 alii
993 3336 1100 3417 plures

88 3455 226 3515 quorum
241 3438 349 3518 opinio
365 3443 413 3500 est
433 3440 508 3502 satis
527 3440 671 3518 fundata,
688 3443 724 3500 ut
738 3439 773 3500 in
791 3436 890 3519 praxi
899 3434 1017 3497 serrari
1030 3449 1101 3514 pes-

89 3535 141 3598 sit.

113 3625 114 3628 '
149 3634 220 3696 Atia
232 3639 279 3695 est
291 3633 586 3720 difficultas‚utrum
597 3643 628 3700 et
638 3642 795 3718 quatenus
807 3632 943 3716 pecunia
957 3647 1102 3713 eompre-

918 3753 964 3808 ιι.
1101 3737 1108 3754 ’
