2582 4278
217 271 269 326 itt
562 281 565 292 ’
582 279 658 326 Plus
679 277 712 325 11.
735 276 865 325 utsulcl.
927 299 930 306 ·

217 420 233 449 «
248 412 427 475 usuumquo
447 413 483 455 ac
499 392 764 455 consuetudinum
781 390 990 454 laudabilium
1009 397 1103 453 antea
1117 392 1234 472 vigen-

222 513 236 550 (
250 492 341 570 tium,
355 491 629 573 praesentibusque
644 489 890 552 circumstantiis
904 491 1233 564 accommodatarum,

220 609 234 648 6
248 590 329 651 ratio
344 589 512 650 habeatur.
529 613 544 643 6

274 688 392 748 Eadem
406 673 575 746 summarie
591 683 758 746 commissa
772 689 846 744 sunt
857 684 1021 764 Episcopis
1033 702 1093 763 per
1105 679 1236 746 Bullam

212 783 355 846 Paterm
366 785 489 866 pictatis
500 784 609 844 datam
623 785 643 843 6
655 788 717 844 oct.
732 799 817 844 anno
833 783 922 859 1811,
939 799 998 861 pro
1013 799 1174 843 novarum
1187 801 1238 844 se·

209 882 301 943 dium
312 881 538 962 episcopalium
549 867 820 942 constitutionem
830 879 1043 958 capitulorum
1054 880 1236 952 erectione;

213 979 246 1040 in
266 997 328 1059 qua
349 986 467 1054 tamen,
484 979 571 1058 quod
589 985 636 1040 est
655 981 767 1039 notatu
787 977 930 1055 dignum,
945 977 1034 1038 nulla
1053 977 1090 1037 fit
1111 976 1238 1038 mentio

214 1077 372 1139 facultatis
393 1077 511 1138 relictae
539 1075 773 1138 successoribus
801 1075 991 1136 immutandi
1020 1079 1142 1136 statuta
1163 1093 1238 1154 quae

215 1175 309 1253 primi
323 1169 470 1255 Episcopi
483 1174 693 1236 condiderint.

253 1272 322 1334 396.
343 1307 382 1316 -
401 1274 439 1335 ΙΙ.
461 1272 540 1333 Hinc
561 1278 632 1334 orta
654 1275 729 1352 sunt
750 1271 904 1332 nonnulla
926 1268 1041 1342 dubia3
1061 1269 1238 1348 quaesitum

211 1369 298 1431 enim
311 1369 372 1430 fuit
385 1369 559 1449 praesertim
576 1371 587 1431 f
602 1371 632 1429 l⁰
647 1372 761 1432 Utrum
777 1367 995 1446 subdelegatic
1015 1367 1091 1428 data
1106 1367 1238 1429 inclita

214 1467 305 1528 Gard.
319 1470 438 1545 legato
454 1467 599 1527 omnibus
613 1467 645 1526 in
658 1467 799 1528 futurum
815 1465 1047 1528 successoribus
1061 1465 1238 1544 Episcopo·

213 1583 296 1642 rum,
315 1569 370 1624 aut
385 1565 606 1644 tantummodo
617 1565 716 1644 premo
728 1563 1010 1644 stramineum
1030 1562 1237 1624 sentiendum

130 1649 133 1652 ’
215 1661 255 1722 sit
268 1661 306 1722 (16
322 1662 447 1722 statutis
459 1651 706 1740 capitulorum'a
722 1669 866 1741 tempore
877 1660 1066 1722 concordati
1083 1661 1236 1733 conditis,

218 1776 288 1838 quoe
303 1759 407 1820 minus
422 1760 597 1820 conformia
610 1765 684 1821 sunt
696 1760 814 1837 regulis
823 1758 905 1838 juris
920 1760 1084 1821 canonici?

273 1857 297 1918 1.
322 1857 411 1918 Circa
425 1858 641 1918 extensionem
657 1857 925 1935 subdelegationis
938 1877 1003 1918 non
1018 1877 1083 1920 una
1099 1863 1151 1920 est
1164 1877 1237 1920 om·

213 1954 302 2014 nium
323 1955 489 2017 sententia.
510 1957 713 2016 communius
734 1955 948 2017 existimatum
967 1961 1025 2030 est,
1048 1962 1237 2036 atempore

207 2053 401 2114 ·Gcncordati
411 2053 451 2113 ad
466 2072 567 2114 annos
576 2054 719 2133 proxime
730 2055 865 2133 elapsos,
878 2053 1112 2136 delegationem
1123 2055 1236 2116 datam

213 2149 320 2224 fuisse,
337 2169 400 2211 non
420 2151 522 2212 solum
544 2152 666 2230 primis,
680 2151 735 2212 sed
751 2153 847 2212 etiam
867 2151 982 2212 futuris
996 2152 1237 2214 successoribus

212 2247 459 2328 Episcoporum3
476 2250 562 2328 quod
570 2250 769 2311 deduxerunt
783 2267 928 2310 exsensu
938 2250 1033 2312 obvio
1046 2238 1235 2322 verborum,

210 2364 251 2406 ex
269 2346 530 2426 interpretatione
549 2346 624 2407 data
639 2347 680 2407 ab
694 2345 784 2407 initio
800 2353 832 2407 ct
850 2363 909 2426 per
921 2347 1089 2409 decursum
1103 2353 1235 2427 tempo-

212 2461 295 2520 rum,
311 2449 397 2504 etex
413 2443 475 2503 fine
492 2461 587 2521 quem
601 2443 693 2504 Gard.
710 2445 848 2521 uagatus
859 2442 1055 2515 intendebat.

255 2595 256 2599 ,
275 2541 306 2600 1ο
325 2541 430 2603 Verba
444 2539 564 2601 decreti
587 2539 716 2602 :relecto
735 2559 836 2602 eorum
850 2539 1065 2604 comessoribus
1083 2541 1238 2622 facultate

173 2649 175 2654 ·
212 2645 394 2697 statutorum
413 2635 678 2713 immutandorum,
695 2638 722 2698 si
744 2655 837 2699 sensu
857 2639 951 2700 obvio
971 2644 1151 2714 sumantur,
1170 2657 1235 2700 non

212 2735 309 2796 aliam
317 2734 447 2808 hahent,
458 2736 736 2813 significationem
745 2736 839 2813 juxta
847 2737 931 2797 enim
942 2741 1130 2798 consuetum
1139 2755 1236 2798 usum
1288 2749 1289 2815 t

213 2832 378 2912 loquendi,
395 2834 572 2912 omnesqui
587 2835 760 2896 successive
775 2836 883 2896 sedem
899 2835 1047 2914 Episcopi
1062 2835 1171 2915 primo
1184 2837 1235 2896 in·

214 2930 315 2992 stituti
325 2938 493 3010 occupant,
506 2950 598 3011 aequo
607 2931 679 3011 jure
689 2940 916 3012 nuncupantur
925 2932 1011 2994 illius
1022 2950 1233 3006 successoren,

212 3029 286 3090 Haec
310 3046 347 3090 eo
370 3029 471 3107 magis
492 3034 606 3107 urgent
625 3030 711 3107 quod
733 3029 766 3090 in
788 3030 922 3092 decretis
945 3031 977 3092 S.
1003 3030 1093 3092 Sedis
1118 3031 1235 3092 eodem

210 3131 366 3206 tempore,
389 3127 427 3187 de
450 3127 519 3187 aliis
538 3126 673 3204 negotiis
693 3127 794 3200 editis,
817 3127 922 3204 agitur
941 3128 981 3188 de
998 3128 1235 3188 successoribus
1287 3123 1288 3160 3

209 3225 310 3305 primo
334 3223 461 3304 futuris,
483 3225 560 3284 dum
585 3223 619 3284 in
640 3224 763 3300 litteris,
787 3225 826 3284 de
851 3225 968 3303 quibus
993 3243 1089 3299 nunc,
1116 3225 1235 3286 dicitur

212 3313 396 3402 simpliciter
410 3341 512 3383 eorum
524 3321 749 3396 successoribus,
767 3327 854 3384 etc...

272 3423 304 3480 2⁰
327 3421 362 3482 ld
385 3437 572 3499 persuasum
596 3419 737 3480 habuere
759 3419 800 3479 ab
820 3419 911 3480 initio
932 3424 964 3480 ct
985 3437 1044 3498 per
1062 3419 1233 3481 decursum
1286 3493 1287 3496 Ἴ

211 3521 393 3595 temporum
413 3516 575 3600 Antistites
598 3516 782 3578 Galliarum.
802 3515 865 3578 Alii
886 3517 919 3576 in
940 3517 1084 3596 ipsismet
1105 3517 1233 3577 statutis

212 3613 316 3693 prima
330 3613 453 3694 origine
468 3613 550 3674 datis
564 3619 807 3676 reservaverunt
821 3614 885 3676 suis
899 3613 932 3674 in
948 3614 1090 3675 futurum
1104 3633 1232 3676 succes·

211 3711 337 3772 sonibus
352 3710 404 3790 jus
418 3711 475 3772 illa
493 3711 695 3785 immutandi,
714 3711 849 3790 ipsomet
861 3711 1020 3773 Gurdinali
1034 3714 1154 3791 Legata
1167 3729 1232 3774 nen
