2604 4274
107 248 165 296 lul.
179 247 209 296 ll.
229 247 285 296 JUS
306 247 502 297 lds'llcuutlul
523 248 621 298 lll'l'llll
641 248 741 302 clvuu
762 249 881 298 osulull.
956 242 1006 300 401

66 365 185 428 solvunt‘l
196 363 280 426 Alias
291 364 375 427 enim
388 365 631 428 consuetudines
643 365 784 428 Ecclesia
798 369 942 432 Romana
955 367 1011 429 ha·

66 467 110 537 ret,
125 463 193 524 alias
205 463 303 525 habet
316 463 457 526 Ecclesia
473 463 717 526 Mediolanensis
741 481 749 525 :
767 464 837 526 aliis
859 483 1009 528 caeremo·

66 561 106 622 riis
127 565 248 622 utuntur
269 561 429 637 monachi,
458 560 527 622 aliis
559 561 676 634 clerici,
708 567 844 641 suntque
877 562 1009 626 diversae

66 657 226 719 tiversarum
249 658 461 720 Ecclesiarum
487 659 520 718 in
542 659 711 720 recitandis
747 659 860 720 officiis
880 659 1008 722 institu-

66 756 148 817 iones.
186 757 288 822 Unam
321 756 450 836 quidem
487 756 661 818 Ecclesiam
689 755 902 818 universalem
938 776 1011 819 con·

67 858 179 926 temur;
201 859 233 914 at
254 853 362 914 -unius
394 853 535 933 corporis
578 853 672 932 plura
704 854 848 914 mamhra
885 853 1010 916 diverse

66 949 126 1010 hire
142 950 244 1012 munia
258 950 291 1010 in
306 969 406 1012 unum
425 950 522 1011 linem
541 950 707 1012 tendentia
721 951 792 1030 quis
806 951 929 1012 nescit‘l
944 954 1008 1012 Aut

66 1048 108 1108 uis
133 1048 206 1109 adeo
232 1047 365 1126 stupidae
395 1048 509 1110 mentis
534 1053 592 1119 est,
623 1066 719 1127 quern
748 1067 812 1110 non
842 1048 1008 1110 diversitas

66 1144 188 1206 blectcti
201 1145 330 1206 Accedit
345 1146 387 1205 ad
401 1145 667 1207 delectamentum
681 1163 775 1206 omne
788 1145 892 1206 ferens
907 1164 1010 1224 punc·

66 1260 106 1302 rm
126 1242 252 1304 utilitas.
280 1245 370 1318 Nam,
387 1247 422 1303 ut
437 1242 580 1322 gentium
601 1261 637 1304 ac
657 1243 823 1304 nationum
838 1261 945 1304 mores
960 1242 1010 1302 di·

66 1339 118 1400 rrsi
133 1344 212 1414 sunt,
234 1339 281 1400 ita
302 1340 342 1400 ad
365 1345 454 1400 actus
476 1339 638 1418 religionis
657 1339 842 1418 cultumque
870 1339 1011 1401 divinum

66 1437 164 1498 iversis
184 1442 316 1498 utuntur
334 1438 495 1513 institutis,
521 1457 603 1516 qua,
630 1438 718 1498 salva
741 1438 817 1499 fidei
831 1437 1012 1502 christianoe

66 1535 226 1612 rtegritatc,
243 1536 297 1596 vix
311 1541 439 1614 possent
451 1535 491 1596 ab
506 1536 552 1597 eis
563 1535 613 1596 vel
626 1535 741 1612 omitti,
759 1535 809 1596 vel
826 1535 944 1596 auferri
958 1543 980 1596 ¹.
992 1557 1007 1594 c

74 1631 172 1692 Variis
182 1633 305 1709 Ilicibus
317 1632 428 1694 dictita
436 1633 621 1714 psalmodia.
639 1652 708 1713 cap.
725 1636 839 1710 xv1·1r‚§
856 1631 951 1714 ΜΟ.)

66 1731 178 1810 lhiquc
189 1731 222 1791 in
237 1731 360 1809 scriptis
374 1731 640 1792 veterumsimilia
649 1722 754 1811 isperi
763 1751 836 1806 uus,
852 1736 883 1792 et
896 1730 1013 1810 abipsa

66 1833 115 1889 cta
132 1829 212 1890 Scdc
233 1829 420 1908 probantur,
440 1830 525 1889 unde
548 1829 717 1909 Gregorius
735 1830 775 1890 lx
801 1829 915 1889 Graccis
932 1828 1015 1890 dica·
1114 1896 1118 1904 ,

68 1930 101 1986 t:
118 1950 133 1982 α
143 1925 207 1987 Scit
217 1926 516 2002 Romanaltcolesin,
531 1927 605 2006 quia
617 1925 697 1986 nihil
709 1927 827 1987 obsunt
841 1925 936 1986 saluti
949 1942 1015 1986 cre·

66 2024 168 2084 ntium
187 2023 319 2086 dirersae
328 2043 386 2104 pro
406 2025 549 2086 locorum
569 2029 600 2085 et
609 2029 789 2104 temporum
802 2024 925 2086 ratione
941 2042 1014 2085 con·

66 2122 222 2197 etudines‚
239 2122 367 2201 quando
389 2141 453 2183 una
474 2123 563 2196 fides,
578 2122 853 2200 perdilectionem
874 2139 1010 2201 operans

65 2238 110 2279 na
123 2239 195 2299 quae
210 2225 327 2300 potest,
347 2220 403 2280 uni
417 2223 481 2282 Deo
497 2219 702 2282 commendat
716 2237 837 2280 omnes.
853 2243 869 2276 »

66 2317 162 2394 gitur,
179 2318 206 2378 si
218 2317 259 2378 ad
269 2318 371 2379 solum
384 2318 436 2397 jus
452 2317 593 2379 divinum
605 2317 843 2390 attenderimus,
863 2315 942 2376 nihil
960 2315 1014 2377 ob·

66 2419 98 2486 rt,
112 2415 289 2494 quominus
298 2415 445 2495 Episcopi
457 2415 611 2489 valerent,
620 2413 897 2476 selvaohedientia
906 2413 1014 2474 dcccc·

66 2517 173 2574 anctae
190 2513 280 2580 Sedis
292 2513 486 2592 praestanda,
501 2512 647 2573 ordinare
664 2531 723 2592 pro
745 2511 809 2572 suis
823 2511 1013 2576 dioecesibus

85 2628 190 2672 sacrae
216 2608 365 2689 liturgiae,
389 2609 422 2670 in
444 2610 482 2670 iis
504 2627 575 2688 quae
591 2608 664 2688 jure
681 2609 843 2670 communi
857 2627 915 2670 nec
931 2625 1016 2688 proe-
1095 2679 1096 2682 Ἴ

66 2713 109 2768 »ta
129 2725 191 2769 nec
212 2707 310 2768 vetita
329 2713 413 2768 sunt.
435 2707 645 2768 Nihilominus
662 2712 771 2768 tamen
786 2701 950 2782 fatendum
967 2710 1015 2767 cst

66 2823 87 2865 c
101 2805 286 2884 periculum
301 2806 360 2866 sub
377 2804 473 2882 hujus
479 2805 560 2884 juris
578 2805 715 2884 liturgici
729 2803 891 2879 exercitio,
908 2804 1014 2865 sinon

66 2902 205 2980 ingatur
228 2919 236 2964 :
270 2902 390 2964 «Alias
410 2903 512 2964 solent
534 2903 682 2963 humanm
703 2920 753 2962 res
781 2901 941 2963 erroribus
963 2902 1019 2962 ob·

66 3000 127 3062 xiae
139 2999 313 3078 depravari
327 2999 516 3079 plerumque
529 3006 560 3061 et
573 3000 607 3060 in
617 2999 756 3060 deterius
771 2999 848 3075 labi,
861 2999 905 3059 ait
919 2999 1012 3061 Card.

66 3117 123 3172 na;
138 3103 233 3158 tanta
245 3097 399 3177 paulatim
412 3097 541 3158 licentia
553 3097 630 3158 olim
644 3097 827 3175 irrepserat,
846 3101 881 3156 ut
896 3093 1014 3174 singuli

65 3195 192 3274 iscopi,
212 3195 314 3256 inscio
334 3197 477 3256 Romano
500 3194 665 3269 Pontificc,
690 3193 832 3271 privatos
854 3193 933 3254 ritus
954 3192 1013 3253 sihi

66 3298 235 3366 umerent,
248 3311 311 3354 non
325 3292 391 3353 sine
407 3310 524 3370 magna
539 3291 634 3354 divini
648 3291 753 3354 cultus
762 3289 1013 3370 perturbatione.

66 3409 105 3451 nc
118 3389 260 3450 nimiam
276 3390 388 3451 orandi
397 3389 584 3450 varietatem
599 3387 782 3466 gravissime
797 3387 901 3447 ferens
916 3387 1015 3448 Sanc·

67 3549 111 3599 Cf.
130 3549 233 3598 lterum
244 3549 424 3614 liturqicurum
443 3547 489 3598 lib.
502 3547 523 3608 l,
534 3561 593 3610 cap.
608 3560 634 3597 rr
645 3549 672 3597 et
686 3560 731 3597 ru.
747 3573 778 3583 -
792 3545 923 3607 Azevedo,
935 3545 1018 3594 Eser·

66 3640 126 3675 mes
140 3625 285 3690 liturgica,
302 3620 404 3689 cepsx.
417 3651 448 3661 -
461 3623 553 3674 Editor
568 3621 708 3686 theologia
723 3621 832 3673 moralis
848 3621 878 3672 P.
892 3621 1016 3682 Antoine,

66 3702 129 3751 'cris
142 3699 262 3762 nitidus,
274 3715 332 3764 cup.
345 3714 389 3751 vu.
