2582 4278
141 289 208 338 ΔΜ.
231 291 262 342 V.
281 291 356 340 tuus
375 291 585 344 enutritione!
606 294 643 342 Bi·
661 292 882 342 cenomannum
987 285 1043 342 liii

42 430 54 464 u
70 404 257 486 illommque
269 426 424 487 persono,
444 409 539 470 nullis
553 409 817 490 exemptionibus.
834 408 1038 472 consuetudi·

42 527 54 560 u
71 503 166 578 nibus,
192 506 368 580 sententiis,
389 506 590 593 juramentis,
613 508 799 582 concordiis,
827 524 898 587 quae
914 510 1038 569 tantum

43 620 135 663 tsuos
149 608 296 666 auctores
312 603 466 683 obligent,
488 623 553 667 non
572 607 668 667 ctiam
687 623 892 679 successores,
908 604 991 666 tueri
1004 622 1042 666 se

40 698 192 779 «possint,
218 701 387 780 quominus
405 702 502 764 asnis
521 703 697 783 Episeopis‚
720 721 779 783 per
799 703 918 783 seipsos
938 702 1034 776 solos,

40 821 53 855 a
69 796 172 860 velillis
187 799 307 876 quihus
318 799 381 862 sibi
402 800 561 864 uidebitur
574 800 744 880 adjunctis,
758 800 852 879 juxte
867 799 1036 862 canonicas

41 914 53 954 c
68 894 251 970 sanctiones,
267 897 358 959 toties
371 899 495 978 quoties
509 917 592 978 opus
607 899 714 976 fuerit,
729 897 860 971 visitari,
877 897 993 976 corrigi
1005 901 1037 958 et

39 993 232 1066 «emendari,
255 995 351 1056 etiam
370 996 557 1058 auctoritate
580 995 768 1076 apostolica,
789 995 911 1074 possint
931 1000 963 1057 et
983 1012 1042 1056 ra·

39 1113 52 1146 u
67 1089 154 1153 leant.
177 1115 194 1146 2»
218 1091 373 1172 (Sessar,
397 1112 468 1175 cap.
487 1093 541 1174 rr.)
563 1095 598 1155 In
620 1094 684 1155 alio
706 1093 844 1168 decreto,
865 1110 979 1171 nempe
1000 1091 1035 1152 in

40 1207 94 1268 cap.
112 1206 153 1263 vr,
177 1207 256 1251 sess
278 1209 350 1264 xxv,
372 1191 459 1254 idem
480 1192 648 1254 eonsilium
671 1191 814 1254 declarat
833 1190 1035 1270 Episcopum,
1114 1267 1117 1278 ,

41 1287 148 1367 ejusque
161 1287 237 1349 loco
249 1288 403 1350 vicarium
415 1289 455 1353 ab
469 1308 507 1352 co
516 1291 716 1375 deputatum,
733 1307 824 1368 posse
836 1288 933 1350 etiam
948 1291 1038 1348 extra

41 1383 231 1447 visitationem
247 1387 418 1464 procedere
433 1379 473 1450 ex
486 1387 603 1464 officio,
617 1387 723 1449 valed
737 1385 924 1467 petitionem
939 1384 1038 1446 alicu·

38 1480 85 1562 jus,
99 1480 256 1560 adjunctis
274 1483 398 1546 duobus
412 1484 454 1548 de
470 1484 622 1566 capitulo,
637 1490 669 1546 et
682 1485 817 1546 formam
835 1482 869 1544 in
884 1499 1036 1563 processu

42 1579 204 1642 servandam
226 1580 391 1658 describit,¹
410 1584 580 1645 statuendo
600 1582 807 1646 nihilominus
830 1581 888 1642 has
909 1578 1036 1642 restric-

42 1675 120 1737 tiones
147 1677 257 1740 locum
287 1679 499 1742 connubere
523 1680 597 1742 «in
623 1680 662 1742 iis
689 1679 836 1742 Ecclesiis
863 1676 1039 1757 inquibus

44 1773 217 1855 «Episcopi,
242 1781 299 1838 aut
322 1796 432 1839 eorum
455 1777 582 1857 Vicarii,
602 1787 647 1840 cx
668 1776 955 1849 constitutionibus,
979 1778 1034 1840 aut

47 1873 361 1950 uecmuetudinibus,
383 1894 439 1938 scu
464 1893 666 1956 quocumque
690 1874 752 1937 alio
773 1875 856 1956 jure,
881 1872 1039 1951 majorem

48 1968 176 2032 rhabent
204 1978 412 2051 potestatem,
444 1973 667 2036 auctoritatem
694 1991 732 2035 ac
761 1971 1034 2052 jurisdictionem,

48 2085 58 2124 r
73 2085 155 2146 quam
164 2071 317 2147 praesenti
327 2071 454 2134 decreto
463 2072 505 2133 sit
512 2071 789 2151 comprehensum,
802 2068 916 2149 quibus
926 2070 1040 2130 sancto

48 2181 59 2220 t
73 2166 198 2244 synodus
211 2167 370 2245 derogare
381 2187 445 2231 non
460 2168 615 2231 intendit·
627 2191 643 2226 »

87 2263 186 2326 Potest
216 2265 350 2346 proinde
374 2266 559 2347 Episcopus,
583 2282 648 2328 noa
674 2264 778 2328 solum
799 2264 922 2326 edicere
943 2281 1037 2324 man·

45 2356 109 2435 data,
139 2361 193 2424 sed
228 2362 358 2426 uisitare
378 2364 553 2444 capitulum
584 2370 616 2426 et
648 2363 824 2443 singulares
851 2359 1036 2436 canonicos,

45 2461 77 2529 ut,
90 2465 240 2536 quantum
261 2479 341 2542 opus
356 2463 465 2537 fuerit,
480 2463 627 2524 emendet
645 2467 741 2541 atque
761 2459 899 2540 corrigat
917 2458 1035 2520 ebusus

45 2551 104 2616 torte
116 2556 325 2634 introductos,
340 2559 651 2622 rationes-bonorum
661 2557 888 2638 temporalium
903 2553 1038 2636 capituli

44 2654 188 2730 examinet,
216 2657 416 2737 disciplinam
439 2657 530 2720 chori
549 2657 719 2718 instaurari
739 2654 915 2736 provideat.
941 2653 1034 2716 Valet

45 2756 185 2828 preterea,
202 2760 328 2816 servata
341 2756 457 2830 forma,
474 2755 644 2835 procedere
654 2753 874 2816 incanonicos
889 2752 1040 2814 absentes·

45 2847 157 2924 achone,
175 2851 227 2912 vel
244 2853 461 2916 aliteroontra
476 2871 614 2915 canones
630 2850 860 2932 delinquentes,
877 2847 1037 2930 usquead

46 2945 232 3022 privationem
242 2950 336 3012 tituli.
451 2975 453 2983 ,

173 3155 348 3219 mrrcuuos
363 3173 396 3218 v.
411 3189 449 3203 -
464 3157 509 3216 Da
528 3157 655 3233 luamus
676 3169 885 3217 currrunonurr

386 3271 425 3316 rr
437 3237 676 3320 ‘canomcoamn

94 3441 125 3504 ln
142 3442 245 3521 prima
261 3448 352 3524 parte
370 3441 601 3506 Rrelectiooum
614 3442 829 3505 canonicorum
848 3439 983 3500 diximus
998 3438 1041 3501 dc

50 3529 102 3610 jure
120 3527 262 3621 capitulis
283 3541 517 3604 cathedralibus
538 3541 658 3604 tributo
682 3538 870 3620 providendi
890 3533 1039 3616 regimini

52 3629 177 3711 diocesis,
195 3639 270 3700 sede
288 3641 461 3720 episcopali
474 3646 619 3717 vacante,
638 3645 671 3700 et
689 3636 864 3718 deputandi
879 3634 919 3697 ad
934 3633 1041 3696 conei-

51 3723 108 3794 lium
120 3737 328 3819 provinciae(t.
340 3741 364 3816 1,
376 3758 407 3819 p.
416 3740 476 3802 349
486 3758 493 3815 ;
505 3738 588 3820 395).
599 3739 750 3819 Superest
758 3740 792 3797 ut
803 3733 1040 3816 perpendamus
