2588 4276
209 218 285 267 Ans.
305 217 327 268 1.
349 217 437 266 oslac
457 215 595 266 cunutus
614 217 852 267 usblolososusr.
985 211 1034 268 201

28 341 175 406 finetenus
192 351 249 396 sn.
271 335 359 397 lass.
374 335 455 396 Sunt
469 333 539 396 alioe
554 335 672 414 plures,
687 327 856 414 exquibus
870 333 1039 398 citabimus
1055 385 1056 390 ,

28 431 307 514 congregationem
321 431 508 494 clericorum
529 431 630 493 sancti
649 433 752 505 Pauli,
771 433 865 513 vulgo
886 433 1039 496 Bomcbr'·

30 547 128 608 torum,
145 530 205 612 qui
215 530 267 592 sic
279 529 355 591 dicti
365 535 437 590 sunt
449 530 489 590 ab
499 529 638 592 Ecclesia
648 530 679 591 S.
692 531 846 592 Rarnubae
856 531 1037 606 Mediolani,

29 627 452 698 etsocietatem-Jesuitaram
464 645 484 688 a
495 633 606 690 sancto
621 628 744 706 Ignatio
756 629 794 689 de
812 630 948 708 Loyola3
967 645 1037 709 quac

30 729 159 810 singulae,
172 726 256 788 licet
266 725 392 788 statutis
404 725 551 806 propriis,
564 726 733 806 provident
742 745 870 788 suorum
883 727 1039 790 membro·
1143 779 1147 787 .

25 847 85 891 rum
108 823 362 887 sanctificationi
389 823 609 903 spiritualibus
632 822 805 900 exercitiis,
836 824 1038 888 obseruantia

29 922 214 1009 paupertatis
230 927 266 982 et
280 919 469 982 obedientia
479 940 487 995 ;
499 919 825 982 etsimulinserviunt
839 922 925 982 bono
934 921 1038 984 Eccle-

30 1025 84 1099 sia,
101 1019 337 1102 praedicatione
354 1018 446 1081 verbi
463 1018 574 1096 divini,
590 1025 861 1081 sacramentorum
877 1019 1038 1099 dispansa·

32 1124 112 1194 tione,
128 1125 161 1180 et
172 1117 335 1180 clericalis
350 1117 525 1197 disciplinae
535 1118 612 1180 zelo.

76 1219 108 1279 ld
128 1215 305 1297 proprium
320 1214 525 1278 estsocietati
537 1215 742 1288 lesuitarum,
756 1221 801 1291 ut,
818 1221 934 1295 preater
949 1216 1035 1278 novi·

34 1319 91 1392 ties,
106 1313 271 1394 triplicem
287 1313 420 1374 classem
434 1312 654 1390 religiosorum
674 1313 803 1388 lrabeat,
820 1314 963 1376 scilicet:
985 1333 1039 1396 ap·

34 1415 242 1496 probatorum,
269 1412 478 1472 formatorum
502 1416 534 1472 et
554 1412 779 1490 professorum.
802 1409 976 1494 Apprcbatc'
993 1412 1038 1474 di·

38 1517 133 1575 cuntur
147 1510 217 1589 qui,
234 1509 363 1588 expleto
379 1508 507 1570 biennio
522 1509 705 1584 novitiatus,
722 1509 871 1570 emittunt
888 1510 949 1572 tria
963 1515 1039 1572 vota

38 1609 176 1688 simplicia
197 1607 367 1682 castitatis,
383 1607 580 1686 paupertatis
598 1613 630 1668 et
649 1607 848 1670 obedientia.
871 1609 944 1670 llaec
963 1613 1038 1670 vcta

39 1707 152 1770 lesuitas
176 1705 379 1768 constituunt
398 1706 432 1765 in
453 1709 537 1766 statu
556 1705 716 1784 religioso,
740 1723 856 1784 eosque
879 1705 1037 1768 inhabiles

39 1806 154 1867 reddunt
169 1805 213 1865 ad
224 1803 479 1866 contrahendam
489 1803 737 1866 matrimonium.
750 1804 890 1866 Adhanc
901 1805 1037 1884 primam

41 1904 152 1965 classem
172 1903 350 1982 pertinent,
374 1919 466 1980 oequo
483 1901 567 1981 jure,
588 1901 768 1964 scholastici
787 1907 819 1963 et
835 1903 1037 1983 coadjutores

39 2001 222 2080 temporales.
238 1999 612 2079 For-nscttnuncupsntur
624 1999 679 2079 qui
690 2005 763 2080 post
774 2000 902 2062 tertium
917 2017 1037 2061 annum

40 2099 202 2171 novitiatus,
211 2097 494 2177 ·qui·eommuniter
503 2097 539 2158 lit
549 2101 620 2160 octo
633 2097 680 2160 vel
695 2098 805 2160 decem
819 2098 934 2176 elapsis
946 2097 1037 2182 annis

40 2196 156 2276 aprima
171 2200 323 2257 votorum
339 2194 596 2270 emissione,non
608 2194 794 2276 judicantur
807 2193 914 2256 idonei
929 2193 969 2256 sd
988 2193 1036 2256 al·

42 2294 134 2356 liorem
155 2294 293 2372 madum
316 2293 558 2372 assequendum,
580 2297 728 2356 votorum
750 2292 939 2354 solemnium
960 2310 1036 2372 pro·

40 2390 172 2466 lessione3
202 2389 414 2470 quamobrem
438 2389 555 2451 iterant
576 2390 683 2470 priora
705 2395 792 2468 vota,
818 2395 850 2451 ct
874 2389 1036 2452 definitive

42 2488 117 2548 statui
129 2488 280 2568 religioso
290 2487 533 2562 incorporantur
541 2487 575 2548 in
588 2505 625 2550 eo
638 2487 750 2566 gradu.
766 2488 927 2549 Vocantur
939 2486 1036 2550 etiam

42 2585 233 2664 mediatores,
257 2603 312 2647 seo
332 2585 512 2664 spirituales
534 2603 588 2646 seu
610 2585 814 2666 temporales,
833 2591 930 2666 prout
949 2592 1034 2664 sunt,

42 2681 78 2742 rel
95 2701 166 2755 non,
187 2673 470 2745 sscnskordinibns
490 2682 617 2760 initiati,
637 2688 669 2744 et
690 2683 854 2760 religiosos
877 2683 1036 2763 professos

42 2778 145 2856 jurant,
161 2780 259 2841 aliiin
272 2779 510 2860 temporalibus,
523 2779 624 2842 alii-io
637 2779 868 2860 spiritualibus.
884 2780 1035 2860 Religicsi

10 2871 11 2880 ’
44 2875 150 2937 immoti
166 2878 335 2957 incapaces
354 2877 436 2938 fiunt
455 2876 605 2952 dominii;
628 2882 660 2938 et
679 2884 812 2956 possunt
834 2896 853 2940 a
874 2879 1036 2958 superiore

43 2975 160 3049 generali
174 2977 215 3038 ab
231 2975 342 3038 ordine
360 2974 488 3050 dimitti,
505 2973 666 3036 difficilius
685 2979 793 3046 tamen
809 2979 845 3036 et
862 2977 904 3036 ob
924 2993 1035 3037 causas

10 3146 11 3150 Ἰ
47 3072 183 3148 graviores
192 3093 291 3155 quam
300 3072 483 3153 simpliciter
492 3072 671 3152 approbati.
684 3073 834 3152 Proferri,
846 3074 901 3152 qui
911 3079 1034 3154 partem

43 3167 275 3250 principaliorem
294 3169 453 3244 socictatis
473 3170 680 3247 constituunt,
697 3171 871 3233 emiserunt
888 3178 962 3232 rota
981 3189 1032 3232 sc·

48 3261 143 3330 lemnio
157 3275 187 3331 et
200 3267 413 3331 indissolubill
428 3266 554 3330 viuculo
569 3267 732 3346 religionis
747 3287 804 3330 suo
819 3268 922 3330 ordini
936 3285 1032 3348 coop-

10 3427 11 3432 .
47 3364 139 3428 tantur.
154 3368 201 3429 Ad
214 3368 301 3428 hunc
319 3365 454 3446 gradum
470 3365 530 3426 soli
545 3365 652 3427 clerici
666 3366 888 3442 admittuntur,
906 3365 1034 3428 seclusis

11 3498 13 3550 5
49 3461 258 3542 coadjutoribus
290 3463 528 3544 temporalibus.
564 3464 651 3526 luter
683 3465 842 3543 professos
874 3463 1034 3541 eliguntur

50 3559 167 3636 superior
187 3563 342 3643 'generalis
361 3561 628 3642 congregationis,
651 3567 683 3625 et
705 3563 760 3644 qui
779 3561 884 3626 officia
903 3561 1033 3643 maj0ris

51 3661 174 3726 momenti
187 3666 361 3726 exerceant.

12 3770 15 3845 l

14 3852 16 3883 l

14 3888 15 3912 l
