2642 4268
255 233 321 280 aar.
342 234 361 280 1.
382 233 528 282 oootnslu
549 231 585 282 nt
606 232 734 283 olentia
752 231 890 283 rnlvars.
1017 228 1076 284 459

118 349 299 411 Conventus
314 349 428 411 civium
442 349 497 410 ubi
510 355 745 429 pertractantur
758 352 885 429 negotia
895 351 1030 430 protana
1042 359 1074 414 et

19 445 201 523 politica,
219 448 260 508 ab
274 445 385 508 iisdem
400 448 477 510 locis
491 446 617 528 penitus
635 449 860 525 excluduntur;
879 455 1082 530 quapropter

20 543 195 606 Parocbi
212 545 365 624 impedire
384 545 511 621 debent,
531 565 561 606 v.
582 565 627 625 g.,
648 547 819 611 electiones
838 549 1009 626 populares
1028 546 1077 608 ibi

24 639 138 704 fieri.
154 642 188 705 Si
199 660 311 720 urgere
323 644 467 704 videatur
478 644 587 723 aliqua
598 645 631 706 in
644 645 836 706 eontrarium
850 643 954 725 gravis
967 663 1073 707 neces·

29 738 147 812 sitas,
163 741 390 801 recurrendum
405 741 465 802 erit
479 743 521 802 ad
535 741 740 822 Episcopum.

116 838 296 912 Nundinas,
322 838 552 917 negotiationes
575 839 737 920 publicas,
763 845 935 917 mercatus,
963 840 1074 902 illicite

34 934 172 996 haberi
189 936 224 996 in
242 936 388 998 Ecclesiis
406 955 515 1009 omnes
534 938 692 1011 fatentur;
714 938 770 998 sed
789 939 977 1019 plerumque
993 939 1073 1000 tole·

38 1031 195 1094 randum
215 1039 381 1095 autumant
404 1034 431 1095 si
454 1041 645 1096 mercatores
663 1036 803 1096 vendant
826 1053 925 1115 prope
944 1035 1073 1114 januas,

41 1131 116 1192 sub
140 1131 230 1192 atriis
255 1132 379 1210 templi,
402 1133 522 1212 absque
541 1133 712 1196 verborum
736 1133 870 1212 strepitu
893 1138 926 1195 et
944 1139 1073 1194 conten·
1162 1129 1168 1140 “

43 1229 145 1290 tione
172 1230 276 1309 pretii,
300 1230 409 1306 libros,
436 1247 570 1292 coronas
604 1231 848 1311 deprecatorias,
870 1231 1073 1304 numismata,

45 1327 129 1407 pias
141 1321 307 1407 imagines,
321 1327 479 1401 candelas,
494 1328 617 1409 aliaque
629 1329 739 1409 pietati
753 1327 894 1390 fidelium
908 1327 1091 1390 inservien·'

46 1424 114 1502 tia,
132 1425 210 1504 quia
223 1425 257 1485 id
270 1425 368 1486 babet
381 1426 568 1488 universalis
581 1428 647 1488 fere
661 1427 804 1488 locorum
819 1427 1026 1497 consuetudo,
1044 1430 1091 1486 et·

51 1523 191 1585 aliunde
205 1529 310 1584 ‘cessat
328 1525 409 1584 ratio
428 1524 662 1604 prohibitionis,
679 1530 813 1604 quaeest
830 1543 869 1586 ne
884 1524 1077 1604 perturben-

54 1626 112 1682 tur
156 1620 265 1681 divina
303 1621 417 1682 officie.
463 1615 637 1684 Concilium
679 1622 850 1702 provinciae
891 1617 1080 1684 Parisiensis-

57 1718 126 1800 (an.
150 1718 243 1799 1848)
263 1741 279 1775 α
298 1719 463 1798 probibuit
482 1737 521 1784 ne
539 1720 625 1782 intra
639 1721 795 1799 templum
809 1721 914 1805 ipsum
933 1720 1076 1780 vendan-

59 1841 74 1873 α
98 1823 153 1878 tur
167 1817 333 1895 imagines,
351 1815 433 1892 libri,
450 1835 576 1879 coronae
593 1817 829 1898 deprecatoria,
842 1813 879 1880 'et
893 1818 957 1879 alia
970 1816 1084 1896 hujus--

61 1941 84 1971 u
98 1915 189 1976 modi
204 1937 233 1975 ».
245 1916 321 1996 (Tit.
338 1933 371 1994 11,
384 1935 454 1995 cap.
472 1907 859 1996 1v.)nerucis1theatrrcis
874 1917 953 1978 nibil
968 1916 1075 1977 dicen-

57 2015 153 2087 dum;
185 2013 324 2075 alienum
360 2020 407 2075 est
430 2026 452 2075 a
479 2015 621 2076 moribus
648 2016 764 2076 nostris
792 2021 827 2076 ut
862 2013 894 2076 in
927 2013 1075 2077 Ecclesiis

58 2117 210 2190 agantur.
266 2132 269 2143 ⁴
696 2101 699 2108 ’

81 2233 84 2240 ·
118 2211 240 2269 Praeter
254 2213 342 2270 actus
357 2208 482 2285 vetitos,
500 2210 541 2270 ob
556 2199 769 2270 reverentiam
781 2209 858 2271 locis
873 2208 970 2270 sacris
985 2209 1074 2270 debi-

58 2312 138 2380 tam,¹
147 2304 520 2385 uitari-insuperdebent
534 2306 698 2368 servitutes
708 2303 822 2368 reales.
839 2309 985 2367 Pastores
999 2305 1078 2366 invi-

59 2402 161 2483 gilare
174 2403 291 2464 debent
303 2421 343 2464 ne
357 2403 559 2484 proprietarii
570 2395 738 2466 domorum
750 2403 926 2466 vicinarum
937 2397 1078 2473 habeant

59 2505 266 2581 prospectum
275 2500 359 2563 intra
371 2501 553 2575 Ecclesiam,
567 2502 618 2563 vel
630 2507 756 2582 portam
769 2502 830 2564 sibi
838 2489 1003 2581 propriam
1014 2519 1078 2579 qua

58 2598 245 2659 immediate
264 2598 390 2660 edoma
404 2599 438 2659 in
459 2597 635 2662 Ecclesiam
652 2601 793 2675 veniant,
815 2605 870 2660 aut
889 2599 950 2662 sibi
971 2598 1076 2658 vindi-

60 2701 134 2757 cent
157 2695 360 2757 medietetcm
390 2715 554 2758 murorum
577 2695 620 2777 (lu
649 2696 873 2778 mitoyeoncte'),
898 2696 985 2776 quod
1008 2689 1078 2776 ipsa

61 2792 114 2853 lex
134 2793 235 2854 civilis
253 2798 285 2854 et
301 2793 553 2873 jurisprudentia
572 2794 781 2856 tribunalium
793 2795 828 2856 ‘in
843 2793 949 2856 Galliis
966 2793 1077 2874 prohi-

61 2890 217 2965 buerunt;
250 2891 396 2952 Ecclesiis
423 2891 508 2952 enim
543 2891 744 2970 applicantur
770 2892 887 2970 regulae
915 2891 1079 2970 generales

62 2987 241 3050 constitutae
263 2989 303 3048 in¹
315 2989 458 3051 favorem
473 2990 615 3050 omnium
638 2990 844 3051 aedificiorum
864 2989 1075 3070 publicorum.

63 3085 206 3164 (Journal
229 3085 279 3148 der
302 3086 468 3167 fobrr‘ques,
490 3091 566 3149 tom.
592 3088 839 3169 11,psgcroo.)

122 3185 161 3245 ll.
173 3185 228 3245 Jus
237 3184 317 3264 asyli
324 3202 362 3245 eo
372 3189 495 3264 spectat
505 3190 541 3245 ut
552 3183 711 3246 debitores
724 3190 756 3246 et
765 3186 811 3246 rei
827 3186 994 3246 criminum
1007 3203 1085 3245 con·-

62 3281 220 3360 fugientee
242 3281 283 3342 ad
301 3281 466 3355 Ecclesiae,
484 3283 535 3343 vel
555 3282 596 3342 ad
617 3281 688 3344 loca
707 3298 797 3344 sacra
811 3283 885 3343 inde
901 3282 1007 3344 divelli
1021 3300 1075 3342 ne-

64 3373 193 3458 queant,
210 3377 271 3438 nisi
285 3379 414 3440 servatis
427 3379 543 3458 regulis
556 3378 627 3457 jure
643 3379 793 3459 praefixis.
809 3382 866 3441 lus
881 3379 962 3458 asyli
973 3384 1078 3440 ortum

64 3481 111 3536 est
125 3495 144 3536 a
159 3493 253 3536 sensu
271 3475 431 3555 religionis
449 3494 512 3556 quo
531 3476 705 3537 incitantur
723 3477 864 3539 infelices
884 3477 1029 3538 homines
1044 3482 1080 3536 ut

65 3591 132 3634 sese
147 3573 303 3652 recipiant
314 3574 347 3634 in
360 3574 418 3634 Dei
432 3573 576 3648 tutelam,
585 3573 732 3636 adeundo
748 3575 818 3636 loca
831 3593 930 3651 sacra,
941 3573 997 3634 ubi
1011 3591 1081 3652 spe-

65 3674 136 3732 rant
151 3669 272 3732 habere
290 3671 482 3750 perfugium.
508 3703 547 3720 -··
571 3673 654 3733 Loca
668 3690 758 3734 sacra
772 3665 919 3734 dicuntur
930 3689 1000 3752 quoe
1015 3670 1083 3732 ritu
