2604 4274
121 277 189 323 ΛΒΤ.
212 275 261 323 ΙΙΙ.
283 274 470 324 exesorum
490 277 527 324 Ab
547 276 798 325 cnnraalrlonsrr
818 275 983 324 FES’I'ORUM.
1023 269 1075 322 377

125 391 390 450 Animadvertunt
412 390 519 469 plures
541 392 682 470 theologi
703 393 905 454 concedenda
926 411 990 454 non
1012 410 1078 454 csse

41 507 159 566 opera
174 489 430 568 minutiora-quae
453 489 555 550 lacere
579 491 681 552 solent
696 491 866 552 mulieres:
885 491 1073 571 scapularia,

39 587 191 659 rosaria,
209 587 359 658 cordulae,
373 586 475 660 liores,
487 586 641 665 imagines
656 607 766 666 cereas,
775 589 912 649 maxime
925 589 1015 649 sidiu
1026 588 1075 649 his

40 684 285 754 immerentem
302 689 375 744 sunt
388 685 472 744 enim
482 684 552 746 haec
564 686 680 746 artium
693 686 949 747 mechanicarum
964 705 1072 765 opera,

42 788 87 841 et
104 802 123 842 a
137 782 340 844 mercenariis
355 783 497 844 exerceri
508 784 611 844 solita.
625 787 687 845 Nec
703 789 833 846 excusat
843 786 997 846 motivum
1005 785 1073 862 pic-

42 881 131 940 tatis
147 881 255 959 quoad
265 879 448 958 hujusmodi
463 900 572 959 opera,
583 900 653 960 quae
666 888 786 944 remote
798 887 921 943 tantum
933 882 974 944 ad
987 900 1076 942 exer-

43 977 169 1037 citium
183 978 309 1038 virtutis
324 977 484 1055 religionis
499 979 676 1057 pertinent;
690 979 767 1039 alias
783 979 905 1040 licitum
920 980 1016 1040 etiam
1030 980 1076 1040 fo-

45 1081 104 1134 ret
127 1075 276 1136 ecclesias
299 1075 467 1151 aedificare,
494 1075 607 1138 calices
634 1077 827 1139 conticere...
853 1076 1008 1158 (Billuart,
1039 1077 1075 1138 de

46 1171 229 1252 Relzpz‘onc,
249 1173 373 1235 dissert.
392 1191 434 1249 vr,
453 1179 512 1234 art.
525 1173 573 1252 11.)

117 1270 261 1330 Moribus
278 1270 455 1331 christianis
468 1271 544 1332 olim
560 1271 692 1332 insitum
707 1277 775 1332 erat
789 1277 823 1333 ut
838 1291 932 1334 nemo
951 1273 1010 1333 sibi
1023 1291 1075 1332 as-

48 1373 199 1427 sumeret
207 1366 368 1428 licentiam
380 1367 547 1429 laborandi
561 1369 678 1429 diebus,
686 1369 815 1442 festivis
833 1369 956 1431 etiamsi
970 1389 1077 1431 neces·

49 1465 135 1524 sitas
150 1483 274 1543 urgere,
292 1470 347 1526 aut
359 1465 460 1543 pietas
475 1467 607 1527 suadere
619 1467 779 1528 videretur
784 1488 793 1544 3
804 1487 842 1528 ne
854 1467 956 1540 multi,
969 1469 1074 1547 priva·

49 1563 95 1622 tis
125 1563 291 1624 affectibus
315 1562 558 1625 domesticarum
586 1583 693 1627 rerum
719 1565 853 1645 decepti,
880 1571 1075 1645 praeceptum

50 1659 146 1721 inani
167 1660 207 1720 de
227 1679 324 1721 eausa
336 1662 651 1738 transgrederentur:
668 1663 823 1741 quinimo,
854 1682 893 1724 ex
914 1665 1075 1726 nonnullis

52 1760 87 1819 S.
121 1745 383 1836 Gdngregationis
405 1759 683 1833 declarationibus,
707 1761 776 1822 haee
800 1761 927 1822 licentia
952 1762 1075 1841 scriptis

53 1857 165 1916 danda
179 1863 248 1917 erat
268 1857 307 1918 ab
322 1858 491 1936 Episcopo,
507 1863 562 1919 aut
576 1859 689 1918 saltem
706 1877 724 1918 a
740 1859 893 1937 parocho.
911 1861 944 1922 Si
959 1860 1075 1921 alicubi

53 1955 163 2014 adhuc
184 1960 327 2016 servetur
347 1961 411 2015 tam
427 1954 597 2017 laudabilis
613 1957 818 2029 consuetude,
839 1957 926 2017 hand
944 1959 1075 2019 dubium

54 2051 136 2130 quin
145 2051 312 2112 retinenda
322 2053 377 2128 sit3
393 2053 419 2113 si
428 2072 491 2114 non
503 2054 662 2130 subsistat,
672 2054 854 2114 enitendum
867 2061 957 2116 estut
967 2055 1075 2118 fideles

54 2155 231 2228 exposcant
242 2151 409 2212 consilium
424 2152 472 2212 sui
484 2152 626 2230 parochi,
645 2157 817 2231 antequam
828 2154 978 2231 operibus
991 2173 1073 2232 prae·

55 2247 166 2307 sertim
189 2248 347 2308 ruralibus
369 2255 492 2324 vacent,
518 2249 579 2310 nisi
602 2249 773 2312 manifesta
796 2256 891 2329 atque
907 2252 1073 2330 repentina

57 2344 229 2405 necessitas
244 2351 366 2424 urgeat.

118 2442 263 2504 Sufficiat
277 2442 457 2522 exposuisse
472 2443 663 2523 principium
687 2445 835 2522 generale
857 2463 864 2506 :
887 2443 1074 2524 applicatio·

57 2558 113 2600 nes
121 2541 277 2636 praticae,
295 2546 326 2601 et
338 2541 510 2603 solutiones
525 2543 694 2603 dubiorum
711 2563 781 2622 quae
800 2544 833 2602 in
856 2542 917 2603 hac
942 2543 1076 2605 materia

57 2638 275 2708 suboriuntur,
297 2638 495 2712 remittimus¹
510 2639 552 2700 ad
565 2645 719 2701 tractatus
731 2640 928 2718 theologicos
942 2639 978 2702 de
991 2640 1077 2701 Prae·

58 2737 152 2816 ceptis
164 2735 321 2815 Decoloqi.

118 2835 189 2894 522.
206 2834 311 2894 -111.
330 2835 450 2896 Praeter
464 2834 658 2896 auditionem
672 2837 786 2906 Missae,
804 2842 835 2896 et
850 2836 1075 2898 abstinentiam

59 2931 99 2990 ab
112 2930 262 3010 operibus
276 2925 391 3004 vetitis,
412 2931 492 2992 nihil
511 2933 598 2992 aliud
620 2939 799 2994 statuerunt
816 2934 917 2995 sancti
939 2952 1076 2996 canones

59 3047 117 3106 pro
132 3027 381 3088 sanctificatione
397 3028 521 3090 dicrum
535 3031 699 3092 festorum.
716 3031 853 3092 Dubium
869 3030 997 3109 quidem
1011 3049 1076 3091 nen

61 3132 106 3186 cst
118 3126 196 3204 quin
209 3126 337 3188 omnino
353 3127 501 3205 expediat
516 3127 735 3189 christifideles
755 3147 868 3189 vacare
883 3129 944 3208 piis
960 3129 1086 3190 exemi·-

60 3219 121 3294 tiis,
135 3223 290 3283 auditioni
306 3223 506 3297 concionum,
517 3223 625 3285 aliisve
638 3225 803 3286 charitatis
820 3225 979 3305 operibus,
993 3231 1029 3285 ut
1041 3225 1077 3284 fi-

62 3337 132 3379 nem
148 3320 189 3378 ab
216 3320 356 3380 Ecclesia
369 3321 528 3382 intentum
555 3321 679 3400 plenius
703 3327 928 3400 assequentem
945 3322 1076 3400 insuper

62 3416 131 3494 ipsa
159 3417 231 3494 lege
256 3418 394 3479 naturali
418 3437 527 3479 ornnes
554 3425 703 3480 tenentur
734 3419 872 3480 ediscere
900 3419 1077 3480 doctrinam

63 3513 279 3586 christianam,
298 3519 329 3574 et
344 3515 485 3575 animum
507 3515 581 3577 vitae
604 3515 783 3577 christianae
799 3515 1078 3578 exercitationibus

63 3611 244 3684 informare,
262 3612 347 3690 quod
355 3612 542 3692 plerumque
553 3631 616 3674 non
627 3614 743 3675 faciant
757 3614 817 3674 nisi
828 3612 1000 3674 Ecclesiam
1011 3613 1077 3674 die·
1138 3663 1140 3670 .

64 3707 120 3768 bus
133 3708 448 3788 festisfrequantent;
466 3709 522 3771 sed
536 3711 648 3772 stando
659 3711 743 3773 intra
757 3711 874 3773 limites
890 3711 985 3773 solius
996 3711 1077 3791 juris
