2582 4278
168 265 227 313 nur
245 267 266 314 Ι.
286 267 409 316 NATURA
429 269 466 315 ΙΙΙ
485 267 676 316 consuluerit)
696 267 916 317 GAPITULORUM.
997 261 1048 316 1¹3

55 380 126 454 mini,
137 380 175 442 de
190 381 322 443 articulo
337 383 663 444 Concordatiralatiuo
676 383 717 444 ad
726 383 926 462 Capitulum:
948 404 962 442 c
972 383 1050 445 Cum

59 501 70 536 ll
86 478 305 558 Episcoporum
326 481 455 543 consilio
475 499 604 560 suaque
623 481 770 542 Ecclesiae
785 481 1051 542 administrationi

55 601 67 632 c
86 576 240 638 consulere
255 596 381 640 neeesse
396 579 444 652 sit,
463 578 541 638 illud
553 596 617 639 non
632 579 795 639 omisimus
809 585 845 639 ut
857 579 952 640 iidem
964 579 1052 658 Epis·

57 699 69 730 l
86 675 151 754 cepi
164 694 264 736 unum
283 676 424 736 habeant
438 677 470 736 in
484 676 625 738 Ecclesia
639 676 814 738 cathedrali
830 677 1016 757 capitulum.
1033 700 1049 732 »

54 775 82 833 ln
95 773 284 835 Goneordato
299 775 384 854 quod
398 775 472 834 Pius
489 776 529 834 lX
544 775 616 835 iniit
630 794 702 836 cum
718 774 872 852 gubernio
885 772 970 836 civili
984 774 1053 836 His·

53 869 202 947 paniarum
224 889 280 932 an.
305 873 393 945 1851,
416 872 532 933 dieitur
557 891 564 934 :
587 896 602 928 «
620 871 822 933 cathedralia
841 873 980 951 capitula
998 873 1054 932 Ar-

56 992 68 1022 «
86 966 354 1049 ehiepiscoporum
365 975 397 1031 et
410 970 636 1049 Episcoperum
660 975 806 1030 senatum
823 970 1052 1050 consiliumque

57 1091 67 1118 l
86 1067 312 1129 constituere.»
332 1067 412 1147 (Art.
429 1068 492 1149 xv.)
948 1145 949 1148 Ἴ

102 1163 278 1243 Capitulum
298 1165 474 1243 collegiata
486 1165 519 1225 in
534 1166 598 1226 alia
611 1165 752 1228 Ecclesia
767 1185 861 1247 quam
878 1165 1055 1227 cathedrali

54 1261 176 1338 erigitur,
189 1281 249 1323 nec
260 1282 318 1327 sua
327 1263 522 1324 institutione
537 1263 713 1324 destinatur
725 1264 766 1325 ad
775 1263 953 1343 juvandum
965 1263 1054 1342 Epis·

56 1377 152 1437 eopum
169 1359 202 1420 in
222 1361 378 1438 regimine
395 1360 550 1422 dioecesis.
566 1361 777 1439 Distinguilur
795 1361 936 1422 Ecclesia
956 1360 1053 1422 colle-

46 1457 125 1534 giata
145 1457 274 1537 insignis
296 1477 316 1518 a
337 1459 506 1536 collegiata
527 1460 698 1520 communi.
718 1459 859 1539 insignes
878 1459 1053 1537 collegiatae

57 1559 237 1632 reputantur,
263 1575 341 1636 quas
359 1557 476 1620 Sancta
497 1557 594 1619 Sedes
613 1558 674 1618 hoe
695 1557 788 1619 titulo
808 1557 973 1618 decoratas
988 1574 1055 1617 esse

57 1650 148 1727 voluit,
163 1659 220 1714 aut
232 1671 307 1734 quae
320 1654 353 1714 in
365 1654 526 1715 communi
540 1654 771 1716 existimatione
783 1654 862 1715 tales
879 1655 1052 1727 habentur3

58 1747 112 1810 hae
129 1751 210 1810 enim
234 1751 372 1831 qualitas
396 1771 435 1813 ex
449 1753 534 1813 facto
547 1753 675 1830 pendet,
690 1753 716 1812 si
728 1751 869 1813 Ecclesia
884 1753 924 1812 sit
938 1751 1056 1812 consti-

59 1849 113 1905 tuta
124 1847 154 1906 in
167 1848 240 1910 loco
257 1849 439 1928 conspicuo,
456 1850 603 1910 simultis
619 1850 798 1929 praebendis
814 1849 941 1923 ditetur,
964 1849 990 1910 si
1013 1848 1058 1908 di·
1162 1867 1164 1871 ·

60 1943 212 2018 gnitatibus
232 1946 277 2007 sit
293 1946 435 2008 illustris.
463 1949 655 2020 «Doctores,
678 1947 723 2008 ait
741 1947 832 2009 Gard.
864 1949 969 2022 Petra,
998 1963 1057 2026 pro

64 2060 75 2096 u
89 2040 276 2120 inspiciendo
287 2062 329 2104 an
342 2044 511 2122 collegiata
520 2045 561 2106 sit
572 2045 714 2122 insignis,
727 2063 794 2106 rem
803 2043 1058 2122 arbitriojudicis

62 2139 276 2218 «relinquunt,
304 2143 345 2202 ad
362 2142 470 2202 „instar
490 2143 686 2221 probationis
711 2143 895 2203 nobilitatis.
924 2165 940 2198 »
969 2140 1060 2212 Quod

61 2251 118 2296 vero
136 2237 174 2298 sit
191 2238 362 2300 discrimen
377 2239 411 2300 in
425 2241 517 2318 praxi
529 2241 615 2301 inter
625 2239 826 2317 collegiatam
848 2241 1003 2317 insignem
1027 2243 1060 2298 et

61 2349 255 2410 communem,
272 2337 359 2398 idem
379 2337 543 2400 canonista
554 2337 675 2399 indicat
697 2354 705 2398 :
727 2358 742 2394 n
756 2337 842 2398 Scire
857 2337 1059 2414 collegiatam

62 2453 73 2479 «ι
90 2447 149 2492 esse
166 2434 336 2512 insignem,
353 2435 405 2497 vel
424 2455 501 2510 non,
515 2437 557 2497 ad
575 2436 669 2516 plura
682 2436 814 2509 confert,
833 2441 901 2496 tum
914 2433 955 2495 ob
967 2433 1058 2494 dilie-

63 2551 74 2576 «ι
90 2531 216 2592 rentiam
231 2532 410 2595 residentiae
425 2538 457 2595 et
468 2534 588 2595 servitii
600 2533 689 2595 chori
702 2534 894 2594 interimam
907 2538 939 2593 et
950 2531 1057 2604 aliam,

62 2645 74 2676 «
90 2629 149 2686 tum
158 2630 392 2692 etiamadalios
408 2631 538 2692 effeetus
552 2632 698 2693 inductos
706 2650 762 2711 per
775 2631 943 2692 concilium
957 2629 1057 2702 Trid,

61 2743 73 2772 «
90 2741 156 2787 sess.
172 2745 257 2802 xxiv,
274 2747 344 2809 cap.
361 2747 417 2805 xn,
434 2728 470 2790 de
480 2729 617 2808 Reform.
631 2753 645 2784 n
658 2729 837 2810 (Commeat.
852 2729 885 2788 in
900 2731 1005 2790 Consi.
1020 2744 1061 2789 vn

61 2817 215 2887 Innocentii
229 2827 283 2902 IV,
299 2831 374 2887 sect.
389 2845 422 2904 11,
440 2829 535 2902 n⁰35,
550 2831 628 2888 tom.
643 2827 709 2908 ΙΙΙ.)
719 2827 871 2890 ssanoniei
885 2826 1061 2904 collegiatae

63 2933 112 2976 non
123 2920 252 3001 insignis
267 2924 363 2984 eximi
376 2929 509 3004 possunt
524 2944 543 2986 a
560 2925 687 2986 servitio
702 2926 791 2986 chori
809 2925 850 2986 ob
865 2923 969 2985 varias
984 2941 1061 2984 cau-

62 3029 111 3089 ssa,
125 3023 154 3078 et
167 3021 342 3099 praesertim
361 3022 516 3100 longaevae
536 3023 772 3084 consuetudinis
787 3041 894 3096 eausa,
911 3039 982 3102 quae
998 3037 1062 3080 non

64 3110 257 3178 admittuntur
278 3118 385 3197 ajune
408 3120 464 3180 ubi
486 3121 526 3180 de
553 3121 714 3181 canonicis
737 3119 915 3198 collegiatae
929 3115 1062 3196 insignis

64 3209 160 3284 agitur.
177 3217 345 3293 Praeterea,
367 3222 477 3278 votnm
493 3218 579 3296 quod
603 3218 720 3280 emittit
737 3217 905 3278 concilium
922 3213 1008 3276 Trid.
1028 3218 1063 3273 ut

65 3302 215 3384 dignitates
233 3333 344 3375 omnes
359 3321 390 3376 et
404 3315 537 3376 dimidia
558 3316 670 3376 saltam
684 3333 757 3395 pars
773 3315 1018 3376 canonicatuum
1030 3311 1063 3370 in

65 3403 285 3499 cathedralibus
293 3419 325 3474 et
344 3413 377 3473 in
393 3414 572 3492 collegiatis
585 3413 763 3491 insignibus
777 3408 983 3474 conferantur
996 3414 1063 3470 tan·

66 3501 119 3561 tum
129 3505 317 3586 doctoribus
332 3517 387 3571 aut
397 3511 509 3572 saltem
524 3511 694 3572 licentiatis
707 3511 740 3571 in
754 3509 918 3588 theologia
931 3507 982 3570 vel
990 3506 1062 3586 jure

67 3603 210 3674 canonico,
223 3626 287 3666 nnn
301 3609 436 3668 retertur
455 3608 496 3670 ad
510 3609 694 3689 collegiatas
716 3625 909 3670 communes.

114 3694 159 3756 ΙΙΙ.
171 3699 299 3762 Exdata
310 3703 494 3768 delinitione
511 3706 734 3786 capitulorum,
747 3705 888 3787 sequitur
899 3703 1062 3784 responsio
