2588 4276
171 323 173 337 ¹
198 307 250 360 ‘266
311 322 317 335 ¹
544 313 617 361 PARS
638 313 672 360 ll.
695 311 881 360 Rosulanus.

197 447 270 490 nem
284 435 430 492 votorum
448 429 646 490 solemnium.
670 429 697 510 (l
720 447 791 507 aug.
816 425 1047 500 1866166161,
1071 424 1194 486 (1611111.
1272 436 1289 491 11

196 527 272 589 Sor.
295 527 386 604 Lim,
404 532 493 609 parte
520 528 543 604 1,
568 528 607 588 de
626 545 656 590 11
683 530 758 606 Gap.
784 525 825 588 ad
851 513 1004 606 reputares
1032 523 1196 604 pertinente,
1270 498 1289 597 1

95 635 98 641 ’
197 636 233 685 11⁰
254 625 338 707 153.)
1273 600 1289 683 1

115 710 117 714 ’
260 724 290 782 11
305 725 472 784 Decretum
489 723 708 785 Tridentinum
722 723 970 801 interpretamur
985 720 1024 780 de
1037 715 1203 814 donationi-

196 823 256 882 bus
274 828 306 883 et
328 823 366 882 de
386 822 673 882 renuntiationibus
688 821 778 882 laetis
795 840 813 880 a
833 819 970 894 novitio;
987 817 1080 878 laetis
1094 817 1203 878 scilieet
1288 829 1289 866 1

197 901 1204 999 6661166666161666111161616,6616611616’66611666163166666
1288 927 1289 954 1

196 1017 496 1092 6611666661611616,
513 1034 578 1077 non
592 1035 667 1078 vero
683 1016 721 1076 de
735 1014 1024 1076 renuntiationibus
1035 1031 1114 1092 quas
1129 1013 1206 1074 16616
1288 1025 1289 1063 1

199 1120 246 1175 661
264 1120 367 1175 antea.
389 1104 642 1175 Dissentiuntea
661 1113 700 1174 de
723 1113 899 1193 quaestione
926 1113 1112 1186 eanonistae,
1139 1111 1207 1190 quia
1288 1129 1289 1160 2

198 1213 367 1274 concilium
381 1212 547 1291 providere
560 1211 661 1272 voluit
680 1211 818 1271 libertati
836 1210 1040 1289 professionis
1059 1208 1207 1288 religiosae
1287 1221 1289 1234 ¹

196 1315 230 1372 et
251 1310 438 1370 donationes
456 1310 547 1370 factae
574 1315 646 1370 ante
671 1309 859 1370 novitiatum
881 1328 945 1369 666
966 1308 1071 1368 1616116
1087 1307 1207 1367 officere
1286 1319 1289 1360 1

198 1413 331 1487 possunt
342 1408 416 1468 huie
430 1407 580 1482 libertati,
597 1425 692 1486 quam
708 1407 734 1466 si
743 1408 834 1467 laetae
849 1406 980 1466 luissent
995 1406 1028 1465 in
1044 1403 1206 1476 novitiatu,
1288 1439 1289 1446 1

200 1506 226 1566 si
246 1506 391 1581 donator,
410 1505 583 1584 quaestione
596 1506 751 1565 maturius
768 1523 935 1584 perpensa,
952 1521 1016 1564 666
1031 1506 1162 1582 putaret
1181 1519 1209 1561 se

183 1609 344 1664 -voeatum
365 1603 405 1662 ad
425 1608 543 1664 statum
563 1603 756 1682 religiosum.
774 1603 901 1663 Stamus
920 1600 1129 1661 nihilominus
1144 1618 1209 1661 sen·

197 1698 305 1761 tentiae
319 1701 411 1776 datae,
429 1720 467 1762 ea
480 1701 680 1781 potissimum
696 1701 818 1762 ratione
835 1700 919 1779 quod
935 1699 1041 1793 striete
1056 1697 1210 1776 interpre-

195 1797 257 1858 tari
273 1804 419 1877 oporteat
433 1798 536 1877 legem
550 1817 612 1879 qua
626 1799 825 1878 restringitur
839 1797 968 1857 libertas
983 1797 1141 1857 naturalis
1161 1813 1211 1855 seu

193 1895 387 1975 disponendi
406 1897 445 1958 (16
462 1897 527 1958 suis
548 1897 650 1966 bonis
667 1915 722 1958 seu
737 1895 910 1976 reeipiendi
929 1911 998 1974 quae
1013 1899 1128 1974 sponte
1142 1893 1212 1953 data

198 1999 271 2054 sunt
287 2013 401 2073 :porro
418 1994 590 2055 Concilium
609 1994 828 2058 Tridentinum
846 1993 997 2073 loquitur,
1015 1993 1048 2052 in
1064 2009 1123 2051 suo
1137 2007 1211 2052 con-

195 2097 286 2152 textu
301 2085 339 2152 de
355 2093 498 2168 novitiis;
516 2112 606 2153 suam
620 2093 724 2169 legem
739 2091 874 2152 includit
888 2091 946 2150 sub
960 2090 1054 2151 titulo
1068 2087 1104 2164 de
1119 2088 1213 2167 Repu·

199 2188 330 2264 tantun·
342 2191 468 2251 extendi
476 2191 572 2268 igilur
580 2210 643 2252 non
654 2191 748 2251 debet
759 2191 799 2251 ad
808 2191 880 2250 illos
892 2190 945 2267 qui
953 2187 1145 2250 novitiatum
1153 2204 1212 2246 non

99 2309 103 2314 ·
197 2293 294 2366 erant¹
305 2289 439 2366 ingressi
460 2289 587 2367 quaudo
605 2290 643 2349 de
665 2290 728 2348 suis
749 2289 841 2348 bonis
863 2287 961 2348 libere
977 2287 1211 2366 disposuerunt,

195 2387 312 2446 intuitu
334 2386 429 2447 etiam
452 2387 550 2447 11111111
569 2387 728 2463 ingressus
749 2387 782 2446 in
804 2386 1114 2465 religionem-quem
1135 2384 1213 2444 forte

197 2483 441 2544 meditabantur.
477 2483 561 2543 Finis
580 2501 673 2561 quem
693 2483 754 2543 sibi
779 2484 944 2562 proposuit
964 2480 1128 2558 legislator
1152 2499 1213 2550 666

193 2581 312 2640 66111611
326 2599 383 2661 per
397 2600 430 2642 se
443 2582 483 2642 ad
495 2582 729 2642 extendendum
745 2579 972 2658 obligationem
987 2581 1071 2640 ultra
1086 2597 1213 2640 sensum

197 2677 374 2738 naturalem
390 2698 485 2758 quem
502 2684 606 2740 textus
622 2684 652 2739 61
664 2684 830 2740 contextus
846 2678 924 2756 legis
939 2695 1004 2757 prae
1018 2696 1050 2738 se
1066 2677 1177 2738 ferunt
1191 2677 1211 2736 ¹.

258 2779 289 2836 2⁰
304 2777 495 2838 Donationes
508 2796 572 2838 666
583 2765 751 2838 censentur
763 2777 951 2852 interdictae,
969 2777 1030 2835 nisi
1044 2775 1106 2836 sint
1119 2775 1214 2836 alieu-

188 2872 245 2951 jus
271 2874 424 2934 momenti
449 2875 579 2935 relative
602 2875 642 2934 ad
662 2875 747 2934 bona
761 2874 888 2949 novitii3
911 2859 1121 2952 eleemosynae
1143 2891 1212 2934 ero·

198 2975 278 3048 gatae
300 2973 503 3051 pauperibus,
530 2977 561 3032 et
581 2973 770 3033 munuscula
786 2972 910 3053 .quibus
930 2991 994 3032 666
1013 2972 1214 3032 imminuitur

197 3070 334 3145 fortuna,
352 3087 416 3129 non
431 3069 599 3147 subjacent
614 3070 749 3132 decretis
765 3071 880 3132 citatis.
1044 3057 1045 3062 ¹

255 3169 287 3228 3⁰
299 3168 331 3230 S.
343 3167 551 3246 Congregatio
559 3159 732 3230 declaravit
740 3167 1135 3266 decretumo'lridentinum
1148 3186 1211 3228 666

196 3266 350 3344 attingere
368 3266 589 3345 dispositiones
611 3285 681 3346 quae
704 3267 784 3327 fiunt
807 3285 866 3348 per
886 3271 1087 3340 testamenta,
1111 3266 1210 3345 siqui·

197 3362 268 3424 dem
285 3383 349 3425 non
369 3363 512 3425 alliciunt
525 3365 706 3426 libertatem
718 3365 920 3425 novitiorum.
938 3363 1029 3437 Quod
1044 3364 1085 3425 ad
1104 3365 1209 3443 dispo·
1288 3347 1289 3442 1

246 3547 268 3594 1.
280 3545 318 3594 lta
327 3547 436 3608 Fagnan
446 3545 474 3594 in
485 3558 541 3606 cap.
550 3545 704 3606 statuimus,
714 3559 746 3596 nr
757 3546 984 3610 Raounrnuusmis
992 3547 1074 3599 1117.
1085 3575 1116 3584 -
1124 3547 1213 3598 Ferra-
1288 3545 1289 3594 l

197 3619 243 3680 ris,
258 3627 286 3667 v⁰
295 3621 423 3682 Novitiae,
435 3616 564 3686 6113812,
573 3648 603 3656 -
625 3621 684 3670 vid.
697 3623 908 3688 eontraPirhing
918 3636 950 3673 611
962 3625 1152 3684 1166616666,
1167 3624 1213 3688 qui
1288 3611 1289 3680 f

195 3700 287 3746 tamen
304 3700 424 3747 nostram
440 3696 688 3761 interpretationem
707 3698 788 3750 habet
802 3700 843 3750 uti
859 3700 1035 3765 probabilem.
1053 3727 1083 3738 -
1103 3700 1169 3751 Acta
1182 3700 1209 3750 S.

195 3772 280 3834 Sedis,
292 3776 357 3823 tom.
368 3787 411 3835 xn,
422 3787 483 3838 pag.
501 3774 546 3824 582
560 3775 586 3823 el
600 3786 657 3837 seq.
