2568 4272
121 264 192 311 Aur.
216 264 274 310 v11.
295 263 482 310 AUGTOHITAS
502 263 706 311 urlscoronun
727 264 758 310 lu
781 264 967 311 nucerinus.
1003 257 1053 310 313

45 405 58 437 «
77 377 227 458 legimus,
244 380 287 440 eit
301 380 392 441 (iord.
405 381 510 454 Petra,
527 379 603 459 quia
613 379 647 440 id
659 398 724 442 nou
738 380 839 453 decet,
855 386 899 453 ct,
911 380 985 441 licet
997 399 1062 442 uon

46 504 58 534 «
78 479 117 538 sit
132 477 326 556 simpliciter
334 482 445 539 contra
452 478 504 557 jus
518 478 659 539 divinum
668 484 723 539 eut
733 479 889 556 naturale,
901 483 947 540 est
956 483 1064 540 tomen

47 603 59 633 n
78 576 140 637 illis
154 575 267 636 miuus
282 581 529 638 consentaneum
546 576 567 636 ¹.
584 598 599 634 o

101 755 283 816 Anrrcunus
304 772 359 817 vn.
380 787 420 798 -
438 757 483 816 Du
503 772 717 818 nuaronuaru
737 772 943 819 urrscoronuu
964 772 996 817 rr

167 869 346 916 nuenarius
368 870 408 914 ur
429 870 693 918 concnsonrrouns
715 871 887 918 nenorosus
909 855 933 916 ².

97 1037 167 1096 493.
187 1069 229 1080 -
245 1037 273 1108 1?
291 1035 362 1111 Quo
382 1037 441 1096 sint
460 1037 544 1117 oripo
559 1045 589 1097 et
607 1055 704 1098 cousae
724 1036 918 1119 eoeenaptiom's
940 1033 1036 1116 Requi
1056 1069 1066 1080 -

49 1135 119 1193 aziam
133 1151 153 1193 a
160 1133 385 1212 jurisdictione
399 1132 639 1216 Episcoporam?

98 1232 120 1290 Ι.
145 1231 331 1292 Canonistae
354 1232 563 1293 communiter
585 1234 716 1295 tradunt
741 1233 847 1295 omnia
871 1230 1066 1295 monasteria

49 1328 132 1388 tuisse
152 1328 236 1388 olim
259 1328 402 1408 subjecta
420 1331 583 1411 Episcopis
598 1331 630 1391 in
646 1331 748 1393 causis
769 1351 840 1412 quoe
861 1331 900 1392 ed
916 1330 1063 1411 jurisdic-

52 1428 160 1487 tionem
189 1427 390 1507 spirituelem
416 1428 611 1503 attinebant3
635 1430 689 1490 sed
713 1429 885 1510 Episcopos
908 1429 1066 1491 minorem

52 1531 164 1602 portem
175 1523 329 1587 habuisse
340 1527 446 1606 quoad
461 1545 499 1588 ee
514 1546 584 1606 quae
597 1535 671 1589 sunt
686 1527 848 1608 regiminis
861 1527 983 1609 proprii
995 1545 1067 1588 eon·

52 1628 167 1697 ventus;
185 1630 219 1685 ct
234 1625 390 1703 paulatim
406 1627 601 1687 monasterie
620 1646 771 1705 magnam
786 1625 966 1687 libertatern
982 1624 1066 1686 ohti-

53 1721 143 1782 nuisse
156 1741 191 1782 se
208 1741 330 1801 sueque
346 1724 478 1801 regendi
492 1724 628 1805 propriis
640 1724 803 1786 institutis.

101 1819 296 1881 Monesteric
308 1838 372 1881 non
385 1822 590 1900 erigebantur
600 1823 719 1902 absque
735 1841 864 1884 assensu
878 1827 909 1884 ei
919 1821 1067 1884 henedic-

53 1916 125 1976 tione
148 1917 317 1999 Episcopi,
342 1919 380 1979 de
401 1938 464 1999 quo
486 1919 598 1981 statuit
617 1920 786 1982 concilium
811 1919 1067 1983 Chalcedonense

59 2036 69 2069 o
86 2014 207 2076 nullum
234 2036 370 2097 usquam
397 2019 625 2080 monesterium
652 2018 804 2079 aedificari
834 2037 926 2099 posse
952 2023 1068 2098 preter

58 2131 69 2166 t
86 2114 274 2198 sententiam
285 2114 383 2194 ipsius
397 2115 532 2176 civitatis
542 2117 726 2196 Episcopi...
744 2117 916 2178 Monechos
929 2116 983 2197 qui
996 2120 1069 2176 sunt

60 2229 71 2264 o
86 2209 115 2269 in
131 2212 262 2290 regione
273 2218 304 2274 et
317 2212 456 2287 civitate,
474 2213 622 2294 episcopo
640 2214 799 2292 subjectos
810 2233 915 2276 esse...
929 2213 1068 2274 Civitatis

58 2331 69 2359 «
88 2313 190 2370 eutem
205 2309 400 2390 Episcopum
416 2319 561 2392 oportere
577 2331 649 2374 eam
665 2330 761 2392 quam
776 2331 835 2392 por
851 2317 898 2373 est
912 2315 1069 2372 monaste·

60 2429 71 2458 κ
89 2405 203 2468 riorum
220 2428 330 2470 curam
345 2429 454 2490 gerere
471 2411 495 2471 ³.
508 2435 523 2466 o

105 2505 303 2568 Mouasteriis
318 2509 469 2569 canonice
482 2509 607 2583 erectis,
624 2509 799 2591 Episcopus
811 2509 876 2572 loci
889 2507 1019 2589 plenum
1035 2507 1068 2569 in

59 2619 89 2660 ea
101 2601 239 2667 habebut
255 2605 509 2686 jurisdictionem
524 2607 738 2688 spiritualem
755 2627 831 2670 cura
847 2626 924 2669 vero
939 2604 1067 2686 regimi-

59 2699 97 2759 nis
118 2701 235 2764 interni
261 2705 431 2766 abbatibus
454 2707 622 2768 commisse
649 2711 727 2768 eret.
753 2706 927 2768 Concilium
951 2703 1069 2767 Arelati

60 2797 241 2864 celebratum
255 2821 364 2864 versus
378 2822 498 2865 anuum
513 2806 584 2881 455,
598 2805 738 2868 firmavit
752 2805 920 2885 privilegia
935 2803 1070 2866 celebris

60 2899 231 2961 monasterii
245 2901 424 2977 Lirinensis,
442 2908 477 2964 ut
490 2903 610 2965 scilicet
628 2925 642 2962 o
655 2903 760 2966 clerici
773 2910 869 2985 atque
884 2902 993 2965 alteris
1008 2901 1068 2962 mi-

65 3016 76 3043 «
93 2995 188 3074 nistri,
207 2999 328 3060 anullo
341 2999 400 3060 nisi
415 3001 455 3062 eh
468 3001 624 3080 Episcopo
639 3001 861 3083 Forojuiicnsi,
873 3001 925 3063 vel
941 3001 990 3062 cui
1001 3001 1069 3079 ipse

66 3109 76 3143 n
92 3089 260 3171 injunxerit
281 3097 487 3158 ordinentur:
505 3099 643 3160 chrisma
664 3117 728 3161 uon
743 3101 804 3160 nisi
819 3101 859 3161 eb
878 3099 948 3179 ipso
965 3115 1070 3178 spere-

101 3274 122 3321 i.
138 3273 212 3326 card.
232 3277 319 3337 Petra,
341 3276 536 3328 Commentario
554 3277 582 3326 in
602 3276 691 3327 Comi.
713 3291 740 3329 rv
755 3279 857 3329 Urbani
875 3278 917 3336 IV,
938 3281 1004 3326 tom.
1022 3275 1069 3336 ΙΙΙ,

65 3355 114 3408 pag.
128 3351 247 3415 itt-1943
262 3379 292 3389 —
305 3352 420 3414 Gohord,
436 3356 501 3403 tom.
517 3355 549 3411 ΙΙ,
565 3367 626 3417 pag.
641 3354 686 3404 673
703 3356 730 3403 et
744 3367 817 3417 scq.;
833 3381 862 3390 -
878 3354 985 3417 Helyot,
1000 3355 1068 3416 port.

67 3417 101 3480 IV,
113 3423 186 3490 chop.
202 3443 237 3478 ιιι
250 3431 277 3478 et
289 3443 348 3490 xru,
363 3429 446 3478 Ordre
462 3429 494 3478 de
505 3428 693 3492 Fonteorault,·
705 3456 735 3465 -
749 3430 875 3490 Ferreus,
888 3438 919 3475 νο
933 3426 1070 3478 Abbatisso

18 3537 19 3572 ,
103 3500 124 3548 2.
134 3501 170 3552 cf.
182 3506 299 3569 Fegusn,
312 3505 341 3553 in
356 3517 413 3568 cap.
427 3504 513 3554 Grooe
527 3519 559 3554 us
571 3507 676 3556 Orrrcro
689 3505 832 3555 Onornanu.
845 3531 874 3540 —
885 3503 1070 3563 Reiffeustuel,

18 3579 19 3620 ἶ
67 3568 90 3618 in
102 3575 137 3626 tit.
152 3593 182 3629 nn
196 3582 300 3632 Orrrcro
318 3581 458 3630 Onururnu.
474 3606 504 3616 -
519 3580 628 3641 Hellier,
642 3580 836 3630 Commentario
847 3581 874 3628 in
892 3579 1070 3629 ordinationes

68 3646 256 3706 clericaturam
271 3658 341 3707 cirea
354 3655 506 3720 repostorem·
521 3659 586 3706 tom.
602 3657 645 3715 VI,
660 3657 797 3706 Memoris
811 3655 847 3704 do
860 3655 955 3720 cierat.

18 3721 20 3788 i
105 3728 125 3774 3·
138 3731 230 3794 Lebbe,
245 3737 309 3782 torn.
323 3733 364 3796 IV,
377 3747 404 3794 p.
415 3725 473 3794 757,
488 3746 547 3781 cun.
562 3747 587 3783 iv
600 3733 720 3782 concilii.-

897 3835 928 3886 18
