2632 4260
275 233 343 280 Aer.
366 231 407 278 lv.
428 231 605 280 Patultnetl
623 233 827 282 catalonnum.
1025 225 1060 277 77

66 347 148 410 lacios
160 346 224 410 llll
236 345 336 408 dixit:
354 347 539 421 «Ecclesiae,
557 349 841 428 ecclesiasticaeque
857 365 1011 427 personae,
1024 367 1061 409 ac

69 468 80 506 c
95 463 138 506 ras
148 445 300 524 ipsarum,
315 464 378 506 non
394 445 496 506 solnm
506 446 578 526 jure
592 446 746 524 humano,
764 446 899 527 quinimo
911 445 1060 522 diuina-a

65 569 77 602 (l
94 542 283 606 secularium
304 561 511 622 personarum
530 545 748 606 exactionibus
763 549 837 605 sunt
857 544 1023 605 immunes.
1038 565 1053 601 o

64 643 133 722 (Gap.
150 639 337 721 Quanquam,
361 645 391 718 l,
407 659 446 702 nn
466 642 638 724 Constans.)
657 645 720 704 Leo
739 645 766 703 X
790 641 1006 721 promulgavit
1027 640 1060 700 in

62 737 175 802 concilio
186 739 390 800 [lateranensi
402 743 506 802 donst.
519 739 674 821 Suprema
688 739 928 820 dispensationis,
942 739 975 798 in
994 757 1057 817 qua

63 836 159 915 legitur
181 853 189 896 :
218 861 233 891 «
260 837 340 899 (lum
362 836 468 916 ajure
489 847 549 898 tom
567 837 670 898 dt'ot'oo
692 856 788 917 quam
807 837 948 898 humano
973 835 1061 896 laicis

63 960 74 990 t(
92 933 168 996 nulla
186 938 330 1012 potestas
354 935 388 996 in
405 935 631 996 aeclesiasticas
650 951 802 1014 personas
825 933 979 995 attributa
1004 933 1056 1006 sit,

64 1057 75 1088 a
91 1032 270 1094 innovamus
286 1039 401 1094 omnes‘
410 1033 687 1094 constitutiones...
703 1032 737 1093 in
749 1034 889 1094 favorem
906 1031 1061 1092 libertatis

64 1153 74 1186 l
93 1129 314 1193 ecclesiastice.
336 1153 352 1186 a
375 1131 527 1203 Tandem,
552 1136 588 1192 ut
609 1135 724 1191 catera
744 1130 939 1202 omittamus,
956 1129 1061 1190 conci·

64 1227 124 1286 lium
144 1226 363 1288 Tridentinum
376 1227 425 1288 his
440 1227 545 1288 verbis
562 1228 710 1288 hortatur
723 1227 882 1306 principes
898 1244 906 1288 ε
927 1250 942 1280 «
956 1225 1060 1288 Confi·

68 1323 151 1384 adens
165 1343 218 1386 eos
229 1329 265 1385 ut
279 1324 465 1400 catholicos,
483 1344 562 1405 quos
575 1329 658 1386 Deus
674 1330 793 1385 sanctae
809 1324 884 1386 fidei
897 1323 1061 1385 Ecclesiae-

69 1437 140 1500 lque
155 1427 353 1501 protectores
373 1441 439 1486 esse
457 1423 569 1498 voluit,
590 1423 642 1502 jus
661 1441 754 1484 suum
777 1422 924 1483 Ecclesia
939 1420 1062 1482 restitui

66 1543 76 1574 l
89 1537 142 1580 non
161 1525 287 1582 tantum
303 1540 369 1583 esse
384 1539 623 1584 concessuros..
640 1539 698 1582 nec
711 1519 920 1600 permissuros
935 1524 970 1579 ut
987 1519 1059 1581 offi-

66 1639 76 1671 α
89 1617 180 1692 cialcs,
192 1619 420 1680 autinferiores
429 1619 643 1698 magistratus,
654 1617 802 1690 Ecclesia
814 1622 1061 1696 etpersonarum

67 1738 77 1769 a
89 1715 346 1778 ecclesiaticarum
353 1715 850 1778 immunitatemDeierdioota'ona
860 1719 890 1776 ct
900 1713 1060 1775 canonicis

70 1833 80 1868 r
89 1813 708 1876 sanctionibusconstitutam...violent.»
718 1813 897 1894 (Sessxxv,
907 1831 977 1892 cap.
988 1810 1061 1890 xx.)
1149 1841 1151 1844 ·

108 1910 1066 1993 allationetlteolopa‘codlpiscopijperSpiritumSanctumcon

66 2007 144 2070 stituti
157 2015 230 2070 sunt
244 2010 615 2082 rectoresEcclesiarum‚
633 2029 669 2072 ac
684 2029 792 2072 rerum
807 2015 838 2070 et
852 2025 1062 2088 personarum

65 2105 94 2166 ad
105 2123 150 2167 cas
163 2108 392 2186 pertinentium
403 2108 541 2186 judices;
559 2108 659 2187 atqui,
676 2108 835 2187 inquiunt,
852 2106 991 2167 maxime
1007 2123 1057 2166 rc·

65 2211 164 2280 pugnat
175 2206 348 2284 quominus
361 2206 417 2286 qui
431 2206 537 2266 divina
551 2204 751 2268 ordinatione
766 2205 1003 2265 constituuntur
1014 2203 1063 2281 ju·

66 2299 130 2362 dicas
147 2302 302 2378 fidelium,
320 2305 360 2364 ab
374 2304 485 2366 iisdem
499 2303 691 2382 judicentur,
711 2307 854 2382 pastores
871 2302 916 2362 ¹ab
938 2300 1060 2361 ovibus.

65 2399 223 2462 Nonnrinor
237 2402 340 2462 aderit
354 2401 544 2462 inordinatio
560 2420 597 2462 ae
612 2419 718 2462 rerum
734 2399 888 2472 confusio,
904 2398 930 2459 si
944 2397 1062 2478 duplex

66 2501 183 2573 potestas
195 2499 313 2562 diversi
328 2500 458 2574 ordinis,
473 2500 635 2560 mundana
647 2504 679 2560 et
693 2498 876 2578 spiritualis,
894 2501 1063 2558 concurrat

66 2593 89 2652 ln
101 2593 176 2657 idam
195 2598 369 2679 objectum,
393 2598 433 2658 de
451 2598 561 2658 iisdem
577 2597 720 2678 personis
743 2601 775 2656 et
792 2595 885 2656 rebus
901 2593 1061 2672 judicet...

67 2692 129 2770 llrgo
147 2695 316 2758 dicandum
341 2700 389 2756 est
407 2695 641 2757 immunitatem
661 2695 847 2756 clericorum
863 2693 936 2773 jure
956 2692 1063 2752 divino

65 2789 145 2855 inniti.
163 2795 210 2855 lta
230 2794 359 2868 Suarcz,
380 2793 531 2868 Barbosa,
553 2796 697 2872 Fagnan,
715 2792 827 2869 Engel,
846 2790 1061 2863 Reiffenstuel,

67 2887 106 2964 qui
118 2889 195 2952 hanc
210 2891 400 2952 sententiam
412 2891 521 2952 multis
543 2891 738 2970 argumentis
753 2894 946 2970 propugnat,
963 2888 996 2949 in
1013 2888 1061 2948 tit.

69 2981 170 3048 choro
180 2989 367 3070 eorrmetentz',
384 2989 403 3067 ξ
416 2991 446 3049 9.

111 3083 175 3148 acl.
191 3119 231 3132 -
245 3087 285 3146 ΙΙ·
297 3085 416 3164 opinio,
437 3103 508 3165 quae
528 3071 646 3146 scilicet
667 3083 782 3165 repetit
798 3084 1030 3145 immunitatem
1046 3101 1062 3142 e

65 3175 117 3254 jura
131 3184 291 3258 canonico,
308 3182 428 3262 duplici
449 3183 648 3263 potissimum
668 3183 791 3244 ratione
806 3183 967 3254 fundatur,
985 3199 1061 3240 auc-

67 3277 170 3342 toritate
188 3300 358 3356 canonum,
378 3287 409 3342 et
424 3281 495 3360 jure
512 3280 662 3342 divinitus
677 3280 771 3341 insito
789 3279 939 3358 potestati
960 3278 1059 3340 eccle-

71 3373 192 3442 siastieaa.

113 3475 333 3539 l⁰Aoctoritota
342 3494 501 3540 canonum.
512 3477 620 3540 Multa
628 3482 704 3538 sunt
714 3476 874 3537 canonicae
885 3475 1063 3536 sanctiones
1151 3549 1154 3556 =

70 3570 161 3644 quibus
175 3574 314 3638 Ecclesia
326 3575 436 3636 statuit
449 3581 545 3655 atqua
556 3575 765 3636 communivit
775 3573 941 3654 privilegia
952 3573 1065 3633 immu-

70 3665 221 3750 nitatesque
236 3671 436 3746 clericorum,
453 3672 574 3734 inflicto
584 3672 789 3734 anathemate
801 3671 833 3732 in
844 3689 953 3732 omnes
968 3671 1063 3732 etiarn
