2588 4276
200 229 271 288 tw
536 238 878 288 rfflnmmm

227 469 231 496 ι
298 438 471 498 Anrrouaos
491 453 524 496 ιι.
548 469 587 480 -
600 438 645 496 Da
666 437 795 498 Nurum
816 453 931 499 saurus
952 450 1117 498 nanarosr.

158 673 162 682 .
222 671 229 680 ..
260 615 423 678 raa-1⁰
440 599 873 696 Qucitsitstotusrelr‘piosus?
1285 683 1286 704 Χ

260 715 315 774 Est
325 718 424 774 status
440 712 581 773 fidelium
595 714 662 792 qui,
678 704 1088 793 perfectionisacquirendaa
1102 708 1224 784 studio,
1285 753 1286 794 3

204 811 335 876 modum
353 811 425 872 vitae
448 810 625 872 eommunis
644 811 684 871 ab
702 810 841 872 Ecclesia
858 812 1082 890 approbatum,
1099 805 1226 870 emissis
1285 803 1286 806 '

203 909 285 974 votis
299 907 499 982 obedientia,
514 907 710 988 paupertatis
725 913 756 969 et
772 909 935 983 eastitatis,
956 908 1165 987 profitentur.
1285 975 1286 984 χ

226 1062 232 1072 .
262 1007 382 1068 Dicitur
395 1007 425 1066 l⁰
442 1005 586 1068 Status...
605 1007 692 1085 quod
706 1025 763 1086 per
774 1025 806 1067 se
821 1007 967 1085 designat
982 1005 1136 1069 stabilem
1156 1021 1228 1068 con·
1285 1023 1286 1034 ¹

206 1105 358 1166 ditionem
373 1105 457 1180 vitae,
476 1122 539 1164 non
553 1109 641 1165 actus
656 1104 864 1178 transitorios,
882 1123 936 1174 seu
950 1103 1169 1182 temporarias
1182 1119 1228 1163 so·

203 1202 360 1274 dalitates,
378 1203 492 1281 quibus
513 1202 622 1262 fideles
639 1202 768 1282 aliquod
787 1203 907 1264 bonum
929 1201 1092 1281 spirituale
1119 1219 1227 1281 prosc-

204 1306 353 1381 quantur.
367 1300 583 1360 Necessarium
599 1300 727 1380 quidem
739 1319 803 1362 non
819 1305 864 1362 est
874 1290 920 1362 'ad
929 1301 1027 1360 vitam
1038 1299 1227 1380 religiosam

204 1404 241 1458 ut
250 1398 359 1458 fideles
372 1397 441 1476 lege
456 1413 584 1477 prorsus
599 1398 756 1458 immobili
770 1398 803 1458 in
819 1417 857 1458 ea
872 1403 1048 1472 teneantur,
1067 1403 1101 1458 at
1117 1396 1225 1476 requi·

205 1495 287 1568 ritur
307 1495 419 1555 saltem
441 1495 548 1573 aliqua
563 1495 643 1556 ratio
666 1495 856 1571 stabilitatis,
874 1501 906 1556 et
923 1495 1098 1574 prasertim
1117 1502 1157 1556 ut
1176 1493 1227 1574 qui

56 1603 61 1616 ¹
160 1651 163 1654 ,
204 1591 292 1654 illam
311 1593 444 1672 professi
466 1597 549 1666 sunt,
567 1611 631 1653 non
647 1593 775 1655 valeant
794 1611 852 1674 pro
873 1593 1002 1658 arbitrio
1022 1593 1226 1673 propositum

207 1694 342 1763 mutare,
355 1695 534 1770 statumque
545 1691 700 1751 deserere.

233 1831 236 1838 .
266 1786 365 1863 20οιιὶ
375 1787 494 1848 modom
509 1788 579 1848 vicar
589 1787 789 1850 communis...
802 1789 907 1869 inquo
924 1789 1064 1870 religiosi
1074 1790 1227 1852 differunt

186 1933 188 1938 .
207 1886 514 1962 acaeteristidelibus
529 1886 583 1966 qui
594 1885 696 1946 vitam
709 1887 892 1966 perlectam,
908 1887 989 1948 votis
1007 1887 1145 1962 emissis,
1160 1905 1224 1948 sec·

206 1988 314 2060 tantur
333 1983 526 2044 remanendo
547 1984 578 2042 in
603 1982 718 2044 saeculo
737 1989 768 2044 et
793 1984 832 2044 ab
855 1985 893 2045 iis
917 1984 1013 2049 etiam
1034 1985 1089 2064 qui
1122 1983 1225 2046 studio

206 2080 408 2162 perfeetionis
427 2081 631 2161 acquirendae
657 2080 776 2160 degunt
798 2081 831 2140 in
848 2100 965 2156 eremo,
987 2088 1019 2142 ut
1036 2085 1102 2144 Deo
1118 2083 1227 2151 vivant

207 2195 296 2241 more
307 2179 581 2239 anachoretarum.
595 2201 609 2234 ιι
620 2179 667 2238 Ex
674 2183 789 2250 natura
802 2197 868 2252 sua,
878 2179 1223 2258 aitSohmalzgrueber,

210 2299 236 2339 ιι.
250 2282 350 2340 status
370 2276 535 2354 religiosus
551 2296 615 2337 non
630 2276 763 2356 requirit
777 2277 953 2341 necessario
968 2279 1065 2340 vitam
1080 2295 1224 2340 commu·

211 2392 333 2448 «nem.
352 2375 384 2436 Si
393 2375 482 2436 enim
496 2375 586 2435 illam
601 2375 788 2454 requireret,
803 2375 853 2435 rel
866 2376 988 2438 ratione
1003 2381 1104 2463 status
1119 2381 1158 2438 ut
1171 2375 1223 2449 sic,

211 2495 228 2530 ιι
248 2473 298 2534 vel
317 2473 438 2534 ratione
454 2473 667 2552 perfectionis.
686 2475 755 2534 Non
774 2473 897 2534 ratione
913 2478 1013 2534 status
1029 2479 1062 2534 ut
1078 2474 1136 2548 sio,
1153 2472 1226 2554 quia

211 2592 228 2628 ιι
248 2569 301 2630 hie
311 2571 413 2630 solum
424 2570 499 2632 dicit
510 2570 781 2644 immobilitatem3
796 2590 860 2631 non
874 2572 996 2633 ratione
1010 2569 1222 2650 perfectionis,

213 2689 230 2724 ιι
237 2727 242 2742 ,Δ
251 2667 327 2748 quia
339 2668 379 2727 ad
394 2667 477 2729 hanc
490 2669 620 2729 tendere
633 2669 729 2728 etiam
743 2668 841 2728 vitam
854 2669 1028 2732 solitariam
1041 2669 1161 2748 degens
1174 2685 1225 2748 po·

213 2789 238 2832 ιιι
250 2769 347 2828 test...
365 2766 488 2828 Sufficit
507 2785 594 2846 ergo,
617 2785 673 2846 per
687 2785 720 2828 se
740 2767 909 2846 loquendo,
928 2766 969 2830 ad
990 2767 1088 2830 vitam
1102 2765 1224 2845 religio·

212 2881 330 2941 «sam,
346 2863 371 2923 si
386 2863 412 2923 is
429 2864 484 2942 qui
499 2882 568 2925 eam
593 2864 796 2943 profitetur...
813 2867 957 2930 observet
982 2865 1114 2926 consilia
1132 2883 1222 2927 evan·

215 2987 231 3018 ιι
252 2961 364 3041 gabea,
386 2967 421 3022 ut
437 2961 552 3024 horum
577 2963 812 3048 observantiam
832 2963 936 3028 firmet
951 2969 1034 3040 voto,
1050 2969 1081 3026 et
1099 2964 1222 3042 quidem

112 3118 114 3125 ,
213 3065 416 3141 «perpetuo,
435 3066 465 3123 et
477 3059 545 3122 haec
562 3068 635 3122 vota
650 3067 805 3141 tanquam
816 3061 1038 3126 substantialia
1052 3060 1221 3140 religionis,
1287 3066 1288 3102 l

116 3147 117 3150 '
213 3183 229 3216 ιι
250 3159 308 3220 Dei
322 3158 461 3235 nomine,
479 3160 518 3220 ab
538 3158 645 3239 aliquo
664 3161 703 3220 ad
722 3160 784 3223 hoo
803 3165 992 3240 potestatem
1005 3160 1156 3235 habente,
1173 3175 1221 3219 ac·
1287 3209 1288 3248 ,

215 3281 230 3313 «
251 3263 427 3337 captentur.
451 3281 467 3314 »
495 3255 608 3338 (latit.
633 3276 672 3320 nn
691 3260 915 3332 accamanus,
935 3272 969 3318 ιι0
988 3257 1052 3337 20.)
1075 3260 1116 3319 At
1135 3253 1222 3318 simul
1287 3249 1288 3334 J

210 3360 301 3428 notat
315 3355 399 3418 idem
416 3356 589 3432 canonista,
602 3362 719 3418 statum
735 3356 929 3435 religiosum,
947 3360 1089 3435 spectato
1097 3355 1169 3435 jure
1179 3370 1221 3414 ec·

198 3453 387 3526 'elasiastieo
407 3454 570 3528 hodierno,
591 3471 656 3514 non
674 3453 751 3516 alibi
771 3453 939 3517 consistere
964 3473 1055 3534 posse
1083 3472 1178 3534 quam
1190 3450 1220 3512 in
1287 3529 1288 3538 ἵ

212 3549 279 3613 vita
292 3552 466 3626 communi;
485 3551 743 3630 quandoquidem
764 3551 947 3631 requiritur,
962 3551 1034 3630 jure
1048 3570 1069 3612 a
1082 3550 1219 3630 pluribus

213 3649 336 3722 aaeculis
350 3651 486 3730 vigente,
501 3649 689 3732 approbatio
704 3650 863 3727 Ecclesiae,
879 3657 910 3714 et
924 3649 1063 3712 Ecclesia
1082 3669 1147 3714 non
1165 3665 1217 3730 ap·
1287 3727 1288 3730 Ἴ
