2632 4260
205 266 221 317 θ
520 273 595 323 PARS
619 271 714 322 lifou
735 271 887 322 PERSONIS.

265 388 461 453 sto—411.
485 387 614 465 Fideles,
639 389 695 470 qui
719 389 838 452 scilieet
862 388 1057 468 baptismum
1079 405 1223 470 suscepe-

204 493 291 564 runt,
305 503 398 549 neca
418 487 480 549 fide
501 488 675 550 christiana
695 507 753 568 per
771 487 930 562 haeresim,
950 493 1006 556 aut
1029 488 1223 569 apostasiam

203 586 400 663 deiecerunt,
422 587 633 666 subjiciuntur
648 588 714 669 juri
732 581 886 649 canonico
909 587 1082 662 communi,
1100 587 1134 648 vi
1145 587 1223 666 bap

35 660 37 663 ¹
64 727 69 734 -
115 695 117 700 '
204 685 310 760 tismi;
323 689 353 748 et
375 686 501 747 statutis
515 685 670 747 localibus
687 687 729 747 ab
743 686 933 748 auctoritate
948 685 1139 765 competenti
1150 689 1223 746 san-

203 784 284 860 citis,
301 784 424 846 ratione
439 781 602 874 domicilii,
615 802 671 846 seu
686 780 901 847 habitationis.

262 878 357 944 Nulla
368 887 515 945 movetur
522 883 693 944 difficultas
701 882 784 944 inter
794 883 940 946 doctores
951 879 1126 945 catholicos
1135 883 1223 944 circa

108 997 112 1014 ·
205 977 398 1062 principium
418 982 567 1061 gencrale
587 981 792 1062 subjectionis
808 977 875 1062 juri
892 983 1073 1058 cummuni3
1094 981 1222 1060 dejure

209 1079 397 1160 particulari
414 1081 569 1158 locorum,
591 1081 698 1162 quoad
718 1081 902 1162 peregrinos
922 1087 954 1143 et
974 1083 1122 1156 advenas,
1143 1079 1222 1142 alibi

203 1179 321 1241 dicitur
346 1177 402 1261 (οῖ’
424 1183 495 1255 656,
517 1179 600 1262 757).
616 1180 768 1253 Ouaedam
792 1181 933 1244 notanda
955 1179 1157 1260 inpraesenti
1180 1179 1220 1255 de

205 1279 322 1340 adultis
338 1279 393 1360 qui
409 1279 603 1359 baptismum
623 1276 810 1359 suscipiunt,
824 1281 864 1340 de
882 1263 1058 1341 infantibus
1076 1275 1221 1340 fidelium

203 1378 259 1458 qui
285 1395 304 1439 a
328 1377 513 1458 parentibus
537 1377 578 1438 ad
600 1362 797 1457 baptismum
820 1378 1007 1452 offeruntur,
1035 1384 1067 1440 ct
1088 1377 1221 1438 tandem

203 1475 432 1538 deicientibus
448 1475 636 1550 infidelium,
660 1477 714 1556 qui
735 1476 842 1538 insciis
863 1477 1049 1557 parentibus
1068 1475 1221 1556 baptizati

92 1600 93 1603 ¹
201 1574 328 1636 fuerint.

262 1674 295 1733 1⁰
315 1672 451 1734 Adultus
470 1691 534 1734 nou
557 1673 702 1734 initiatur
721 1690 812 1734 sacro
824 1663 1018 1753 Baptismote
1040 1669 1100 1733 nisi
1119 1671 1221 1734 libera

200 1771 364 1834 voluntate
382 1773 574 1848 consentiat;
592 1777 639 1834 est
653 1759 738 1834 enim
751 1773 913 1852 religionis
926 1772 1107 1835 christienae
1121 1790 1220 1851 regu·

202 1871 240 1931 lis
255 1870 451 1932 contrarium
465 1872 550 1951 quod
566 1871 636 1951 quis
648 1871 766 1933 invitus
783 1871 995 1952 compellatur
1010 1871 1051 1932 ad
1063 1871 1218 1952 recipien-

203 1967 278 2028 dam
300 1969 407 2030 fidcm.
432 1970 591 2048 Quinimc,
616 1969 643 2030 is
666 1969 722 2048 qui
743 1970 861 2031 nedum
883 1971 1071 2043 consentiat,
1094 1970 1221 2051 penitus

201 2067 401 2143 contradicit,
428 2089 442 2126 c
469 2083 627 2144 necrem,
650 2085 709 2130 nec
733 2068 951 2130 characterem
977 2068 1090 2149 recipit
1111 2087 1218 2130 sacra·

203 2190 219 2222 «
232 2165 331 2228 menti
342 2189 370 2244 »,
383 2169 419 2229 ut
433 2167 548 2228 dicitur
560 2167 592 2227 in
608 2185 679 2248 cap.
696 2166 842 2247 Majores,
857 2168 888 2241 3,
905 2183 944 2228 un
958 2169 1123 2232 Berrtsuo.
1141 2169 1219 2229 Eam

153 2339 154 2342 Ἴ
201 2265 241 2326 cb
256 2281 386 2326 causam
404 2269 534 2327 sauctus
547 2265 716 2343 Gregorius
730 2265 865 2343 Magnus
878 2266 1045 2328 admonuit
1058 2266 1131 2328 illos
1146 2283 1219 2328 om-

201 2382 258 2424 ues
273 2364 329 2444 qui
346 2369 499 2444 exoptant
513 2362 687 2443 perducere
708 2367 874 2424 extraneos
896 2363 937 2425 ad
952 2364 1048 2426 iidem
1072 2365 1217 2426 christic-

200 2479 287 2538 nam,
298 2467 334 2523 ut
347 2461 568 2538 blandimentis,
580 2477 640 2521 nen
651 2459 1024 2542 esperr'tctr'bussludecnl.
1040 2464 1118 2525 Gum
1128 2478 1216 2536 varo,

198 2561 396 2640 temporibus
419 2567 546 2624 aetatem
572 2559 716 2638 Gregorii
739 2547 927 2637 subsecutis,
952 2558 1097 2624 nonnulli
1121 2561 1218 2640 hujus

200 2656 375 2739 disciplina
399 2659 613 2732 immemores,
637 2661 670 2720 et
695 2657 761 2720 zelo
787 2679 848 2720 ccc
876 2659 1038 2721 seeundum
1063 2659 1218 2722 erientiam

192 2755 359 2834 concitati,
377 2757 494 2821 vellent
505 2755 630 2836 judaecs
641 2756 673 2816 vi
688 2762 719 2818 et
736 2763 823 2819 metu
840 2758 1014 2838 perducere
1034 2759 1075 2821 ad
1095 2759 1218 2838 proies·
1305 2753 1306 2777 ³

200 2855 322 2917 sionem
345 2855 421 2917 fidei
444 2855 637 2929 christianae,
671 2856 753 2917 alter
779 2857 942 2918 Romanus
967 2853 1126 2932 Pontifex,
1151 2855 1217 2916 Gle-

201 2971 289 3015 mens
301 2955 355 3029 111,
368 2954 401 3015 id
412 2971 519 3015 severe
532 2955 723 3016 auctoritate
734 2955 911 3034 apostolica
922 2953 1106 3034 prohibuit:
1121 2975 1138 3009 «
1149 2953 1219 3016 Sta-

204 3052 1217 3131 t<tuimusutnullusinvitosreinolentesjudaeosadBaptismum
1304 3055 1305 3109 i

203 3175 219 3207 «
233 3149 340 3211 venire
351 3150 530 3230 compellat.
544 3150 578 3213 Si
589 3151 774 3231 quisautem
783 3151 824 3212 ad
835 3151 1024 3212 christianos
1034 3169 1132 3213 causa
1141 3150 1217 3213 fldei

205 3247 431 3328 «confugerit,
456 3254 626 3330 postquam
652 3249 801 3310 voluntas
825 3249 893 3327 ejus
920 3249 1016 3310 tuerit
1042 3250 1215 3330 patefacta,

203 3345 424 3408 «christianus
443 3347 617 3420 efficiatum
635 3347 753 3427 quippe
768 3345 864 3430 tidem
880 3345 995 3408 Christi
1013 3347 1133 3408 habero
1152 3362 1217 3408 non
1303 3365 1304 3418 i

205 3431 387 3519 dormitur,
408 3446 464 3525 qui
487 3446 528 3506 ad
551 3441 798 3507 christianorum
817 3444 989 3523 Baptisma,
1011 3463 1076 3507 non
1089 3451 1219 3525 sponta-
1303 3419 1304 3443 ¹

205 3561 320 3620 cneus,
341 3543 397 3604 sed
410 3543 528 3605 invitus
550 3543 675 3622 cogitur
689 3541 866 3622 pervenire.
883 3565 899 3598 »
915 3545 990 3606 Haec
1009 3550 1057 3607 cst
1074 3544 1125 3606 lex
1137 3562 1215 3605 con·

201 3641 395 3703 sicutissime
414 3660 473 3721 pro
495 3641 611 3704 adultis
627 3658 635 3704 ε
651 3641 732 3703 sicut
753 3641 838 3703 enim
859 3640 957 3704 homo
981 3641 1073 3702 liberi
1092 3641 1216 3704 arbitrii
1302 3637 1303 3702 ξ

200 3738 364 3801 voluntate
383 3739 476 3819 perit,
496 3740 549 3816 sic,
569 3746 703 3803 vocante
722 3741 826 3819 gratia
846 3742 912 3818 Dei,
935 3739 1072 3821 propria
1096 3741 1214 3802 mentia
