2582 4278
85 237 144 285 sill.
163 234 203 282 lv.
226 231 438 282 oshlundlorlhs
461 229 676 278 chrisobonus
696 229 732 278 si
753 229 976 282 truculentum
1001 223 1054 280 147

60 357 131 418 cium
142 349 208 412 dari
222 354 352 429 propter
364 347 514 409 officium.
531 350 596 409 Hoc
606 345 804 408 verissimum
820 353 973 423 remanet,
988 348 1054 412 sive

59 455 161 513 fructus
174 446 320 508 beneficii
335 450 523 520 censeantur
537 444 727 525 stipendium
736 445 865 520 laboris,
882 445 946 507 sive
961 447 1054 509 bene-

60 548 148 610 ficium
167 545 347 607 conferatur
361 541 545 622 sinpliciter
562 560 633 605 cum
653 559 750 603 onere
765 543 871 604 officia
884 543 978 605 titulo
994 562 1053 606 an·

59 664 126 706 nexa
134 643 191 703 rite
206 641 412 722 adimplendi,
429 641 460 700 in
476 657 571 702 sensu
586 658 683 720 supra
696 640 866 721 explicato·

108 739 251 820 Sequitur
269 757 308 800 ex
327 737 432 800 allatis
448 737 689 799 auctoritatibus
708 738 791 798 male
809 738 869 799 sibi
889 737 1054 802 consulere

59 837 209 902 canonicos
226 837 282 916 qui
305 855 362 898 suo
383 835 488 897 officio
507 835 632 898 desunt.
653 838 772 898 Praeter
789 837 885 916 quod,
905 837 939 898 in
965 834 1053 898 omni

60 939 206 999 doctorum
224 934 392 1008 sententia,
410 933 551 1012 graviter
564 937 698 1012 peccant
712 951 777 994 non
788 934 967 1009 residendo,
978 934 1054 1015 jure

59 1033 197 1096 occuito
211 1033 288 1114 ipsis
309 1031 470 1094 verendum
491 1040 544 1104 est,
567 1035 603 1091 ut
623 1031 721 1091 verba
745 1036 926 1112 repetamus
952 1034 1053 1094 Bene·

59 1131 119 1193 dicti
129 1131 207 1209 XIV,
223 1149 262 1192 ne
282 1137 440 1191 teneantur
456 1127 498 1190 ad
514 1128 670 1208 fructuum
692 1133 915 1208 perceptorum
929 1129 1052 1190 restitu-

60 1230 159 1290 tionem.

105 1326 194 1390 'ioh
211 1361 253 1372 —
266 1327 319 1388 lli.
335 1326 535 1388 Assrsmumi
550 1340 646 1388 cuono
661 1341 699 1386 m
714 1339 890 1388 rsimomi.

71 1413 74 1422 ’
105 1425 136 1484 ln
150 1423 383 1504 quopraeeipue
396 1423 435 1483 sit
448 1421 657 1482 ministerium
672 1419 898 1484 canonicorum
914 1422 1054 1486 declarat

61 1521 177 1602 synodus
194 1521 382 1584 Tridentina
405 1537 413 1580 ε
442 1541 456 1578 u
477 1519 592 1581 Omnes
614 1519 719 1599 quiin
743 1520 979 1582 cathedralibus
1002 1521 1053 1606 vel

64 1619 253 1699 rccllegiatis
273 1617 497 1681 canonicatum
512 1617 667 1693 obtinent,
685 1619 793 1680 divina
812 1637 868 1697 per
880 1636 924 1692 se,
942 1623 974 1680 et
988 1636 1053 1681 non

65 1735 137 1797 aper
153 1717 351 1793 substitutos,
374 1715 607 1794 compellantur
628 1716 715 1778 obire
734 1717 877 1778 officia...
902 1721 998 1796 atque
1019 1716 1055 1778 iu

62 1813 186 1889 «choro,
209 1814 253 1876 ad
271 1813 471 1893 psallendum
494 1813 648 1888 instituto,
666 1813 793 1894 hymnis
808 1819 840 1875 et
854 1813 983 1876 canticis
997 1801 1054 1876 hei

66 1931 192 1973 unomen
205 1915 401 1988 reverenter,
417 1909 562 1971 distincte
578 1910 754 1991 devoteque
769 1911 911 1974 laudare.
923 1936 937 1966 »
956 1911 1050 1993 (Sess.

63 2009 300 2090 xxiv,cap.x11.)
870 2069 875 2078 .

106 2106 273 2168 Concilium
291 2110 391 2188 vetat
402 2123 441 2167 ne
463 2106 607 2167 canonici
626 2113 822 2185 praesumant
840 2107 928 2170 obire
945 2098 1053 2170 diviua

63 2203 145 2266 oldaia
159 2223 216 2284 per
239 2197 423 2280 substitutos,
436 2203 545 2284 utique
564 2210 746 2278 extraneos3
766 2205 892 2266 sublata
910 2224 974 2267 non
993 2204 1053 2266 fuit

62 2299 172 2362 facultas
189 2321 259 2364 sese
273 2301 408 2363 invicem
427 2301 648 2376 substituendi,
670 2302 843 2363 dummodo
862 2303 894 2364 id
909 2321 973 2362 non
987 2301 1050 2364 fre·

62 2401 251 2476 quenturfiat,
269 2399 355 2479 quod
369 2398 500 2460 arbitrio
520 2399 668 2480 Episcopi
683 2399 893 2480 judicandum
915 2398 1048 2461 dimitti·

62 2497 147 2570 tune
156 2497 343 2560 substitutus
352 2515 416 2558 non
424 2500 570 2582 teneatur
578 2497 690 2558 iisdem
698 2498 809 2560 diebus
819 2498 928 2560 adesse
937 2498 1050 2578 choro,

62 2611 137 2671 quam
150 2595 218 2676 ipse
236 2594 439 2662 substituens,
457 2593 583 2676 (Bened.
596 2595 674 2670 XIV,
690 2598 765 2658 lust.
783 2608 853 2670 cun,
870 2598 930 2675 33,
940 2604 974 2657 n⁰
986 2595 1050 2676 Π.)

104 2693 235 2754 Dubium
247 2713 312 2754 non
325 2696 371 2754 est
382 2691 457 2771 quin
467 2698 599 2773 peccent
613 2693 774 2756 lethaliter
788 2695 843 2774 qui
853 2713 910 2776 per
925 2701 1051 2775 tempus

62 2791 187 2865 rotabile,
204 2791 290 2853 ultra
304 2796 367 2852 tres
383 2809 505 2851 menses
516 2808 535 2850 a
543 2790 615 2869 jure
626 2808 804 2866 concessos,
821 2794 967 2854 absentes
977 2797 1052 2855 sunt

63 2887 178 2964 achoro,
191 2909 223 2950 v.
239 2909 284 2967 g.,
297 2889 391 2968 juxta
413 2882 540 2962 multoe,
555 2907 613 2969 pei
626 2889 785 2970 integram
800 2890 1048 2967 hebdomadam,

61 2983 97 3044 vel
107 2987 245 3064 pluribus
260 2987 369 3048 diebus
383 2985 570 3048 intermissis
583 3005 641 3067 per
655 3006 783 3050 annum.
802 2987 875 3052 Haec
897 2989 1051 3069 obligatio

62 3099 146 3145 onnes
159 3084 255 3148 horas
269 3084 367 3147 divini
376 3084 473 3146 oflicii
483 3071 716 3167 complectitur,
729 3087 817 3150 nullo
840 3088 977 3150 admisso
993 3088 1050 3149 dis·

62 3179 163 3243 cdmine
179 3183 263 3245 inter
283 3181 420 3261 majores
436 3187 467 3244 et
481 3183 634 3258 minores;
649 3203 689 3245 ex
703 3185 835 3265 singulis
854 3186 938 3247 enim
961 3184 1049 3248 horis

62 3283 158 3342 constat
172 3279 314 3343 officium
335 3280 477 3342 divinum
497 3277 587 3360 quod
602 3300 660 3361 per
675 3282 805 3363 seipsos,
823 3302 887 3345 non
902 3301 960 3364 per
973 3282 1049 3344 sub·

62 3373 171 3454 stitutos,
188 3379 277 3440 obire
301 3383 456 3452 tenentur,
479 3379 519 3440 ed
535 3381 755 3460 praescriptum
776 3370 908 3443 concilii
922 3381 1049 3443 Triden-

64 3470 112 3534 lini.
132 3497 145 3532 ε(
162 3476 240 3538 (l'est
258 3495 297 3538 en
311 3476 384 3538 vein
404 3475 499 3557 qu'on
519 3477 641 3556 objecte
660 3478 716 3539 des
736 3497 848 3558 usages
863 3474 1048 3569 contraires,

65 3589 76 3622 v
91 3571 126 3632 ait
137 3575 285 3651 liucasae3
298 3590 347 3636 ces
357 3592 471 3653 usages
480 3579 552 3635 sont
565 3575 696 3654 abusifs,
712 3593 807 3656 parce
819 3576 912 3658 qu’ils
924 3578 994 3639 font
1004 3596 1048 3639 un

67 3669 237 3750 «prejudice
253 3671 381 3737 notable
408 3675 428 3734 d
451 3655 591 3751 l'Eglise,
617 3664 649 3735 e't
671 3673 849 3737 diminuerit
876 3675 906 3736 le
929 3674 1048 3737 service
