2568 4272
151 236 218 284 tut.
240 236 268 281 V.
290 235 328 280 DE
348 232 595 280 cetloattoruuus
617 233 726 280 STATUS
747 234 907 282 uttlolosl.
982 228 1034 282 ‘289

69 354 155 414 482.
172 385 211 397 -
223 353 279 413 lll⁰
289 350 440 412 Glausura
451 349 626 429 generatim
636 349 669 410 in
679 368 716 411 eo
732 351 874 413 consistit
888 352 974 432 quod
983 370 1035 414 re·

7 450 188 530 gularibus
201 469 265 512 non
280 449 373 511 liceat
388 448 495 528 egredi
511 467 527 508 e
542 448 746 523 monasterio,
763 467 820 510 nec
836 450 1037 530 permittatur

9 549 182 610 6616666616
196 548 331 628 ingredi,
355 547 421 607 sine
433 546 561 608 ltcentia
576 546 681 608 debite
694 548 834 610 obtenta.

73 647 208 728 Duplex
228 646 432 724 distinguitur
456 644 614 718 clausura,
640 645 704 706 alia
727 646 909 728 episcopalis,
938 647 1039 710 altera

10 745 157 828 papalis,
171 750 207 806 ut
221 745 312 806 aiunt
326 743 508 816 canonistae,
525 748 620 823 prout
635 744 676 804 ab
690 743 845 824 Episcopo
865 746 1039 825 imponitur

15 844 233 906 conventibus
244 842 298 921 qui
309 840 464 919 aliislege
475 841 627 902 canonica
637 859 701 902 non
715 845 871 919 tenentur,
885 842 936 903 vel
947 845 1040 905 datur

16 941 216 1004 auctoritate
230 941 262 1002 S.
280 938 452 1014 Pontificio,
475 938 529 1016 qui
551 937 636 1000 solus
651 938 763 1000 exinde
783 959 878 1019 super
898 940 1041 1004 clausula

17 1039 166 1120 regulari
188 1039 369 1119 dispensare
393 1037 489 1108 valet,
513 1036 653 1116 exceptis
673 1037 775 1098 causis
794 1037 867 1117 jure
887 1039 1039 1119 praevisis.

18 1141 58 1200 Ut
72 1155 157 1198 vero
171 1141 282 1216 pateat
296 1134 376 1196 ratio
393 1133 488 1210 hujus
502 1133 703 1211 discrIminiS,
718 1137 923 1221 'perpendere
937 1156 1043 1199 neces-

22 1257 91 1297 sum
134 1240 185 1295 est
217 1232 395 1294 sanctiones
428 1231 597 1293 canonicas
627 1232 685 1292 suh
717 1232 838 1312 duplici
861 1240 1007 1314 respectu
1033 1251 1041 1295 :

23 1336 52 1393 l⁰
61 1332 176 1412 quoad
188 1348 350 1411 egressum
358 1328 552 1408 regularium
565 1347 582 1389 e
595 1347 652 1390 suo
666 1329 875 1406 monasterio;
888 1334 920 1392 2⁰
935 1332 1040 1412 quoad
1100 1391 1104 1402 ,

25 1429 255 1490 admissionem
273 1433 454 1488 exterorum
469 1426 554 1487 iutra
568 1431 658 1506 septa
673 1427 868 1489 monasterii.

82 1530 110 1590 1.
129 1526 177 1588 De
190 1545 309 1606 opressa
323 1524 509 1605 repertorium
522 1542 537 1584 e
551 1543 604 1584 suo
618 1527 808 1586 monasterio.

84 1630 145 1692 tus
156 1625 344 1690 canonicum
357 1623 448 1684 aliter
458 1641 516 1702 pro
524 1621 599 1683 viris
610 1642 646 1684 ac
655 1641 711 1703 pro
721 1624 912 1687 monialibus
923 1625 1042 1687 statuit.

28 1727 208 1789 Goncilium
225 1723 445 1786 Tridentiuum
458 1721 497 1782 de
511 1720 587 1782 viris
601 1721 802 1799 regularibus
817 1724 936 1785 edixit:
951 1748 967 1782 «
984 1727 1047 1786 Nec

33 1851 46 1882 «
56 1825 155 1886 liceat
165 1821 365 1902 regularibus
374 1839 394 1880 a
404 1819 467 1880 suis
479 1819 684 1880 conventibus
695 1821 854 1896 recedere,
866 1821 961 1883 etiam
971 1841 1050 1902 6666-

33 1929 154 1984 «textu
169 1922 211 1983 ad
226 1919 402 2000 6666616666
415 1935 487 1977 6666
502 1916 685 1992 accedendi,
701 1918 761 1978 nisi
772 1919 812 1979 ab
829 1919 947 1981 eisdem
962 1921 1049 1982 missi

39 2043 51 2078 r
68 2028 124 2082 aut
146 2019 253 2082 vocati
273 2017 401 2077 luerint.
424 2038 439 2071 »
463 2016 507 2075 De
527 2014 718 2076 monialibus
738 2021 844 2078 autem
862 2035 869 2078 :
890 2040 905 2076 6
926 2018 1050 2081 Nemini

36 2143 50 2174 «
64 2115 358 2180 sanctimonialium
372 2113 466 2174 liceat
477 2117 550 2192 post
561 2112 786 2191 professionem
797 2116 882 2177 extre
893 2135 912 2178 6
924 2135 1051 2178 monas·

39 2217 159 2292 «16616,
176 2215 273 2277 etiarn
286 2213 326 2274 ad
336 2213 430 2273 breve
441 2216 578 2290 tempus,
595 2229 794 2293 quocumque
807 2220 975 2293 praetextu,
990 2214 1051 2275 nisi

38 2340 51 2371 «
66 2336 104 2378 ex
128 2315 241 2394 aliqua
261 2311 404 2392 legitima
425 2328 521 2371 causa
547 2308 587 2369 ab
608 2309 765 2391 Episcopo
788 2312 1007 2391 approbanda.
1032 2337 1047 2367 »

40 2413 124 2494 (Gap.
139 2431 171 2476 1v
187 2410 276 2492 616.)

93 2507 305 2592 Frequentior
330 2513 378 2568 est
399 2505 475 2567 viris
495 2525 590 2567 causa
609 2505 803 2586 egrediendi,
825 2508 1002 2587 prasertim
1026 2508 1053 2571 si

43 2629 125 2672 sacro
141 2605 316 2671 ministerio
332 2605 565 2685 mancipentur,
586 2609 618 2665 et
633 2604 737 2666 minus
754 2610 845 2685 urget
860 2607 1048 2686 periculum.

43 2705 183 2769 Peccant'
195 2706 297 2767 solum
315 2702 479 2765 venialiter
493 2701 520 2762 si
538 2702 579 2762 ad
593 2702 688 2763 breve
707 2708 832 2783 tempus
851 2704 1055 2783 egrediantur

46 2824 60 2865 e
82 2803 286 2878 monasterio,
311 2801 471 2862 nesciente
490 2805 521 2862 61
544 2819 608 2861 666
632 2801 848 2863 consentiente
873 2803 1054 2882 superiore;

47 2908 145 2980 potest
161 2902 258 2964 etiam
276 2899 459 2979 contingere
476 2902 511 2959 ut
528 2898 652 2960 nullum
674 2898 714 2959 sit
732 2906 911 2979 peccatum,
933 2900 1056 2964 ratione

49 3000 152 3064 habita
163 2997 409 3073 consuetudinis,
426 2997 603 3059 tolerantie
619 2997 829 3078 superiorum,
842 3000 969 3062 seclusis
984 3001 1055 3082 qui·

49 3097 147 3161 1166616
161 3097 268 3179 666616
284 3095 538 3158 circumstantiis.
965 3109 967 3113 ·

103 3196 191 3270 Quod
211 3214 286 3258 vero
313 3195 354 3254 ad
373 3192 527 3255 moniales
548 3197 678 3272 spectat,
699 3193 788 3255 nullo
807 3200 964 3274 praetextn
983 3196 1058 3277 ipsis

54 3293 127 3372 licet,
151 3292 307 3357 etiamad
329 3293 425 3352 breve
449 3296 585 3371 tempus,
606 3309 623 3351 6
643 3291 834 3352 monasterio
857 3294 977 3372 egredi,
999 3295 1059 3356 6161

56 3390 186 3469 legitima
199 3391 380 3452 'intercedat
395 3407 501 3464 causa,
517 3388 557 3450 ab
572 3387 729 3469 Episcopo
747 3389 965 3469 approbanda.
983 3393 1058 3465 Qua

58 3487 178 3552 6116666
200 3507 296 3551 causa
311 3487 463 3567 legitima,
488 3487 767 3549 constitutionibus
788 3487 958 3566 pontificiis
979 3489 1058 3551 defi·

60 3587 143 3649 nitur.
167 3586 346 3651 Bonilacius
362 3586 440 3659 VIII,
465 3585 566 3664 capite
585 3583 755 3645 Periculose
775 3585 824 3664 (ns
846 3584 1060 3653 Soura-anou-

62 3701 173 3761 uuuuu,
190 3689 223 3748 in
238 3685 294 3765 66)
308 3705 404 3746 unam
417 3683 616 3745 solummodo
627 3701 755 3745 causam
771 3683 930 3760 indicavit,
943 3687 1063 3752 scilicet

158 3837 227 3866 6666,
244 3834 287 3863 sun
311 3833 362 3863 cna.
380 3833 404 3862 rr.
888 3807 919 3860 Η
