2568 4272
217 245 270 300 290
554 251 628 301 PARS
648 253 682 299 11.
703 251 890 300 fluctuantia.

217 369 362 430 morbum
389 387 537 447 gravem,
573 368 642 430 aliis
672 369 895 449 periculosum.
925 368 1000 430 Pius
1036 369 1062 430 V
1091 368 1233 430 decrevit

217 467 445 530 Constitutione
459 466 608 530 Deccrc'ct
623 467 782 544 honestati,
797 468 877 530 nulli
890 467 1139 543 abbatissarum,
1153 467 1236 547 prio-

217 568 380 642 rissarum,
392 567 565 629 aliarumve
581 568 778 641 monialium,
797 568 925 629 etiame
945 567 1033 646 regia
1050 566 1102 628 vel
1116 565 1236 626 illustri

216 665 365 746 prosapia
383 671 536 742 arturum,
557 665 680 728 licitum
703 668 771 729 fore
791 686 811 729 a
833 665 1032 730 monasteriis
1056 665 1145 726 exire
1169 665 1236 726 ulla

215 763 380 826 occasione
399 771 431 826 et
451 769 618 846 pretextu,
650 787 664 823 u
687 761 747 827 uisi
771 783 810 827 ex
834 784 929 828 causa
949 764 1058 844 magni
1080 756 1234 839 incendii,

219 886 234 918 «
256 862 307 924 vel
319 863 509 934 infirmitatis
522 862 630 944 leprae,
652 870 707 925 aut
723 863 898 944 epidcmiae,
923 883 994 944 quae
1013 869 1124 925 tamen
1144 861 1236 922 infir-

219 985 233 1016 «
255 960 473 1042 mitaspraeter
483 961 561 1024 alios
576 961 724 1024 ordinum
739 962 925 1043 superiores,
941 962 1056 1043 quibus
1072 980 1156 1024 cura
1171 979 1239 1023 mo·

219 1058 463 1121 anastasiorum
489 1059 699 1138 incumberet,
736 1061 831 1122 etiam
857 1080 915 1141 per
945 1061 1154 1141 Episcopum,
1184 1079 1238 1120 seu
1282 1045 1283 1122 i

115 1201 119 1206 .
219 1183 234 1215 a
258 1158 354 1219 alium
369 1157 571 1220 Ordinarium
593 1159 666 1238 loci,
687 1160 814 1238 cognita
833 1164 865 1222 et
885 1178 1030 1242 expresse
1054 1159 1089 1220 in
1110 1155 1238 1238 scriptis
1282 1215 1283 1218 ,

218 1279 233 1313 a
257 1256 436 1337 approbata
450 1255 490 1318 sit
502 1281 531 1317 s.

275 1354 617 1434 Monialeseconventu
627 1356 834 1434 egredientes,
845 1357 1023 1437 superiores
1031 1357 1238 1436 contrasprae·

216 1455 369 1536 scriptum
382 1455 499 1517 decreti
513 1455 674 1519 licentiam
689 1457 823 1519 exeundi
839 1456 1142 1537 quomodocumque
1159 1475 1235 1517 con-

217 1555 375 1629 cedentes,
392 1553 522 1617 comites
542 1574 579 1616 ac
600 1556 788 1637 receptrices
808 1574 962 1636 persona,
980 1555 1077 1618 etiam
1098 1573 1236 1617 consau-

218 1651 353 1733 guineae,
372 1652 549 1715 subduntur
569 1654 639 1735 ipso
660 1656 744 1717 facto
767 1654 1088 1734 excommunicationi
1108 1654 1235 1736 majori,

217 1758 384 1815 reservatae
398 1753 540 1816 Romano
553 1753 710 1818 Pontifici.

278 1849 361 1912 Nulli
377 1851 473 1929 igitur
489 1850 574 1928 licet,
591 1853 733 1933 exceptis
747 1851 847 1916 tribus
863 1852 965 1916 causis
979 1848 1150 1935 expressiS,
1164 1872 1235 1914 con·

220 1947 331 2011 cedere
354 1949 536 2012 facultatem
561 1950 752 2012 monialibus
768 1952 914 2028 exeundi,
934 1973 964 2014 v.
987 1971 1033 2030 g„
1049 1950 1076 2014 si
1099 1951 1202 2014 velint
1223 1969 1237 2012 e

218 2035 409 2110 monasterio
428 2049 536 2128 egredi
553 2055 588 2110 ut
608 2049 731 2112 balneis
747 2056 888 2127 utantur,
908 2055 941 2113 ut
958 2070 1030 2113 aere
1047 2051 1180 2131 puriore
1201 2051 1237 2112 ad

218 2145 467 2227 recuperandam
483 2147 696 2210 valetudinem
711 2149 867 2226 fruantur,
884 2155 920 2212 ut
933 2150 974 2214 ad
984 2149 1072 2212 aliud
1082 2155 1237 2212 monaste·

113 2256 115 2264 '
216 2247 299 2308 rium
332 2243 574 2308 transferantur.
605 2249 693 2309 Hanc
723 2248 923 2328 disciplinam
953 2248 1068 2329 saepius
1098 2248 1235 2312 firmarit

218 2345 249 2406 S.
273 2344 482 2424 congregatio
506 2335 724 2424 Regularium,
747 2345 836 2426 cujus
848 2346 949 2426 jussu,
970 2348 1109 2428 exempli
1127 2367 1231 2421 causa,

218 2442 429 2522 scriptumest
442 2462 493 2505 an.
510 2445 588 2506 1789
604 2444 645 2505 ad
659 2444 850 2525 Episcopum
865 2445 1146 2508 Malacitanensem
1161 2446 1234 2529 (Ma-

219 2537 313 2623 laga)‚
333 2543 401 2602 Em.
419 2543 529 2603 Patres
538 2529 716 2604 ¹decrevisse
731 2544 771 2605 ad
786 2545 935 2607 Sanctam
951 2544 1064 2606 Sedem
1076 2544 1234 2625 Apostoli-

219 2639 1230 2726 camspectarelacultatemconcedendimonialibustranseundi,

220 2742 251 2798 et
277 2738 486 2799 transferendi
511 2741 639 2800 easdem
665 2741 705 2802 ab
731 2760 795 2803 uno
819 2741 860 2803 ad
884 2741 971 2803 aliud
995 2743 1230 2818 monasterium,

219 2835 297 2898 etin
317 2836 499 2917 peragenda
514 2837 721 2918 translatione
734 2841 904 2902 servandas
922 2859 989 2902 esse
1005 2841 1092 2922 leges
1107 2848 1142 2903 et
1161 2861 1231 2904 con·

219 2932 355 2997 ditiones
368 2935 401 2996 in
416 2935 591 3015 apostolico
604 2931 727 2999 indulto
743 2939 915 3019 appositas.
930 2939 1021 3012 Quod
1033 2941 1060 3000 si
1070 2923 1163 3004 secus
1177 2943 1233 3002 lac-

218 3037 287 3093 tum
308 3031 413 3106 luerit,
436 3039 501 3094 tam
523 3037 666 3114 superior
686 3037 740 3115 qui
757 3037 941 3100 facultatem
959 3040 1125 3114 concessit,
1142 3057 1231 3120 quam

219 3129 366 3192 monialis
379 3149 516 3209 egressa,
530 3152 673 3214 personae
694 3127 764 3216 qua
784 3135 874 3196 illam
886 3135 1045 3198 comitatae
1059 3139 1190 3216 fuerint,
1206 3141 1232 3198 et

219 3247 289 3309 quae
301 3235 497 3310 receperunt,
511 3233 676 3314 subjacent
688 3233 789 3312 poenis
800 3233 833 3296 in
850 3235 1122 3319 constitutiones.
1140 3237 1189 3298 Pii
1198 3237 1229 3310 v,

218 3327 370 3392 Decutiat
382 3325 529 3394 honestati
541 3331 564 3404 ¹,
581 3320 757 3412 praefinitis.

265 3513 288 3560 l.
304 3507 399 3560 Sancta
412 3509 492 3560 Sedes
505 3507 671 3575 quaudoque
690 3510 804 3562 indulsit
819 3511 982 3564 monialibus
998 3517 1028 3564 ut
1042 3513 1149 3566 scholas
1165 3511 1232 3581 pual-

218 3585 306 3639 larum
315 3589 485 3636 extemarum
499 3587 599 3636 habere
612 3588 683 3638 licite
696 3587 832 3651 valerent3
848 3589 885 3640 ita
899 3593 990 3640 tamen
1008 3597 1038 3641 ut
1061 3593 1160 3642 scholae
1173 3605 1230 3642 con·

217 3664 392 3715 stituerentur
409 3663 435 3714 in
456 3667 532 3728 parta
544 3663 643 3714 adium
664 3665 820 3716 monasterii
838 3666 872 3716 ab
891 3665 1089 3732 aliascparata,
1105 3669 1228 3733 adquam

219 3754 266 3804 per
277 3740 388 3804 ianuam
401 3741 537 3790 externam
547 3740 644 3804 puella
654 3741 759 3805 ingredi
773 3742 891 3805 possint;
904 3742 974 3794 facta
987 3747 1120 3806 potestate
1132 3747 1228 3796 monia·
