2588 4276
217 367 281 427 qua
295 346 428 427 agimus,
444 347 602 421 Profecto,
621 345 772 407 clericum
792 347 846 425 qui
866 347 945 408 serio
960 349 1100 410 affirmat
1114 369 1156 424 sc,
1170 372 1222 431 pro

217 465 275 507 sua
292 444 477 523 fragilitate,
497 445 530 504 in
555 445 722 505 discrimen
742 444 852 506 salutis
871 445 978 506 venire
994 449 1182 510 remanendo
1194 451 1225 510 in

217 543 344 616 saeculo,
360 542 495 604 invitum
509 541 586 602 etin
598 542 739 622 periculo
752 542 922 622 ancipitem
938 560 1003 605 non
1019 545 1179 609 detinebit.
1194 547 1225 610 Si

122 693 123 696 ,
216 641 371 702 rationem
396 639 581 719 hujusmodi
609 639 770 701 affirmare
797 659 862 701 non
882 642 987 704 valeat
1011 642 1154 717 clericus,
1173 663 1226 705 nec

217 739 390 818 Episcopus
406 737 593 818 suspicetur,
609 737 665 798 sed
679 737 880 799 solummodo
896 745 1011 816 agatur
1026 739 1065 800 de
1078 741 1230 802 communi

218 835 375 896 desiderio
389 835 462 896 vitae
478 834 646 914 religiosae,
655 835 728 913 jure
743 835 861 914 poterit
873 837 1050 916 Episcopus
1062 837 1123 916 ipsi
1136 838 1228 899 inter-

219 933 372 994 dicerene
386 932 492 993 locum
503 949 596 1002 suum
613 931 818 1010 officiumque
832 933 967 1007 deserat,
985 934 1097 996 relicta
1111 934 1231 996 aliunde

220 1026 333 1087 clerico
347 1025 498 1088 facultate
520 1025 657 1086 adeundi
672 1044 831 1085 summum
846 1027 1045 1103 Pontificem,
1067 1029 1153 1107 quod
1166 1047 1229 1088 om-

219 1124 312 1184 nibus
333 1124 406 1184 licet
425 1124 553 1203 quando
572 1121 687 1201 injuste
719 1129 868 1200 gravatos
892 1143 925 1184 se
950 1129 1113 1204 reputant.
1136 1126 1231 1186 Causa

219 1221 377 1292 deferetur
387 1222 428 1282 ad
443 1221 730 1298 Congregationem
743 1221 974 1301 Episcoporum
989 1228 1021 1283 et
1032 1223 1231 1300 Regularium

218 1319 402 1398 intereaque
417 1318 598 1397 expectabit
611 1317 755 1393 clericus,
773 1319 910 1380 debitam
924 1321 1137 1382 reverentiam
1149 1321 1229 1382 exhi·

219 1417 324 1478 bando
339 1435 396 1476 suo
411 1416 576 1494 Episcopo.

280 1523 370 1596 Quod
382 1523 423 1584 ad
438 1523 610 1584 secundum
626 1542 733 1585 casum
749 1523 873 1599 attinet,
891 1524 1019 1603 quando
1035 1525 1158 1586 scilicet
1173 1525 1231 1586 cle·

186 1627 188 1630 ’
220 1621 302 1682 ricus
317 1620 473 1701 promisit,
489 1626 563 1681 ante
574 1622 818 1695 ordinationem,
836 1639 867 1682 se
883 1622 1069 1702 obsequium
1082 1622 1232 1683 exhibitu·

221 1737 291 1778 rum
303 1718 370 1778 fore
388 1737 444 1778 suo
459 1718 615 1796 Episcopo
630 1737 688 1797 per
701 1724 805 1781 totum
820 1720 893 1780 vitae
915 1719 1098 1792 decursum,
1115 1726 1170 1782 aut
1182 1738 1233 1798 per

222 1820 342 1877 certum
370 1820 496 1894 tempus
528 1815 784 1891 determinatum,
815 1822 846 1878 et
876 1817 934 1877 sub
965 1817 1026 1878 hac
1058 1818 1234 1879 conditione

221 1918 386 1992 promotus
404 1913 474 1986 fuit,
491 1918 617 1973 tenetur
637 1920 719 1975 stare
742 1914 914 1993 promissis.
931 1914 966 1974 Id
986 1919 1094 1975 autem
1115 1915 1233 1994 exigere

221 2016 325 2090 potest
337 2005 523 2090 Episcopus,
539 2011 663 2072 etiamsi
681 2030 746 2072 non
766 2012 977 2072 intercesserit
997 2013 1152 2092 explicIta
1165 2031 1232 2092 pro-

222 2108 339 2182 missio,
370 2108 468 2169 abiis
506 2109 682 2186 generatim
705 2109 760 2189 qui
792 2109 969 2188 sumptibus
1000 2110 1148 2170 dioecesis
1172 2109 1234 2170 aliti

222 2211 307 2280 sunt,
324 2206 477 2284 quoniam
498 2223 624 2285 aequum
646 2212 694 2267 est
718 2211 749 2268 et
769 2207 908 2292 maxime
931 2207 1048 2267 rationi
1068 2212 1232 2268 consenta-

222 2321 328 2376 neum,
354 2308 389 2363 ut
406 2303 435 2362 ei
458 2321 588 2382 operam
610 2322 702 2364 suam
721 2309 872 2382 praestent
891 2303 980 2382 cujus
1005 2305 1162 2365 beneficio
1197 2305 1234 2365 ad

221 2401 408 2478 dignitatem
428 2397 523 2460 officii
542 2401 695 2462 clericalis
715 2403 977 2464 conscenderunt.
994 2404 1059 2462 Hac
1075 2403 1114 2463 de
1129 2421 1232 2477 causa,

221 2504 348 2560 sanctus
371 2499 500 2561 Carolus
526 2500 725 2560 Borromaeus
751 2495 796 2560 sic
811 2499 1080 2578 praescribendum
1102 2501 1234 2561 duxerat

222 2596 255 2656 in
270 2597 386 2676 regulis
405 2596 565 2657 seminarii
583 2615 590 2659 :
611 2597 757 2676 «Siquis
775 2598 909 2658 decursu
926 2599 1077 2676 temporis
1092 2597 1132 2658 de
1155 2603 1234 2658 stetu

226 2717 242 2750 «
264 2693 415 2754 mutando
432 2694 597 2755 consilium
613 2701 750 2774 caperet,
769 2694 892 2756 etiamsi
908 2695 946 2755 de
961 2695 1114 2773 religione
1130 2694 1233 2774 ingre-

226 2815 241 2848 «
264 2791 379 2852 dienda
398 2793 563 2868 cogitaret,
595 2793 633 2853 de
663 2811 699 2854 eo
728 2793 764 2854 R.
790 2792 1072 2872 Archiepiscopum
1095 2793 1148 2853 vel
1176 2812 1235 2854 rec·

226 2913 242 2949 n
263 2895 364 2950 torem
384 2890 550 2950 certiorem
572 2891 684 2964 faciat3
707 2896 852 2970 peccaret
870 2891 954 2952 enim
975 2891 1001 2952 si
1018 2891 1051 2951 in
1067 2890 1234 2952 seminario

229 3009 243 3045 c
264 2988 324 3048 hoc
339 2987 445 3048 animo
460 2989 590 3064 viveret,
607 2988 639 3049 in
663 2989 761 3049 alium
780 2989 876 3050 finem
891 3007 1080 3050 consumens
1096 2990 1184 3068 quod
1199 2990 1235 3050 ad

228 3111 242 3142 κ
264 3087 425 3166 operarios
445 3087 546 3147 solum
565 3105 622 3165 pro
637 3086 733 3166 hujus
752 3087 900 3148 Ecclesiae
916 3087 1034 3148 auxilio
1057 3092 1234 3148 sustentau-

229 3207 243 3244 α
264 3185 321 3260 dos
344 3190 390 3245 est
412 3184 617 3245 constitutum
647 3185 670 3246 ¹.
697 3208 713 3242 »
740 3185 815 3246 Pius
836 3185 912 3246 item
939 3186 980 3246 IX
998 3186 1068 3246 haec
1090 3185 1232 3265 praescri·

225 3283 329 3344 benda
342 3281 441 3343 veluit
455 3281 603 3342 omnibus
616 3283 752 3344 alumnis
767 3277 928 3344 seminarii
942 3285 1049 3344 Romae
1065 3283 1171 3358 erecti,
1189 3282 1233 3342 lit·
1278 3295 1279 3330 t

224 3381 297 3441 teris
306 3379 486 3460 apostolicis
499 3378 575 3442 Cum
589 3380 721 3442 Romani
731 3380 907 3463 Pontifices,
922 3401 973 3444 an.
993 3383 1090 3442 1853:
1108 3380 1234 3440 «Alum
1278 3387 1279 3426 l

229 3503 243 3532 «
265 3497 360 3540 nus...
383 3497 419 3538 co
438 3478 488 3539 die
506 3477 581 3560 (quo
601 3480 764 3560 propriam
785 3484 904 3542 vestem
922 3479 1083 3542 seminarii
1097 3475 1232 3556 assumit)

274 3695 296 3741 t.
307 3691 636 3756 Institutionessemtnarti,
649 3699 719 3760 part.
739 3697 783 3758 111,
799 3709 856 3760 cap.
873 3709 890 3747 ι.

216 224 269 280 256
556 207 634 280 rins
650 229 684 277 11.
705 231 894 280 recursans.

1278 3235 1279 3286 t
