2588 4276
254 210 323 258 ΛΒΤ.
343 209 364 256 1.
385 207 473 257 caluo
493 209 633 258 Olllllllllll
652 210 891 259 Rutldlosonuu.
1031 203 1079 258 llll

62 344 140 407 pace
158 324 307 388 Ecclesiae
328 324 462 399 reddita,
488 326 681 387 monasteria
702 326 853 389 aedificari
873 328 1030 389 curaverit
1048 327 1082 388 in

63 423 227 486 Thebaide
248 422 388 502 AEgypti,
409 440 448 483 ex
469 423 584 502 quibus
606 423 676 484 hare
699 423 826 484 vivendi
849 425 931 486 ratio
950 424 1082 486 in‘alias

62 521 209 602 regiones
238 520 394 600 paulatim
420 525 598 599 propagata
622 526 678 582 est.
706 521 779 597 Alii,
809 540 925 601 magno
952 523 1081 602 quidem

61 624 324 699 argumentorum
344 618 495 697 pondere,
510 619 727 680 demonstrare
741 620 903 681 enituntur
918 619 1080 699 antiquio·

65 735 129 778 rem
152 735 221 778 esse
251 735 288 796 ac
308 715 468 796 Apostolis
494 734 637 778 coaevum
666 721 783 778 statum
810 717 1033 779 coenobiticum
1057 722 1078 779 ¹.

65 814 214 882 Nostrum
237 831 301 876 non
323 819 369 874 est
390 814 478 876 litem
497 815 580 875 inter
600 815 743 876 doctores
766 813 976 895 componerc;
995 815 1083 876 baud

65 911 274 992 improbabile
289 918 336 971 est
351 916 497 972 sanctum
513 911 655 974 Marcum
675 913 782 991 plures
801 912 1022 975 christifideles
1040 913 1081 974 ad

67 1010 159 1078 vitam
175 1009 359 1088 religiosam
380 1008 560 1083 adduxisse,
578 1010 664 1088 quod
677 1009 710 1069 in
724 1011 883 1071 nonnullis
898 1012 995 1073 etiam
1012 1011 1081 1072 aliis

68 1108 245 1187 regionibus
264 1108 408 1169 fecerunt
428 1105 489 1167 viri
505 1107 688 1186 Apostolici.
706 1108 872 1183 Eusebius,
889 1110 990 1170 sancti
1005 1110 1080 1171 Hie-

22 1235 23 1244 *
69 1224 214 1286 ronymus
237 1210 270 1266 et
294 1204 509 1285 Epiphanius,
539 1204 685 1266 deveris
715 1205 870 1282 religiosis
902 1207 1082 1268 christianis

69 1304 287 1366 intellexerunt
301 1308 406 1364 textus
419 1301 563 1364 Philonis
577 1303 681 1363 ludaei
693 1304 732 1364 de
745 1304 892 1380 Esseniis,
907 1323 962 1366 seu
977 1305 1082 1365 thera·

70 1401 177 1483 paulis,
197 1401 251 1480 qui
265 1401 424 1479 primaevis
446 1399 569 1462 saeculis
590 1401 689 1460 vitam
705 1418 906 1462 communem
922 1402 1081 1462 ducebant

70 1500 123 1560 sub
143 1498 295 1576 regimine
320 1499 413 1559 unius
432 1498 608 1578 praepositi.
631 1501 771 1558 Decursu
792 1517 866 1559 vero
886 1493 1083 1579 temporum,¹

72 1596 211 1658 saviente
226 1597 445 1675 persecutione
460 1597 492 1655 in
508 1592 693 1674 religionem
709 1593 925 1670 christianam,
939 1596 1081 1675 collapsa

72 1699 139 1756 suut
150 1694 217 1756 baec
233 1693 380 1754 coenobia
395 1699 427 1754 et
442 1693 608 1755 coenobitae
623 1693 767 1773 dispersi,
785 1694 863 1755 adeo
879 1699 914 1754 ut
928 1694 1001 1756 uitae
1016 1711 1082 1756 mc·

73 1791 193 1853 castiore
211 1791 304 1852 nulla
322 1789 522 1872 superessent
538 1791 684 1869 vestigia,
701 1791 883 1871 abolitoque
898 1798 979 1852 esset
996 1791 1080 1852 illius

75 1889 226 1964 memoria,
265 1890 392 1968 quando
430 1889 515 1952 hunc
554 1893 672 1950 statum
709 1891 748 1950 de
779 1909 861 1951 novo
893 1890 1081 1952 instauravit

76 1992 189 2050 sanctus
229 1986 421 2048 Pachomius
448 2005 545 2068 quem
573 1986 736 2064 regulares
770 1993 971 2066 venerantur,
1016 2005 1081 2048 una

77 2103 137 2146 cum
154 2089 264 2147 sancto
279 2084 451 2160 Hilarione‚
470 2089 624 2163 tanquam
645 2083 764 2145 ordinis
785 2084 924 2162 religiosi
938 2085 1079 2145 Patriar·

77 2182 169 2246 cham.
613 2193 617 2205 “

125 2282 191 2342 430.
209 2315 249 2325 -
263 2280 316 2342 ΙΙΙ.
342 2279 413 2355 Qua
434 2281 494 2340 sciat
512 2281 674 2365 praerrpuae
688 2279 798 2360 species
814 2277 958 2340 ordinum
970 2266 1077 2360 relr'p't'·

23 2417 26 2424 =
74 2375 182 2439 rorum?

126 2475 271 2548 Quamvis
286 2495 395 2538 omnes
410 2477 536 2540 ordines
549 2476 690 2556 religiosi
704 2475 745 2537 ad
760 2476 907 2537 eumdem
921 2475 1017 2536 finem
1032 2475 1079 2535 ul-

76 2573 142 2636 timo
159 2576 303 2648 tendant,
326 2574 478 2636 nimirum
499 2575 540 2636 ad
562 2574 786 2654 perfectionem
806 2573 878 2634 vitre
899 2573 1079 2634 christiana

75 2673 154 2750 praxi
167 2671 371 2734 consiliorum
387 2671 654 2750 evangelicorum,
679 2672 734 2732 alii
748 2677 856 2736 tamen
876 2671 916 2732 ab
934 2671 1004 2732 aliis
1019 2670 1089 2760 dis·¹

74 2776 234 2831 cernuntur
259 2771 381 2832 ratione
403 2771 523 2850 regulae
545 2771 602 2832 sub
626 2789 690 2849 qua
710 2773 775 2832 Deo
798 2769 936 2831 militant
957 2776 989 2831 et
1007 2769 1079 2831 finis

75 2869 182 2950 proprii
202 2887 297 2948 quem
312 2869 495 2944 intendunt;
518 2869 724 2947 quamobrem
747 2867 905 2929 distinctio
926 2869 1079 2928 Ordinum

22 3003 24 3044 ς
75 2966 162 3026 oritur
175 2965 271 3028 simul
284 2985 303 3028 a
318 2966 497 3056 diversitate
512 2965 694 3046 regularum
711 2970 743 3026 et
754 2965 825 3026 finis
838 2965 985 3046 proximi.
1094 3021 1097 3025 .

22 3047 24 3054 ι

22 3099 24 3106 r

124 3066 263 3136 Quatucr
284 3070 358 3125 sunt
375 3065 493 3142 regulae
513 3063 765 3143 principaliores,
783 3082 899 3142 nempe
926 3081 933 3124 :
960 3062 1078 3140 regulae

76 3167 243 3223 sanctorum
255 3163 371 3236 Basilii,
383 3161 560 3240 Augustini,
570 3160 740 3223 Benedicti
751 3166 781 3222 et
791 3161 961 3222 Francisci.
974 3161 1079 3222 Unam

77 3277 90 3319 e
102 3266 230 3340 quatuor
244 3260 418 3343 amplexati
437 3264 512 3319 sunt
525 3258 668 3340 plerique
682 3259 869 3320 fundatores
884 3257 1032 3319 ordinum
1046 3263 1079 3320 et

22 3461 23 3474 ³
116 3449 136 3496 l.
147 3445 278 3510 Solvagio.
292 3445 344 3497 loc.
356 3445 411 3505 eit..
424 3449 534 3507 §113-
547 3445 716 3507 Thomassim
729 3443 879 3508 Disciplina
891 3445 998 3506 Ecetra,
1009 3406 1077 3508 port..

81 3519 96 3580 l,
108 3519 148 3572 lib.
162 3523 213 3583 lll;
227 3549 258 3560 -
272 3523 376 3586 Helym,
392 3523 506 3573 Histoire
524 3523 569 3572 des
584 3522 674 3572 ordros
692 3521 830 3586 religieuc,
847 3523 912 3570 tom.
931 3523 951 3582 1,
968 3520 1077 3573 besem.

80 3595 251 3727 p'relrlp'rpgngltra
268 3601 322 3662 ἑᾶς
336 3627 366 3638 -
383 3601 503 3652 Examen
516 3599 666 3650 historicum
681 3600 706 3649 et
720 3597 872 3648 canonicum
887 3595 949 3648 libri
962 3598 1078 3650 Monuni
