2632 4260
294 239 415 300 sverm,
435 237 664 300 ceciderintue,
685 240 761 288 JUlih
786 239 951 289 hhllllllllill.
1107 236 1123 285 ll

105 356 263 426 hactenus
274 355 450 418 tamensihi
460 355 624 434 providere
636 361 817 436 nequeunt:
832 373 908 434 crgo
919 356 1121 418 continentur

106 454 166 517 suh
181 472 260 518 cura
273 460 455 536 parentum.

167 553 547 616 Communissimatamcn
555 554 792 616 canonistarum
801 553 957 617 sententia
965 554 1125 616 estEccle·

104 651 187 716 siam
201 670 304 732 posse,
323 650 435 737 hahita
447 652 570 714 ratione
586 658 766 733 temporum
779 658 811 715 et
832 656 933 714 status
951 652 1121 727 societatis,

105 751 265 813 abducere
290 749 460 831 parvulum
485 751 682 830 baptizatum
709 770 729 814 a
756 749 910 829 regimine
939 755 1121 832 parentum,

105 849 194 930 quod
207 849 346 930 probant
357 849 546 911 auctoritate
562 855 594 911 et
608 849 741 913 ratione.

164 947 261 1010 Proh.
276 949 307 1007 l⁰
317 947 506 1010 Auctoritatis
516 947 643 1010 concilii
651 947 808 1022 Toletani,
820 950 852 1010 S.
863 949 1124 1028 congregationis

103 1045 333 1125 inquisitionis,
348 1051 381 1108 ct
398 1045 560 1108 Benedicti
581 1047 660 1109 xlv.
681 1045 857 1109 Concilium
878 1047 1067 1108 'toletanum
1082 1048 1123 1110 lv

104 1143 218 1208 statuit
237 1161 246 1207 ε
272 1145 489 1207 «ludaeorum
501 1143 585 1206 filios
597 1144 649 1207 vel
670 1143 763 1224 filios,
789 1163 829 1205 ne
846 1150 1017 1224 parentum
1036 1145 1122 1206 ultra

104 1268 120 1298 «ι
135 1239 339 1308 involventur
352 1243 524 1319 erroribus,
545 1243 586 1305 ah
607 1247 718 1305 eorum
733 1242 893 1304 consortio
911 1243 1051 1322 separari
1065 1244 1120 1305 de·

105 1341 315 1416 «cernimus,
338 1342 517 1421 deputatos,
547 1347 602 1402 aut
627 1340 838 1417 monasteriis,
863 1347 919 1404 aut
941 1341 1122 1403 christianis

106 1439 250 1502 «viris...
272 1445 310 1500 ut
332 1440 389 1502 suh
416 1457 526 1502 eorum
551 1439 791 1502 conversatione
816 1438 936 1502 cultum
966 1438 1041 1500 fidei
1061 1438 1123 1501 dis·

105 1563 121 1594 «
136 1544 234 1612 cant,
257 1543 354 1618 atque
377 1537 491 1601 melius
509 1537 658 1614 instituti,
674 1543 740 1600 tam
759 1537 793 1599 in
812 1537 954 1600 moribus
976 1555 1072 1618 quam
1086 1537 1121 1599 in

107 1657 123 1694 u
136 1636 201 1722 lide
216 1635 396 1716 proficiant.
412 1659 428 1694 »
446 1637 521 1718 Gap.
534 1636 719 1713 Judaeum,
734 1637 785 1711 ll,
797 1654 882 1700 caus.
899 1652 1009 1710 xxvm,
1023 1656 1055 1717 q.
1073 1639 1117 1698 1.¹

162 1737 196 1798 S.
216 1735 426 1815 congregatio
441 1735 656 1815 Inquisitionis
668 1733 861 1814 improbavit
872 1734 1054 1816 opinionem
1069 1754 1122 1796 cu·

99 1831 229 1912 jusdam
243 1833 397 1913 theologi,
412 1832 569 1895 Galderini
584 1833 724 1910 nomine,
739 1833 794 1913 qui
806 1833 958 1895 docuerat
971 1833 1121 1913 parvulos

101 1931 281 2013 baptizatos
293 1932 408 2013 judaeis
424 1931 608 2012 parentibus
620 1931 834 1994 restituendos
850 1949 930 2007 esse,
946 1932 1120 1996 dummodo

101 2027 252 2103 parentes
268 2021 406 2102 ingenue
420 2023 597 2101 spondeant
611 2021 670 2083 hos
684 2021 834 2101 parvulos
854 2021 934 2082 nihil
954 2028 1066 2084 contra
1081 2023 1118 2084 fl·

102 2121 175 2183 dom
195 2121 389 2184 catholicam
407 2121 596 2195 edocendos,
619 2120 684 2182 imo
702 2121 883 2184 reddendos
906 2139 973 2184 esse
993 2121 1120 2184 Christi·

102 2215 260 2292 fidelihus,
275 2234 348 2277 cum
366 2215 406 2278 ad
425 2221 553 2278 aetatem
566 2214 806 2278 convenientem
821 2215 1031 2294 pervenerint.
1048 2217 1119 2278 Pes·
1167 2239 1175 2266 ι

101 2318 189 2376 tatur
202 2313 390 2380 Benedictus
406 2315 473 2377 Xlt'
488 2313 572 2377 hanc
587 2313 771 2394 opinionem
788 2333 810 2376 a
823 2313 945 2376 catenis
959 2313 1118 2392 theologis

1 2436 2 2445 ¹
101 2410 218 2474 erroris
232 2411 448 2476 insimulatam
460 2411 555 2475 luisse
568 2411 596 2493 (§
612 2411 675 2491 30).

160 2511 232 2590 lpse
243 2509 390 2573 Pontifex
407 2528 497 2572 suom
510 2510 700 2572 sententiam
715 2510 759 2572 sic
775 2509 915 2572 declarat
932 2527 939 2572 :
960 2509 1118 2572 «Parvuli

104 2607 309 2688 «judaerum
324 2609 467 2670 nondum
477 2626 571 2670 usum
583 2607 677 2670 lihcri
688 2607 812 2670 arbitrii
825 2608 947 2687 adepti,
965 2608 1021 2688 qui
1039 2609 1118 2688 Bap-

103 2731 119 2762 «
134 2706 229 2768 tiemo
246 2725 351 2787 neque
368 2725 387 2768 a
403 2706 602 2786 parentibus,
623 2723 728 2786 neque
740 2706 781 2768 ab
797 2707 867 2768 aliis
882 2706 937 2786 qui
947 2706 1001 2787 jus
1014 2707 1048 2768 in
1062 2724 1117 2768 cos

104 2829 119 2862 «
133 2803 286 2880 habeant,
303 2805 517 2868 offeruntur...
529 2803 686 2885 baptizari
700 2823 764 2868 non
779 2804 907 2880 debent,
923 2804 978 2866 sed
989 2806 1031 2867 ad
1044 2804 1117 2868 illos

103 2902 265 2975 uremitti,
284 2920 419 2982 quorum
439 2903 472 2964 ln
490 2907 647 2982 potestate
659 2922 698 2966 ac
712 2903 773 2966 lide
790 2908 864 2964 sunt
878 2903 1017 2982 legitime
1035 2921 1113 2964 con-

101 3025 117 3058 «
135 3000 248 3064 stituti.
266 3000 356 3074 Quod
368 3001 394 3062 si
405 3001 475 3081 jam
493 3007 692 3071 sacramento
706 3001 824 3064 initiati
835 3007 1023 3074 essentaut
1040 3000 1118 3062 deti·

106 3098 231 3162 «nendi
252 3104 343 3177 sunt,
367 3104 423 3162 aut
454 3100 494 3162 ab
523 3099 658 3162 hehraeis
683 3101 869 3182 parentibus
894 3098 1114 3178 recuperandi,

103 3221 119 3252 «
133 3196 347 3277 tradendique
369 3197 647 3272 Christifidelihus,
662 3204 699 3260 ut
722 3199 763 3260 ab
788 3197 851 3260 illis
870 3198 921 3277 pie
944 3201 1115 3276 sancteque

102 3318 118 3352 (ι
133 3294 361 3371 informentur;
377 3295 430 3358 hic
443 3296 528 3358 enim
540 3296 691 3376 baptismi
706 3296 780 3358 licet
793 3293 907 3370 illiciti,
924 3301 1040 3362 tamen..
1049 3295 1116 3357 veri

104 3392 305 3473 «validique,
319 3393 449 3456 effectus
464 3400 523 3458 est.
538 3417 554 3452 a

158 3492 258 3555 Proh.
270 3494 303 3554 2⁰
317 3491 457 3555 Buteone.
470 3494 527 3556 lus
538 3498 708 3573 paternum
721 3491 754 3554 in
766 3491 848 3552 filios
860 3491 1047 3570 estquidam
1062 3509 1115 3552 na·

146 3647 170 3694 l.
188 3643 267 3693 llunc
279 3655 410 3696 cononem
421 3643 454 3695 de
465 3643 687 3707 flliisjndaccrum
692 3642 749 3707 jam
759 3641 899 3706 baptizatis
909 3641 1113 3706 intelligendum

100 3731 158 3774 esse
173 3731 255 3770 nemo
274 3717 401 3783 ambiget,
412 3719 450 3771 ait
468 3719 588 3782 urendi,
601 3718 750 3783 prasertim
765 3717 788 3768 si
802 3717 861 3770 hac
877 3721 1014 3782 postrema
1031 3717 1113 3768 verba

944 3822 969 3874 l.
