2582 4278
60 281 117 329 llll'.
137 278 177 324 lll'.
197 273 409 324 ouulalrlonuo
428 273 635 322 olelrulonutl
655 239 692 320 lll'
709 272 931 321 olnohlconoll.
973 267 1023 321 {4³

34 402 105 477 gunt,
118 393 249 455 chorum
258 389 379 452 assidue
391 390 592 468 frequentent
604 390 678 450 etin
690 387 805 454 divinis
816 389 928 450 ciliciis
939 390 1023 452 ocle-

33 492 217 568 brationcquc
231 489 333 549 missae
348 487 563 550 conventualis
577 505 635 548 sua
648 487 715 547 vice
725 485 815 564 fungi
824 486 982 548 studeant.

78 590 127 650 llll
140 588 163 647 *.
175 621 215 632 —
229 588 255 648 Ι.
272 589 440 648 Pnorsssro
453 601 535 646 nusi
557 601 579 647 s
601 599 737 647 s1neuus
759 599 915 647 eunomus
935 601 1026 649 nun·

34 703 127 749 runnu.

78 781 245 845 Concilium
268 779 499 857 Tridentinum,
513 779 657 858 injuncto
670 779 817 840 omnibus
830 779 964 859 provisis
986 781 1026 841 de

32 879 169 943 beneficiis
200 879 455 958 quibuscumque
486 895 595 938 curam
624 875 802 938 animarum
836 877 1026 940 habentibus

33 975 248 1041 onercleoicndi
258 975 420 1055 publicam
431 991 495 1037 suae
506 974 581 1035 fidei
591 973 1002 1053 professioncm‚subjunxit
1018 994 1032 1036 :¹

33 1103 45 1134 «
61 1075 287 1136 Provisiautem
302 1075 341 1135 de
353 1071 589 1136 canonicatibus
601 1071 900 1151 etdignitatibus‚in
913 1067 1022 1134 Eccle·
1092 1127 1100 1148 ,

35 1201 46 1230 n
64 1175 108 1235 siis
121 1171 366 1246 cathedralibus,
383 1191 448 1234 non
464 1172 567 1232 solum
581 1155 688 1232 doram
703 1170 870 1250 Episcopo,
885 1187 940 1231 seu
958 1171 1026 1250 ejus

36 1297 47 1328 a
64 1271 191 1347 officiali,
209 1271 268 1331 sed
287 1270 384 1331 ctiam
405 1270 438 1330 in
456 1269 596 1348 capitulo
617 1268 703 1329 idem
724 1268 827 1328 lacere
842 1273 1026 1344 tencantur3

37 1396 47 1426 a
64 1369 192 1448 uboquin
202 1368 350 1448 predicti
359 1385 468 1429 omnes
476 1366 594 1446 provisi
606 1368 727 1426 fructus
739 1383 804 1426 non
813 1366 931 1427 faciant
941 1384 1027 1439 suos,

37 1491 48 1522 u
64 1486 112 1528 nee
123 1466 186 1527 illis
208 1466 367 1547 possessio
381 1465 584 1544 suffragetur.
604 1489 619 1517 n
637 1466 721 1526 Sess.
737 1479 976 1543 xxrv‚cap.x11,
993 1463 1034 1524 ἅθ’

38 1553 148 1644 desorto.
519 1583 522 1590 ’

79 1662 223 1725 Canonici
242 1661 470 1742 professionem
490 1661 634 1723 emittere
656 1664 804 1720 tenentur
825 1677 884 1738 per
903 1659 1029 1738 seipsos

38 1781 83 1821 non
98 1777 151 1839 per
168 1765 425 1840 procuratorem,
438 1759 533 1839 juxta
554 1760 691 1820 sormam
704 1775 726 1817 a
737 1757 794 1818 Pio
807 1758 847 1819 lv
861 1758 1028 1836 praescrip·

38 1865 85 1918 lan
98 1859 128 1918 iu
147 1859 243 1920 Bulla
266 1857 442 1938 Injonctum
463 1857 560 1934 nobis,
582 1856 667 1917 intra
688 1855 768 1916 duos
796 1873 919 1916 menses
945 1855 1029 1916 adie

39 1957 137 2035 adeptae
149 1955 358 2036 possessionis
371 1962 394 2016 ².

79 2054 244 2134 Disciplina
259 2053 384 2116 concilii
399 2053 476 2115 olim
488 2058 633 2114 accurate
650 2052 836 2112 servabatur
858 2051 892 2111 ln
909 2049 1027 2124 Galliis,

39 2151 107 2212 sicuti
119 2152 150 2212 in
160 2151 231 2212 aliis
246 2152 428 2230 regionibus
438 2170 444 2225 ;
455 2167 512 2230 per
521 2155 648 2229 tempus
663 2154 712 2210 sat
723 2149 862 2211 notabile
876 2148 938 2208 luit
951 2165 1031 2228 pree

38 2250 166 2326 tumissa,
179 2251 305 2311 obeam
318 2251 399 2312 forte
414 2250 571 2310 rationem
586 2248 671 2326 quod
679 2247 800 2308 motiva
812 2247 902 2324 legis,
912 2246 1030 2325 pericu-

38 2346 86 2406 lun
94 2366 202 2428 nempe
215 2367 256 2408 ne
275 2348 553 2409 introducerentur
566 2347 600 2406 in
613 2345 774 2406 beneficiis
789 2345 894 2404 clerici
906 2361 1029 2405 veneno

37 2443 141 2505 heresis
154 2446 276 2520 infecti,
293 2445 398 2506 minus
412 2463 525 2524 urgere
536 2444 714 2505 videretur:
733 2447 854 2503 atvero
871 2459 942 2502 cum
958 2459 1030 2501 mae

39 2559 153 2620 guopere
167 2543 327 2622 expediat,
345 2548 381 2602 ut
395 2561 504 2603 omnes
520 2542 621 2620 quiin
636 2539 800 2620 publicum
813 2539 954 2600 ollicium
970 2540 1030 2599 Ee·

38 2638 118 2700 olesiae
132 2647 345 2713 assumuntur,
363 2641 459 2700 fidem
472 2659 563 2702 suam
578 2645 609 2700 et
625 2639 834 2700 reverentiam
849 2642 945 2716 atque
960 2638 1032 2699 obe·

39 2736 164 2800 dentiam
179 2759 257 2818 erge
270 2739 484 2820 Apostolicam
499 2739 614 2800 Scdcm
627 2737 848 2816 profiteantur,
861 2734 930 2797 haec
944 2735 1030 2796 salu-

41 2834 156 2899 berrima
167 2836 337 2917 disciplina
351 2837 528 2898 instaurata
543 2837 601 2896 luit
613 2835 782 2897 recentiori
796 2837 900 2896 atate.

82 2935 166 2996 ¹402.
181 2967 222 2982 -
236 2937 275 2997 ll.
293 2937 338 2995 Du
349 2950 543 2998 nesiorum.
852 2935 855 2942 “

81 3033 121 3092 lle
136 3032 306 3094 residentia
330 3032 439 3094 statuit
453 3031 622 3093 concilium
639 3030 882 3092 Tridentinum:
904 3051 918 3088 u
942 3028 1033 3090 Obti-

43 3151 53 3178 l
67 3130 204 3191 uentibus
230 3131 264 3190 in
293 3130 528 3192 cathedralibus
553 3134 608 3191 aut
630 3127 817 3207 collegiatis,
849 3127 1030 3204 dignitates,

43 3229 313 3304 «canonicatus...,
330 3247 394 3290 non
420 3228 514 3289 liceat
528 3228 635 3308 vigore
665 3226 833 3305 cujuslibet
851 3224 961 3286 statuti
979 3229 1035 3284 aut

75 3421 93 3467 l.
107 3419 166 3470 llaec
175 3421 306 3484 professio
319 3420 383 3472 lldci
396 3420 555 3471 exscribitur
567 3421 596 3470 in
614 3418 763 3484 Pontificoli
783 3453 790 3469 .
808 3418 878 3468 ordo
896 3418 934 3468 cd
950 3417 1034 3481 Spao-

45 3489 97 3542 dun.
111 3495 136 3544 S.
148 3497 327 3562 congregatio
338 3497 450 3547 concilii
463 3509 562 3548 novum
576 3495 639 3548 lecit
650 3494 732 3558 huius
746 3493 922 3558 professionis
940 3493 1038 3546 editio.

44 3578 99 3629 nen,
109 3570 149 3620 die
160 3573 190 3621 20
199 3572 271 3635 junii
287 3575 356 3632 1877,
371 3574 415 3624 cui
428 3573 518 3623 addita
533 3575 596 3623 suut
616 3570 741 3635 quedem
759 3570 842 3619 verbo
859 3582 907 3634 pro
921 3568 1037 3622 decretis

45 3640 179 3706 dogmaticis
194 3647 275 3702 Cone.
290 3649 411 3701 Vaticani
427 3648 460 3699 de
475 3647 594 3699 Primatu
617 3650 644 3698 ot
655 3644 800 3697 iulaillibili
816 3643 969 3710 magisterio
985 3649 1038 3700 Ro·

49 3721 251 3776 nuniPoutilicis.
