2632 4260
225 247 259 299 36
597 252 670 300 PARS
691 251 724 299 11.
745 251 871 302 clamet.

225 367 366 430 delectus
381 366 421 428 sit
440 383 526 429 mere
541 367 756 443 accidentalis,
773 369 949 450 Episcopus
968 369 1080 449 quovis
1097 374 1247 450 tempore

226 465 370 547 supplere
385 470 491 546 potest
504 466 589 546 quod
607 467 851 547 praetermissum
872 467 977 530 luerit.
994 467 1081 530 ldem
1098 467 1248 528 fortassis

226 563 406 638 dicendum,
430 564 471 640 si,
495 564 537 626 ob
561 565 664 627 solum
687 565 836 642 dubium,
865 551 1080 632 conditionate
1109 566 1249 626 iteretur

226 663 394 726 ordinatio.
412 663 457 743 (S.
472 662 566 743 Alph.
580 664 620 726 ds
631 664 771 742 Liguori,
788 662 824 726 de
839 664 963 743 Ordine,
980 679 1015 726 n⁰
1027 663 1112 744 759.)

287 763 319 826 S.
336 762 431 826 Sedes
442 761 607 843 indulgere
617 763 954 845 consuevitEpiscopis
966 762 1152 825 facultatem
1164 780 1246 823 con-

225 859 346 922 serendi
361 859 487 922 ordines
501 870 590 923 estro
603 871 747 944 temporo,
762 863 891 942 quando
902 881 981 942 opus
992 866 1050 923 est.
1063 861 1123 934 Qui
1132 859 1248 939 hujus·
1292 931 1295 944 .

226 958 349 1019 cemodi
363 957 488 1020 indulta
502 959 707 1022 obtinuerunt
712 965 864 1071 ,possunt
878 962 1022 1022 conferre
1038 977 1144 1020 sacros
1158 957 1249 1020 ordi-

225 1073 280 1117 nes
296 1056 405 1118 diebus
419 1056 586 1119 dominicis
604 1064 636 1119 et
657 1057 727 1120 fest'
705 1057 778 1119 trvis
797 1075 890 1120 sensu
905 1057 1049 1140 exposito
1070 1075 1166 1136 supra
1187 1055 1310 1126 ubi

226 1155 398 1232 agebamus
415 1155 454 1217 de
470 1155 637 1218 collatione
653 1155 801 1217 ordinum
816 1155 986 1229 minorum,
1001 1173 1064 1218 non
1079 1167 1155 1216 vero
1170 1153 1248 1214 aliis
1309 1161 1310 1224 ξ

224 1252 334 1314 diebus
355 1252 453 1328 lestis,
470 1253 533 1315 ritu
558 1254 654 1316 etiam
676 1253 805 1334 duplici,
829 1254 1107 1334 quemadmodum
1123 1252 1246 1332 saepius

223 1351 395 1413 declaravit
414 1352 446 1412 S.
471 1352 693 1432 congregatio,
715 1357 795 1414 teste
817 1352 988 1414 Benedicto
1007 1352 1085 1426 XIV,
1106 1348 1245 1412 Institu-

223 1450 303 1512 tione
318 1466 365 1513 cvr
379 1450 404 1511 ¹.
418 1485 457 1496 -
472 1450 606 1511 lndultis
618 1451 677 1512 sibi
691 1451 773 1512 datis
793 1450 827 1511 in
838 1451 979 1512 favorem
1001 1467 1065 1512 sua
1081 1448 1242 1526 dioeeesis,

224 1547 370 1629 Episcopi
397 1548 444 1610 uti
468 1568 531 1612 non
558 1554 691 1629 possunt
719 1549 760 1611 ad
784 1549 1016 1611 ordinationem
1039 1547 1245 1634 'clericorum

109 1638 110 1641 ’
224 1652 459 1709 extraneorum.

283 1746 333 1808 lV.
358 1745 578 1808 Ordinationes
594 1748 824 1829 Episcoporum
838 1748 920 1809 fiunt
933 1746 1045 1810 diebus
1060 1743 1242 1820 dominicis,

224 1849 256 1905 et
270 1843 429 1905 Nataliliis
450 1845 694 1924 Apostolorum3
718 1846 771 1908 vel
792 1845 890 1907 etiam
913 1845 978 1907 alia
999 1844 1112 1906 festiva
1133 1844 1199 1918 die,
1218 1843 1245 1904 si

223 1941 403 2021 specialiter
416 1942 582 2004 indulserit
595 1944 627 2004 S.
644 1945 802 2006 Pontifex.
1042 1973 1048 1992 x

281 2042 351 2103 329.
370 2042 477 2103 -111ο
496 2039 626 2104 (lisinam
639 2042 789 2105 ordzitotio
803 2042 878 2125 pieri
889 2040 1014 2104 debeat?

281 2138 427 2220 Episcopi
439 2140 472 2200 in
487 2158 545 2208 sua
556 2139 696 2217 diocesi,
712 2159 777 2203 non
789 2141 822 2202 in
836 2140 951 2216 aliena,
968 2140 1029 2202 nisi
1046 2139 1244 2202 assentiente
1310 2163 1311 2224 t

222 2236 388 2301 Ordinario
403 2238 476 2312 loci,
492 2239 609 2301 dehent
621 2241 764 2300 conferre
779 2238 916 2302 ordines.
935 2263 950 2294 α
966 2238 998 2300 Si
1011 2256 1100 2300 secus
1115 2239 1242 2300 lactum
1310 2265 1311 2268 ¹

227 2357 240 2393 u
261 2335 366 2412 fuerit,
382 2336 558 2418 Episcopus
572 2338 612 2399 ah
627 2336 778 2399 exercitio
793 2336 1037 2417 pontificalium,
1052 2342 1083 2398 st
1097 2335 1142 2398 sic
1155 2335 1244 2398 ordi-

224 2457 239 2490 «
261 2435 329 2496 nati
342 2435 383 2496 ab
403 2435 591 2497 executione
613 2435 760 2496 ordinum
776 2442 848 2497 sunt
867 2436 937 2516 ipso
956 2435 1027 2516 jure
1047 2433 1204 2514 suspensi.
1224 2456 1241 2490 u

220 2534 275 2594 Est
293 2532 443 2594 nimirum
464 2534 516 2594 lex
532 2533 688 2614 generalis
710 2533 857 2596 Ecclesiae
878 2541 914 2596 ut
937 2534 1044 2596 nullus
1064 2532 1244 2613 Episcopus

222 2634 312 2692 extra
323 2649 413 2693 suam
428 2631 561 2712 quisque
576 2631 738 2696 dioecesim
749 2631 940 2716 pontificalia
954 2637 1108 2694 exerceat.
1127 2631 1239 2709 (Cone.

223 2728 474 2806 Trid.,sess.v1,
492 2749 561 2810 cap.
580 2749 608 2807 v,
629 2731 666 2792 de
684 2730 836 2812 Reform.)
854 2729 1075 2793 Controversia
1090 2735 1243 2791 movetur

220 2829 327 2909 quoad
345 2828 482 2909 primam
502 2833 677 2905 tonsuram,
700 2829 775 2909 quia
792 2827 940 2908 Episcopi
962 2846 1034 2890 eam
1053 2829 1242 2906 frequenter

220 2925 387 2988 conferunt
401 2927 521 3006 absque
538 2946 596 2988 usu
610 2926 859 3007 pontificalium3
874 2931 908 2987 at
921 2927 1022 2988 multo
1037 2925 1179 2988 securius
1191 2930 1242 2986 est

219 3031 255 3087 ut
274 3024 464 3101 abstineant,
488 3026 747 3108 quandoquidem
770 3025 898 3087 collatio
919 3031 1058 3088 tonsura
1080 3029 1240 3086 estsctus

219 3123 420 3204 pontificalis,
457 3124 582 3186 etiamsi
610 3144 674 3186 uon
698 3125 755 3186 liat
778 3142 850 3186 curn
879 3122 1022 3202 insigniis
1051 3121 1236 3204 pontificiis.

219 3221 524 3304 (Schmalzgrueber,
540 3230 576 3282 n⁰
589 3220 653 3302 18.)

264 3433 288 3480 1.
306 3428 334 3480 S.
345 3428 373 3479 C.
388 3428 420 3479 R.
435 3425 582 3478 declaravit
594 3425 637 3476 dis
651 3429 682 3477 12
699 3439 762 3476 nov.
778 3428 848 3488 1831,
867 3429 894 3475 et
912 3427 943 3475 18
962 3425 1015 3476 leb.
1026 3427 1106 3493 litt,
1124 3424 1237 3476 ordines

218 3507 297 3559 etiam
315 3503 431 3568 maiores
452 3501 570 3555 conferri
588 3513 667 3566 posse
681 3501 777 3552 diebus
790 3501 894 3552 festivis
910 3515 927 3551 a
949 3500 975 3552 S.
999 3500 1067 3552 Sede
1086 3500 1235 3564 abrogatis,

217 3581 326 3649 quando
343 3580 469 3645 Episcopi
485 3578 587 3630 habent
601 3577 756 3628 facultatem
775 3575 972 3628 ordinationem
989 3576 1142 3628 celebrandi
1157 3580 1235 3628 estro

217 3671 339 3723 seruposa.
353 3682 384 3694 -
396 3655 434 3710 (tl.
451 3655 608 3707 tnesaurum
622 3669 683 3718 res,
696 3656 723 3708 S.
739 3655 821 3722 Coug.
840 3653 960 3714 Consilii,
973 3658 992 3705 t.
1008 3655 1049 3714 Ll,
1067 3668 1127 3719 pag.
1148 3656 1232 3710 61-61,

217 3749 260 3786 nu.
276 3734 344 3786 ltus.
