2642 4268
168 275 235 325 tur.
255 274 290 324 11.
311 270 506 336 oubtttottue,
526 271 733 326 absoluturus
752 273 789 324 ur
807 274 977 329 euoenon.
1029 268 1078 328 'iii

125 394 180 457 ΙΙΙ.
197 395 270 464 Haec
284 391 461 474 prasertim
473 391 664 454 attendenda
678 396 753 455 sunt
763 397 800 456 ut
813 399 996 476 acceptetur
1008 396 1080 460 iun·

84 492 156 556 atio
172 514 179 556 :

60 494 82 558 d
127 594 180 656 1⁰¹⁰
188 595 236 656 An
247 589 386 656 Ecclesia
396 589 599 672 parochialis,
609 591 761 654 sacellum
771 592 946 676 publicum,
957 594 1081 658 aliudve

60 690 248 754 institutum
263 689 314 752 eui
327 690 363 751 fit
375 689 517 769 donatio,
533 689 651 765 valeat,
666 709 724 771 pro
740 709 872 778 nurnero
883 693 1082 773 presbyterc-

60 808 136 852 rum
151 789 207 869 qui
220 789 338 850 ibidem
352 781 541 868 regulariter
552 807 642 852 sacra
654 790 765 852 munia
776 789 907 868 obeunt,
925 796 956 853 et
970 791 1082 855 babila

61 889 191 951 ratione
210 893 397 950 ceterorum
421 887 609 960 ciliciorum,
635 887 834 969 aliarumque
859 889 1081 954 fundationum

61 987 181 1068 quibus
199 986 269 1067 jam
293 991 454 1068 gravatur,
476 987 607 1068 implere
629 987 852 1051 convenienter
873 1007 972 1050 onera
990 1008 1079 1052 noum

63 1085 274 1148 fundationis.
670 1101 673 1105 ·

122 1185 233 1250 2¹¹¹¹¹An
248 1183 447 1264 assignentur
468 1183 609 1248 redditus
627 1185 830 1262 sufficientes,
848 1203 914 1247 non
928 1185 1031 1248 solum
1046 1194 1082 1246 ut

63 1289 262 1346 assereretur
284 1283 477 1367 stipendium
503 1284 729 1346 consuetudine
756 1283 852 1346 locali
877 1289 934 1346 aut
955 1285 1079 1346 statutis

63 1383 252 1447 dioecesanis
263 1387 418 1459 taxatum,
430 1383 487 1446 sed
502 1383 631 1465 insuper
644 1388 680 1446 ut
692 1383 817 1446 fabrica
835 1383 977 1446 conferat
995 1401 1080 1464 quae·

63 1501 201 1564 cumque
215 1483 256 1544 ad
269 1481 514 1544 celebrationem
535 1481 631 1544 officii
656 1482 834 1546 necessarie
856 1487 940 1560 sunt,
957 1485 989 1544 et
1011 1482 1081 1564 ipse

62 1581 149 1645 bona
162 1582 197 1644 in
208 1581 395 1644 fundatione
410 1581 571 1660 assignata
580 1576 678 1662 'gerat

122 1679 225 1760 Mejus
240 1679 432 1761 stipendium
445 1680 626 1760 postulatur
638 1698 697 1762 pro
713 1680 912 1743 ¹celebrandis
926 1678 1026 1744 Missis
1045 1681 1078 1742 in

63 1784 264 1861 perpetuum,
277 1797 373 1859 quem
382 1797 439 1859 pro
454 1779 575 1842 caeteris
585 1797 657 1859 quae
666 1778 846 1841 adventitia
856 1797 912 1840 seu
925 1777 1078 1840 manuales

64 1882 301 1959 nuncupantur.
315 1878 522 1957 Praeterquod
540 1877 712 1957 ipsummet
720 1896 803 1938 onus
811 1878 897 1958 quod
908 1876 1077 1940 assumitur

62 1979 94 2040 in
110 1982 312 2058 perpetuum,
326 1975 422 2055 hujus
435 1975 599 2054 augmenti
612 1975 769 2038 rationem
784 1975 911 2056 probet,
927 1977 1078 2056 apporto-¹

62 2097 139 2141 num
151 2081 198 2140 est
209 2076 376 2157 providere
388 2076 502 2138 futura
513 2075 728 2154 imminutioni
737 2075 905 2152 bonorum,
917 2080 950 2137 et
958 2093 1077 2136 aceres·

63 2176 147 2238 centi
161 2176 262 2255 pretio
277 2174 473 2250 victualium,
488 2174 722 2236 relabentibus
737 2173 829 2236 annis
843 2173 984 2236 redditus
999 2191 1073 2236 eva-

62 2275 140 2336 dant
161 2276 309 2355 impares,
330 2278 362 2336 et
383 2277 496 2352 urgeat
519 2274 691 2337 necessitas
712 2271 884 2338 reducendi
906 2290 1075 2334 numerum

62 2373 239 2438 Missurum.
257 2373 367 2447 Quoad
385 2391 461 2435 vero
483 2391 582 2435 onera
601 2373 662 2454 ipsi
680 2373 813 2436 fabrice
827 2371 987 2452 imposita,
1003 2371 1075 2452 plus

62 2473 204 2536 minusve
219 2477 352 2552 gravam
361 2490 420 2552 pro
430 2476 547 2534 natura
559 2465 662 2552 operis
676 2470 860 2552 praestandi,
875 2476 906 2533 et
925 2469 1075 2550 gestionis

62 2569 1076 2650 fundorum.Nullaieresuntonerafabrice,sibonaconstituan·

64 2671 160 2734 turin
175 2671 320 2733 censibus
336 2669 459 2744 annuis,
476 2674 508 2731 et
522 2670 548 2731 si
562 2668 706 2732 fundatio
720 2669 861 2750 requirat
874 2668 1075 2732 solummodo

64 2770 307 2851 applicationem
317 2769 482 2832 Missurum
491 2768 700 2843 lectarum3si
708 2774 816 2830 autem
825 2767 1075 2830 cfficiadebeant

64 2869 125 2932 ritu
139 2868 322 2932 solemniori
336 2867 501 2942 celebrari,
517 2873 574 2930 aut
588 2867 614 2929 si
633 2867 718 2930 boue
731 2866 909 2928 immobilis
923 2868 999 2929 data
1013 2865 1075 2928 sint

63 2967 219 3045 Ecclesia,
230 2968 381 3049 impensus
393 2965 531 3047 majores
545 2967 721 3029 necessario
735 2965 934 3028 incumbunt.

122 3069 172 3129 3υἷα
187 3066 220 3130 Si
229 3064 870 3146 testatorneglexeritconsulereexpensis
879 3063 1075 3142 necessariis,

64 3185 120 3247 pro
134 3184 266 3228 numero
281 3171 313 3228 et
326 3165 428 3245 gradu
443 3163 652 3228 solemnitatis
672 3163 852 3227 officiorum
871 3181 943 3244 quae
958 3181 1073 3244 expos-

63 3266 114 3342 cit,
131 3265 226 3330 simul
247 3268 279 3327 et
298 3263 506 3326 reservaticni
528 3261 561 3324 in
585 3261 722 3341 gratiam
739 3261 869 3324 fabricae
884 3261 1071 3337 statuenda,

63 3364 233 3444 Episcopus
247 3382 347 3424 unum
361 3380 401 3424 ex
414 3359 540 3424 duobus
556 3360 653 3440 eliget
673 3379 681 3424 ε
705 3365 762 3422 aut
775 3359 994 3422 fundationem
1008 3377 1073 3420 non

64 3460 261 3544 approbabit,
275 3462 326 3523 vel
346 3451 615 3523 eum'haeredibus
629 3478 679 3522 res
692 3459 754 3540 ipsi
767 3458 826 3521 erit
839 3458 1070 3540 componenda,

62 3567 96 3622 ut
109 3566 219 3622 cuncta
234 3560 274 3621 ad
286 3577 431 3622 normam
442 3558 523 3639 juris
538 3563 570 3620 et
583 3558 741 3641 aequitatis
754 3557 950 3638 redigantur.

122 3658 292 3738 Episcopus
304 3661 409 3737 potest
423 3655 558 3718 condere
571 3661 725 3718 statutum
739 3655 900 3736 generale,
914 3674 977 3737 quo
993 3654 1074 3717 ordi-

66 3757 189 3818 natione
201 3755 307 3818 stabili
316 3755 349 3818 in
358 3755 512 3831 futurum,
524 3753 663 3818 declaret
677 3755 877 3819 fundationes
887 3773 952 3818 non
965 3772 1074 3835 accep·
