2582 4278
280 319 348 371 Anu.
369 321 409 368 lv.
432 321 607 370 rnlvltnoln
627 321 828 370 bubulconum

62 439 187 511 elericos,
203 437 350 516 aquibus
363 437 477 517 injuste
492 437 559 500 laesi
571 443 655 513 sunt,
672 437 712 498 nd
731 437 873 498 tribuual
885 437 1013 511 laicum,
1028 438 1060 498 in

63 535 149 597 tausis
163 534 226 595 sive
242 533 394 609 civilibus,
411 535 476 598 sive
492 536 588 597 etium
604 535 830 596 criminalibus,

111 631 252 693 Subsistit
267 632 403 711 denique
419 651 493 713 pers
510 633 623 694 saltem
636 631 874 692 immunitatum
888 631 1038 694 localium
1052 651 1060 707 ;

63 749 124 792 nam
145 732 248 794 Gonst.
272 730 450 812 Αροετοίἱεε»υ
473 727 560 792 Sedis
579 717 893 792 excommunicentur
910 754 926 788 «
944 731 1061 791 immu-

67 829 213 890 rnitutem
224 828 514 909 asyliecolesiastioi
525 848 604 892 eusu
613 827 781 891 temerario
789 828 908 891 violare
915 828 1063 908 jubentes

67 947 79 986 ιι
91 929 117 989 01
127 927 290 989 violantes.
306 951 321 984 o

112 1028 181 1087 Haeo
189 1025 288 1098 nitore
299 1024 435 1086 sufficiat
445 1045 516 1105 quae
526 1026 559 1086 in
570 1026 705 1106 decursu
711 1025 810 1087 fusius
821 1026 1064 1106 explicabuntur

64 1122 105 1202 (nn
122 1123 189 1199 564,
206 1124 279 1196 735,
294 1123 380 1203 795).
391 1123 545 1184 Gaeterum
559 1142 624 1184 nou
633 1123 851 1204 praesumimus
866 1123 952 1184 bisce
967 1141 1064 1183 anuo-

64 1219 221 1280 tationibus
240 1219 363 1282 solvere
383 1221 590 1300 quaestionem
610 1221 701 1282 valde
716 1219 915 1300 complexam
935 1225 967 1280 et
985 1218 1064 1280 diffi-

65 1316 197 1378 cillimum
209 1318 420 1381 immunitatis
430 1318 649 1382 ecelesiastieae
659 1339 666 1395 ;
678 1325 822 1381 nostrum
832 1337 958 1380 sensum
966 1317 999 1377 in
1012 1335 1061 1390 eo,

64 1417 129 1477 siout
142 1416 174 1477 in
197 1417 270 1479 aliis
283 1418 440 1495 omnibus,
455 1417 669 1482 submittimus
678 1417 799 1498 judicio
818 1417 941 1480 Sanotae
961 1415 1061 1488 Sedis,

64 1512 137 1594 eujus
147 1517 192 1576 est
205 1515 337 1578 definire
351 1515 428 1598 quid
440 1515 635 1596 temporibus
649 1513 810 1577 hodiernis
820 1515 940 1577 servari
949 1515 1064 1575 debeat

63 1612 127 1704 juris
144 1615 299 1692 canonici,
321 1615 397 1698 quid
416 1633 491 1678 vero
510 1613 636 1696 dimitti,
660 1614 743 1678 circu
762 1618 951 1697 presentem
965 1617 1061 1674 mute·
1088 1641 1090 1648 ·

66 1729 138 1777 nem.
