2568 4272
218 262 272 316 3³0
555 269 633 318 rins
650 270 683 318 11.
703 270 893 318 nsouusnss.

216 382 409 465 Episcopum
427 391 601 460 recurrant,
631 386 754 467 quoties
776 386 882 464 agitur
913 385 953 446 de
982 383 1107 446 actibus
1140 379 1232 461 juris-

216 483 450 558 dictionalibus,
466 503 498 544 v.
515 501 559 560 g.,
576 485 615 545 de
629 484 833 563 deputatione
848 477 1039 556 confessarii,
1051 481 1093 541 dc
1105 479 1233 558 dispen-

215 581 338 642 satione
359 599 453 660 super
471 582 779 660 legibuscanoniciS,
803 583 842 642 de
859 580 1059 643 absolutione
1082 598 1104 638 a
1126 595 1234 637 censu·

157 703 158 706 ¹
217 680 272 752 ris,
287 684 372 740 etc...
393 679 550 758 Quidquid
567 697 642 740 vero
658 679 698 740 ad
712 681 855 759 regimen
870 676 1124 747 communitatis,
1150 680 1182 736 et
1200 674 1235 734 ad

216 777 374 838 bonorum
385 777 609 857 temporalium
621 777 763 858 ejusdem
779 775 1014 839 communitatis
1024 772 1234 835 administra·

216 874 335 936 tionem
349 877 494 949 refertur,
512 875 575 936 illis
591 876 815 952 demandatur,
830 876 912 938 adeo
925 879 962 936 ut
975 892 1041 934 non
1062 875 1234 932 teneantur

217 971 256 1033 de
269 971 307 1032 iis
319 973 476 1035 rationem
491 974 622 1035 reddere
638 973 811 1054 Episcopo,
832 974 887 1034 sed
905 972 967 1052 ipsi
986 969 1144 1033 omnibus
1167 985 1234 1047 pro·

214 1070 343 1132 videant
357 1073 512 1133 servando
528 1071 654 1150 regulas
666 1072 715 1133 sui
730 1071 879 1134 instituti.

273 1170 385 1230 Praxis
404 1169 559 1249 generalis
574 1169 773 1250 disciplinam
788 1170 936 1232 Ecclesia
956 1170 989 1230 in
1009 1187 1047 1230 eo
1069 1184 1175 1228 sensu
1188 1166 1231 1226 iu·

213 1273 406 1346 terpretatur
419 1273 515 1347 atque
535 1267 714 1331 confirmat.
736 1269 893 1348 Episcopo
908 1267 1091 1341 curandum
1114 1269 1165 1326 est
1177 1281 1229 1324 so-

212 1365 375 1427 lummodo
388 1367 427 1427 dc
437 1365 617 1444 integritate
627 1366 713 1439 fidei,
725 1366 764 1428 dc
776 1367 914 1446 puritate
924 1371 956 1428 et
968 1364 1120 1426 decentia
1133 1362 1230 1424 cultus

213 1462 321 1536 divini,
344 1464 383 1524 de
401 1464 603 1526 observantia
622 1465 804 1544 regularum
820 1463 1016 1544 generalium
1031 1461 1122 1541 juris
1138 1478 1227 1522 cano·

212 1560 284 1638 nici.
298 1562 316 1624 J
319 1579 354 1621 us
368 1561 466 1622 habet
478 1562 627 1624 visitandi
641 1563 752 1624 domos
766 1562 986 1640 religiosorum
1001 1565 1032 1621 et
1047 1555 1227 1636 corrigendi

213 1657 329 1719 abusus
340 1659 394 1737 qui
403 1659 588 1739 irrepserint
599 1666 711 1722 contra
722 1660 1041 1739 segulascommunes
1051 1657 1132 1736 jure
1143 1673 1226 1717 cano

213 1755 284 1816 nico
299 1755 446 1819 indictas.

271 1853 304 1914 Si
323 1855 535 1916 necessarium
555 1854 703 1917 rideatur
726 1856 867 1936 aliquam
892 1854 1043 1916 inducere
1072 1853 1223 1914 reforma·

211 1950 330 2013 tionem
350 1953 382 2013 in
399 1953 553 2032 regimine
566 1954 716 2030 Instituti,
733 1942 770 2016 et¹
782 1953 953 2015 auctoritas
969 1950 1175 2031 superiorum
1191 1946 1224 2008 sit

209 2049 401 2112 insufficiens
427 2052 467 2113 ad
491 2051 754 2114 instaurationem
772 2052 957 2130 disciplina,
975 2050 1158 2130 Episcopus
1178 2062 1221 2106 re·

209 2154 315 2210 curret
334 2150 374 2209 ad
389 2151 420 2212 S.
441 2149 628 2210 Pontificem
657 2151 712 2230 qui
730 2151 908 2230 provideat,
929 2148 1119 2228 deputando
1143 2161 1220 2208 com·

209 2247 388 2308 missorium
403 2248 626 2326 apostolicum.

268 2345 489 2424 Superiorissoe
501 2347 765 2407 communitatum
778 2346 950 2410 mulierum
961 2343 1014 2424 jus
1029 2344 1155 2425 pariter
1167 2341 1217 2402 hs·

206 2442 284 2504 bcnt
296 2462 388 2504 suum
402 2443 581 2505 institutum
600 2443 742 2524 regendi,
759 2463 816 2505 nec
831 2445 879 2505 ias
893 2449 941 2505 cst
955 2442 1124 2521 Episcopis
1138 2441 1215 2502 loco-

204 2545 278 2599 rum
292 2541 460 2604 immutare
477 2542 603 2620 regulas
621 2561 700 2622 quas
717 2540 906 2622 approbavit
923 2543 1043 2604 Sancta
1063 2539 1172 2602 Sedes.
1189 2533 1216 2595 Si

206 2655 316 2698 omnes
331 2639 444 2708 domus
458 2639 598 2719 ejusdem
616 2640 871 2720 congregationis
881 2639 968 2700 intra
979 2638 1102 2700 limites
1114 2635 1217 2697 dioece·
1254 2647 1255 2661 ¹

205 2734 248 2794 sis
260 2734 327 2796 sitae
345 2736 420 2811 sint,
436 2739 609 2818 Episcopus
620 2739 741 2819 ‘poterit
754 2739 825 2799 illas
842 2738 982 2808 visitare,
1001 2734 1166 2815 inquirere
1181 2747 1215 2789 an

208 2831 319 2920 regula
331 2834 469 2896 instituti
489 2842 640 2914 servetur,
663 2853 704 2898 en
726 2836 834 2914 vigeat
849 2835 1016 2912 integritas
1034 2828 1217 2910 disciplina,

193 2918 353 3009 'supplere
375 2932 600 3011 negligentiam
620 2934 847 3013 superiorissas,
869 2932 1020 2995 mandata
1040 2932 1214 3008 opportuna
1253 2927 1254 2932 ’

206 3028 247 3089 ad
272 3028 533 3094 instaurationem
559 3031 746 3110 disciplinae,
768 3037 802 3092 et
826 3031 957 3092 modum
978 3027 1212 3090 convenientem

168 3153 175 3166 ¹
206 3126 360 3190 clausurae
374 3126 524 3190 indicere.
1252 3187 1253 3202 ,

265 3225 364 3286 Debet
386 3229 541 3305 praeterea
565 3227 738 3307 Episcopus
763 3226 930 3305 invigilare
953 3211 1211 3288 administrationi

204 3321 361 3384 bonomm
382 3324 620 3403 temporalium;
636 3326 722 3404 quod
739 3325 824 3386 enim
838 3325 901 3405 ipsi
916 3323 989 3404 jure
1006 3321 1068 3382 fuit
1087 3314 1208 3394 attubu-

204 3425 271 3480 tum
292 3422 398 3501 quoad
419 3423 613 3484 monasteria
630 3424 727 3484 etiam
748 3429 906 3503 exempta,
922 3442 943 3484 a
954 3419 1080 3484 fortiori
1094 3417 1123 3480 ei
1134 3427 1207 3477 com·
1251 3448 1252 3477 r

203 3523 310 3595 petere
325 3524 470 3581 censetur
487 3539 563 3600 erga
578 3522 688 3583 domos
707 3522 868 3600 religiosas
887 3519 1068 3591 mulierum,
1086 3531 1153 3596 quse
1164 3509 1206 3588 ip·

202 3614 266 3698 sius
278 3615 490 3694 jurisdictioni
505 3619 673 3684 ordinaria
687 3621 830 3681 subsunt.
847 3619 932 3691 Haec,
946 3618 1092 3694 inquam,
1106 3615 1204 3673 eunom

202 3718 287 3791 aget,
304 3715 547 3796 providebitque
564 3723 699 3798 paterna
718 3715 939 3778 sollicitudine¹
950 3715 1034 3772 bono
1056 3698 1200 3769 commoni
