2568 4272
246 299 314 346 aar.
332 298 398 347 vin.
420 299 598 348 Pulvltuell
617 299 830 348 nnouusnluu.
1003 294 1055 350 339

35 420 200 488 tenentur,
217 421 289 476 ante
305 415 490 477 exercitium
505 435 569 477 suae
580 415 819 496 jurisdictionis,
837 417 1054 480 authenticum

35 513 267 574 documentum
291 513 452 575 electionis
482 513 632 575 exhibere
658 532 765 575 coram
794 515 973 592 Ordinario,
998 515 1055 576 snb

36 628 134 689 poena
149 611 305 672 nullitatis
320 615 459 672 actuum.

99 708 247 770 Officium
260 708 490 770 conservatoris
503 714 551 770 est
563 709 646 770 tueri
659 709 821 788 regulares
837 711 877 770 ab
889 708 1013 788 injuriis
1026 716 1058 771 et

39 805 200 867 violentiis
212 806 354 882 notoriis,
366 807 391 869 si
406 807 476 886 quis
489 813 664 887 prasumat
673 807 805 868 'illorum
812 806 885 885 jura
894 808 1055 882 invadere,

39 909 96 964 aut
106 904 237 964 turbare
251 923 343 964 usum
353 905 590 985 privilegiorum
606 905 639 964 in
655 923 750 966 causa
760 909 881 984 aperta,
897 923 966 984 quae
982 905 1054 965 nul-

40 1001 105 1061 lam
122 1000 308 1080 indagInem
327 1001 511 1080 judicialem
539 1007 700 1082 exposcat.
727 1005 796 1063 Non
817 1003 932 1063 debent
948 1003 1072 1082 itaque.

41 1104 279 1161 conservatores
292 1117 481 1179 cognoscere
496 1101 535 1162 de
550 1101 652 1162 causis
667 1101 884 1161 criminalibus
893 1106 925 1161 et
937 1099 1055 1174 mixtis,

42 1215 143 1276 neque
163 1198 321 1258 decausis
340 1186 425 1258 mere
445 1197 600 1271 civilibus,
620 1199 647 1258 si
666 1197 827 1277 regulares
843 1197 905 1258 sint
917 1204 1055 1271 actores3
1077 1200 1082 1216 “

43 1294 229 1370 hujusmodi
242 1296 326 1356 enim
342 1313 445 1356 oausae
458 1296 499 1356 ad
519 1287 663 1356 locorum
685 1295 870 1357 ordinarios
885 1295 1054 1375 pertinent.

43 1391 168 1452 ludices
189 1393 423 1454 constituuntur
439 1393 471 1453 in
493 1393 596 1454 causis
615 1393 837 1454 tantummodo
858 1392 1002 1454 civilibus
1020 1410 1057 1453 ac

44 1489 185 1564 notoriis,
209 1491 241 1550 in
258 1491 373 1570 quibus
387 1491 548 1570 regulares
561 1509 733 1569 gravamen
746 1509 785 1550 ex
797 1495 887 1569 parte
903 1489 964 1550 sibi
980 1507 1056 1550 eon·

45 1587 278 1664 tradicentium,
297 1607 416 1668 suaque
438 1589 604 1669 privilegia
618 1588 817 1662 violentiam,
838 1587 1055 1667 experiuntur.

47 1685 177 1756 Quando
190 1687 351 1763 regulares
366 1688 404 1747 de
416 1687 534 1766 injuria
541 1687 632 1747 illata
640 1691 826 1764 queruntur,
841 1690 1055 1762 conservator,

46 1801 102 1862 pro
117 1783 221 1844 officio
235 1785 415 1857 commisso,
431 1785 508 1846 citat
521 1803 623 1859 reum,
639 1784 721 1845 utin
743 1784 806 1844 suis
824 1783 1058 1844 defensionibus

46 1879 133 1940 illum
152 1881 272 1956 audiat,
297 1883 392 1943 etiam
408 1881 439 1942 ot
453 1887 549 1944 testes
571 1882 627 1961 qui
648 1882 686 1942 de
701 1881 819 1962 injuria
840 1881 1057 1942 testimonium

46 1977 157 2038 lerant.
174 1979 208 2042 Si
217 1979 256 2040 de
268 1975 456 2041 notorietate
467 1984 600 2055 constet,
609 1980 660 2059 jus
671 1979 769 2040 habet
775 1997 863 2040 reum
880 1977 1057 2048 coercendi,

46 2073 164 2137 inflicta
186 2077 528 2152 excommunicatione;
558 2078 585 2138 si
607 2083 714 2138 autem
742 2077 907 2156 probabile
937 2076 1056 2156 aliquid

47 2172 199 2251 allegetur
210 2182 320 2236 contra
334 2183 524 2255 praetensam
539 2175 774 2250 notorietatem,
790 2177 870 2236 adeo
885 2180 921 2234 ut
932 2193 981 2235 res
993 2192 1058 2234 non

49 2271 85 2330 sit
98 2272 224 2333 notoria
244 2272 320 2333 facti
338 2273 506 2348 evidentia,
521 2291 580 2334 nec
594 2272 734 2334 itaclare
757 2273 910 2351 probetur
930 2271 1058 2332 testium

49 2367 240 2447 depositione
253 2376 289 2431 ut
309 2370 415 2430 nullus
433 2371 568 2450 supersit
589 2370 843 2449 tergiversationi
855 2367 954 2441 locus,
973 2387 992 2428 a
1002 2367 1057 2447 ju-

49 2465 125 2528 dicio
139 2468 269 2529 ferendo
284 2467 441 2528 abstinere
451 2473 586 2529 tenetur.

104 2566 177 2626 Haeo
196 2566 306 2644 paucis
327 2566 443 2626 dixisse
466 2566 604 2626 sufficiat
621 2567 660 2627 de
674 2565 780 2626 officio
797 2565 882 2644 quod
897 2564 929 2623 in
942 2563 1058 2625 nostris

48 2662 225 2739 regionibus
239 2662 395 2724 committi
408 2682 471 2724 non
482 2663 562 2724 solet
571 2681 643 2724 eum
654 2663 870 2742 prerogativis
881 2663 953 2742 jure
967 2679 1059 2722 cano·
1076 2659 1078 2670 '

50 2759 115 2821 nico
125 2761 262 2823 statutis
275 2761 447 2839 Regulares
457 2762 490 2820 in
506 2761 607 2822 causis
618 2759 807 2822 suiinstituti
818 2761 858 2821 ad
866 2759 1058 2839 Episcopum

51 2857 187 2920 diocesis
196 2859 251 2938 qui
265 2859 392 2920 illorum
403 2857 477 2940 jura
492 2863 629 2935 tueatur,
646 2858 850 2938 confugiunt3
872 2862 928 2918 aut
946 2875 1057 2918 recur-

50 2961 116 3016 runt
128 2957 167 3018 ad
184 2957 215 3018 S.
242 2955 438 3034 Pontificem,
457 2957 483 3017 si
500 2957 580 3020 forte
599 2956 706 3036 aliqua
720 2956 805 3036 ipsos
820 2956 903 3016 inter
919 2960 949 3016 et
965 2953 1057 3036 Epis-

50 3071 156 3132 copum
176 3053 358 3115 suboriatur
387 3053 568 3130 difficultas,
592 3072 690 3134 quam
716 3073 781 3116 non
811 3053 902 3114 aliter
931 3051 1058 3112 definiri

50 3168 133 3228 posse
148 3157 357 3230 praesumunt.

100 3252 132 3310 2⁰
146 3251 200 3312 SS.
219 3249 386 3310 Pontifices
399 3255 630 3311 consueverunt
648 3249 808 3326 assignare
823 3248 955 3324 singulis
970 3245 1056 3308 ordi-

48 3345 132 3408 nibus
154 3354 186 3408 et
209 3348 507 3426 congregationibus
521 3347 677 3428 religiosis
702 3345 1056 3427 Cordinulemprotecto·

46 3447 206 3508 remitum
226 3465 313 3522 vero,
340 3446 462 3508 saeeulis
480 3447 661 3526 pratentis,
687 3451 882 3526 protectores
904 3462 961 3503 sua
984 3442 1058 3522 jura

6 3625 7 3632 ἵ
46 3543 169 3605 nimium
190 3545 408 3619 extenderent,
430 3563 467 3606 ac
482 3545 641 3606 dominari
655 3544 760 3624 potius
776 3543 958 3604 viderentur
973 3541 1058 3603 ordi·

46 3641 128 3704 nibus
143 3661 249 3728 quam¹
260 3661 313 3702 eos
334 3646 512 3720 protegere,
533 3643 674 3704 officium
697 3642 778 3702 illud
800 3641 978 3702 restrictum
997 3638 1058 3700 fuit

6 3743 7 3816 g
46 3739 180 3817 pluribus
192 3739 472 3803 constitutionibus
481 3741 535 3802 SS.
547 3741 750 3816 Pontificum,
761 3739 937 3820 praesertim
950 3740 1054 3801 Const.
