2632 4260
248 202 316 253 ΛΒΤ.
337 202 382 252 111.
406 203 619 254 ocnlotrlortss
638 204 838 255 cnunlconun.
1019 203 1051 256 51

53 317 245 396 conciliorum,
265 319 320 398 qui
335 320 448 382 eodem
461 321 557 384 modo
572 321 762 402 praeeipiunt
776 321 898 386 clericis
912 329 948 385 ut
963 342 1055 388 coro-

52 437 116 478 nam
132 420 162 478 et
179 421 344 480 tonsuram
361 419 516 494 deferant,
536 420 627 482 sicuti
643 424 762 482 vestem
778 439 835 484 suo
855 421 960 484 ordini
977 441 1055 484 con·

53 521 204 596 gruentem
230 536 238 580 :
263 536 371 597 porro,
393 537 456 580 non
479 522 527 579 est
549 536 607 582 cur
625 518 831 598 conjiciamus
852 520 938 600 leges
962 519 1057 582 toties

53 618 122 677 latas
140 634 174 676 ac
193 615 362 678 innovatas
382 634 402 676 a
421 616 561 678 conciliis
580 617 793 698 generalibus,
816 636 835 678 a
851 618 905 680 SS.
927 619 1058 682 Pontifi-

54 714 140 786 cibus,
152 719 183 774 et
191 713 363 776 aconciliis
374 713 633 794 provincialibus,
644 715 679 776 in
689 715 822 778 materia
831 733 903 794 quae
911 717 1006 778 relert
1015 715 1056 777 ad

53 813 193 874 honorem
213 816 247 874 et
263 811 441 874 decentiam
456 817 557 876 status
571 812 736 888 clericalis,
756 832 820 874 non
840 814 982 893 obligare
997 813 1057 876 sub

54 909 139 989 gravi.
153 912 186 970 2⁰
200 908 260 970 Eu
272 909 336 990 fine
348 909 432 991 leqis,
449 911 504 992 qui
518 911 578 974 fuit
590 929 737 990 separare
750 912 840 990 siguo
854 917 984 974 externo
996 911 1058 973 cle·

53 1011 121 1070 ricus
139 1027 158 1070 a
175 1007 278 1083 laicis,
301 1013 332 1070 et
350 1007 445 1070 eisin
462 1010 652 1072 memoriam
671 1010 782 1071 eodem
800 1011 889 1088 signo
908 1026 1058 1072 revocare

55 1105 249 1183 obligationes
265 1106 314 1166 sui
326 1111 438 1183 status,
453 1107 538 1188 quod
553 1113 599 1170 est
614 1113 698 1170 certe
711 1107 821 1186 magni
832 1106 986 1170 momenti
1000 1107 1058 1168 sub

57 1204 129 1264 omni
142 1209 301 1284 respectu.
318 1206 351 1265 3ο
363 1204 420 1266 Ex
428 1204 592 1267 Doctorum
604 1205 769 1279 sententiis,
782 1205 837 1285 qui
850 1204 1059 1267 communiter

58 1302 294 1383 interpretantur
310 1302 493 1365 titulumne
512 1305 592 1367 vrrs
611 1321 650 1366 nr
669 1306 854 1366 Houusrarn
874 1318 1060 1366 emcreonuu
1082 1379 1085 1386 Ι

61 1401 154 1461 eodem
170 1420 279 1480 sensu,
301 1420 359 1464 nec
378 1401 577 1482 distinguunt
589 1401 673 1464 inter
686 1406 851 1464 tonsuram
869 1407 900 1462 et
914 1401 1060 1462 habitum

61 1497 229 1580 clericalem,
247 1501 305 1563 sed
314 1506 485 1580 utrumque
500 1500 595 1562 simul
604 1489 716 1563 eodem
723 1500 796 1580 jure
808 1502 865 1562 sub
880 1499 969 1578 gravi
980 1515 1058 1578 prae·

62 1603 166 1676 ceptum
178 1599 326 1662 dieunt¹.
345 1625 360 1654 α
370 1601 428 1661 Les
438 1599 588 1660 casuistes
599 1598 702 1660 disent
711 1603 795 1674 tous,
809 1597 1058 1671 unanimement‚

66 1720 76 1750 r
87 1697 122 1757 ult
135 1696 263 1759 collator
276 1697 484 1777 Lr‘oqoncasti,
499 1697 597 1777 qu’un
607 1696 843 1780 ecclesiastique
856 1696 912 1776 qui
923 1702 971 1757 est
982 1695 1061 1756 dans

68 1815 79 1847 r
90 1793 125 1853 les
140 1795 246 1858 ordres
264 1801 381 1870 sacres,
397 1814 438 1857 ou
454 1795 509 1875 qui
523 1813 543 1856 a
559 1814 603 1856 un
616 1795 767 1869 benifice,
784 1794 884 1874 peche
898 1791 1062 1855 moriello-

70 1897 166 1953 «nent
188 1892 336 1972 lorsqu’il
359 1892 411 1954 n’a
433 1911 490 1974 pas
513 1891 545 1954 la
568 1898 696 1954 tonsure
720 1911 763 1954 ou
789 1891 903 1953 l'habit
925 1892 1013 1970 long.
1044 1911 1060 1946 »

71 1986 150 2065 [lom.
164 1993 201 2066 ll,
219 1993 307 2053 coni.
324 1991 412 2072 xxx.)
426 1993 462 2052 D.
479 1983 595 2072 Emery
608 1991 678 2054 hoec
693 1990 826 2053 asseruit
842 1991 875 2050 in
890 1985 974 2051 n'otis
986 2005 1060 2048 mss.

69 2083 96 2146 dc
106 2105 134 2148 re
145 2089 362 2171 disciplinari:
379 2112 396 2146 α
405 2089 438 2152 le
448 2085 488 2152 ne
501 2089 604 2152 crains
616 2108 674 2170 pas
685 2089 723 2150 de
736 2088 863 2150 decider
873 2089 971 2169 qu'un
981 2087 1064 2148 clerc

69 2205 80 2238 r
92 2187 136 2262 qui
148 2187 413 2250 volontairement
425 2193 457 2250 et
470 2187 734 2250 hahituellement
745 2205 785 2248 ne
794 2186 949 2265 porterait
962 2201 1020 2265 pas
1032 2184 1064 2245 la

72 2287 216 2361 «tonsure,
233 2287 400 2367 pecherait
414 2285 659 2349 mortellement.
677 2308 692 2341 t>
709 2284 850 2346 Escohar
863 2285 942 2368 ipse,
962 2281 1017 2363 qui
1030 2273 1080 2342 iu¹

75 2384 268 2461 suspicionem
275 2404 340 2447 non
353 2385 440 2448 venit
452 2384 556 2447 nimiae
568 2371 754 2459 severitatis,
767 2387 857 2444 notat
867 2382 946 2443 inter
957 2378 1066 2462 oraria

76 2479 178 2544 mnino
187 2483 300 2544 clerici.
307 2530 329 2546 ..
341 2483 367 2546 si
377 2472 556 2564 despexerit
567 2492 720 2551 tonsorum
726 2480 876 2563 praeferre
885 2476 1063 2541 claritateac.

76 2573 165 2650 [lirul.
184 2601 277 2658 mor,
294 2587 387 2646 tract.
404 2598 439 2658 11,
455 2581 598 2644 Examen
613 2597 662 2658 111,
681 2599 751 2660 cap.
770 2596 801 2644 rr
817 2595 825 2640 ε
841 2578 971 2641 Peccata
984 2595 1065 2638 mor-

78 2673 130 2736 talia
142 2677 415 2754 ccclcstitsticorum,
431 2695 466 2741 n⁰
480 2679 525 2761 4.)

118 2777 287 2842 Canonistae
301 2778 557 2842 animadvertunt
569 2797 634 2840 non
647 2795 713 2840 esse
726 2793 837 2858 poenas
846 2776 919 2856 jure
933 2779 1067 2836 statutas

54 2941 55 2948 ἵ
79 2869 225 2940 inclericos
245 2879 300 2958 qui
318 2883 483 2940 tonsuram
502 2897 566 2940 non
584 2876 714 2951 habent,
733 2876 759 2936 si
778 2874 906 2937 aliunde
921 2873 1067 2935 habitum

54 2969 57 3036 A
82 2967 228 3036 clericalem
241 2980 383 3054 gestent3
401 2980 434 3036 at
446 2976 539 3036 simul
551 2974 661 3037 dicunt
676 2974 806 3062 clericos
821 2991 913 3053 posse
928 2973 968 3034 ab
981 2970 1068 3050 Epis·

56 3071 57 3074 ’
84 3083 138 3146 lopo
156 3073 303 3155 compelli
320 3092 378 3154 per
398 3091 547 3136 censuras
569 3073 610 3134 ad
631 3069 796 3134 ferendum
813 3077 988 3142 tonsuram,
1013 3072 1069 3128 aut

87 3165 185 3230 trlt'trio
197 3171 312 3252 judicis
322 3171 439 3254 puniri,
453 3175 490 3232 ut
503 3171 644 3253 loquitur
657 3169 950 3248 Schmalzgrueber,
967 3173 1002 3225 ιιο
1016 3166 1066 3226 36.

60 3267 62 3272 “
86 3292 110 3305 -
125 3266 206 3330 Aliud
220 3268 391 3332 discrimen
407 3270 570 3350 assignant
588 3267 670 3331 inter
683 3268 829 3331 habitum
846 3263 1023 3328 clericalem
1038 3267 1070 3324 et

117 3446 134 3492 l.
145 3446 265 3513 tenuis,
274 3463 300 3500 vr
313 3449 439 3514 Clcmou,
452 3453 502 3502 art.
517 3465 535 3513 1,
545 3449 581 3502 11¹⁸
590 3444 967 3511 23-253-Schmalzgrueber,
979 3451 1012 3492 n0
1024 3443 1069 3518 313

91 3519 282 3587 --fletnenstuct
298 3525 334 3576 nn
350 3527 390 3590 63,
403 3528 447 3590 61;
462 3526 620 3590 -Pirhing,
635 3525 769 3587 n⁰17;—
785 3522 811 3572 S.
825 3521 903 3583 Alph.
913 3518 1070 3584 deliguori,

95 3591 229 3665 ilectmon,
241 3603 290 3656 lib.
299 3603 342 3666 VI,
358 3613 390 3654 n⁰
405 3604 465 3667 826;
475 3630 505 3641 -
524 3602 692 3666 Gorstrertces
702 3599 881 3663 ‹ldnqerssur
892 3595 931 3646 les
943 3596 976 3646 de
997 3594 1071 3644 voirs

91 3663 201 3742 testeos,
215 3685 242 3730 n·
263 3678 347 3742 conf..
363 3687 401 3734 rre
421 3679 560 3746 quesitam
575 3705 605 3718 ·—
621 3674 724 3730 Ritualo
737 3675 916 3740 lingonense,
932 3680 963 3724 n⁰
983 3671 1039 3722 6115.
