2642 4268
151 231 218 279 ΔΙΙΤ.
240 230 275 277 11.
295 229 478 278 cmuuuuall
497 231 534 277 uu
557 230 730 298 sueuuuual
751 231 983 296 ucuuusllsulon.
1023 223 1076 276 469

30 347 168 410 clerus
196 347 328 426 hujusce
353 347 524 426 parochiae,
550 347 588 426 si,
610 353 739 426 rogatus
765 349 936 424 afamilia,
964 348 1077 408 debeat

33 447 221 526 quasdam
236 445 440 507 caeremonias
454 446 612 507 sunerales
627 463 732 524 agere,
746 446 797 506 vel
810 447 905 508 funus
920 446 1075 520 comitari,

32 545 194 626 recipiet
208 544 365 625 stipendia
377 563 415 605 ex
430 544 586 613 condicto,
600 546 651 605 vel
661 545 753 621 juxta
763 544 906 608 dioecesis
917 563 1007 606 usum
1019 545 1075 605 de·

34 643 244 704 terminata.
261 645 389 714 Verum,
409 662 448 704 ex
459 642 531 721 juce
553 642 723 716 communi,
744 647 777 706 et
798 643 858 704 uisi
879 648 1000 704 statuta
1021 661 1076 704 seu

37 743 222 804 diuturnae
235 741 477 804 consuetudines
489 741 632 802 locorum
646 742 739 804 aliter
747 743 1006 823 praescripserint,
1019 743 1077 802 Pa-.
1100 813 1102 818 ,

39 841 178 902 rochus
193 859 257 902 non
269 842 376 921 potest
388 839 560 918 exigerent
574 839 634 900 sibi
648 841 808 903 deferatur
816 840 956 902 officium
965 840 1078 900 funera

42 939 272 1013 conducendi,
288 957 345 1018 per
364 939 442 998 fines
457 956 523 1000 suae
533 937 704 1016 parochiae.
721 940 770 1000 lte
783 939 980 1000 declaratum
1000 937 1077 998 olim

43 1039 120 1099 fuit
145 1057 167 1098 a
194 1041 225 1100 S.
251 1028 403 1115 Congreg.
427 1037 566 1111 Rituum,
588 1037 639 1098 die
663 1039 702 1096 ΙΙ
722 1037 885 1114 februarii,
910 1056 960 1098 an.
986 1037 1075 1114 1626,

45 1137 138 1198 item
148 1137 198 1197 die
207 1138 249 1196 lo
261 1141 340 1216 sept.
354 1137 443 1210 1685,
456 1141 486 1196 et
497 1135 707 1197 communiter
719 1136 938 1198 observaturi.
951 1138 995 1198 Re
1007 1136 1077 1214 qui-

48 1237 135 1296 dem
145 1235 358 1314 verequando
373 1234 405 1294 in
421 1234 532 1294 eadem
543 1233 670 1295 civitate
678 1239 752 1296 suut
760 1235 867 1314 plures
876 1233 1036 1312 parochiae
1048 1240 1079 1296 et

49 1353 161 1396 unum
177 1333 392 1396 coemeterium
405 1332 553 1394 omnihus
563 1351 742 1406 commune,
756 1338 867 1394 notum
878 1339 926 1394 est
939 1333 1080 1411 singulos

51 1433 224 1496 Parcchos
244 1450 373 1494 suorum
387 1431 559 1510 respective
571 1431 842 1510 parochianorum
857 1431 1079 1510 defunctorum

52 1549 200 1612 corpora
220 1529 375 1603 comitari,
396 1529 458 1590 ritu
477 1529 638 1608 religioso,
655 1549 728 1590 eum
750 1529 832 1590 stola
852 1533 883 1590 ct
902 1547 1005 1602 cruce,
1022 1547 1079 1609 per

53 1630 130 1691 vias
145 1629 292 1710 publicas
309 1629 350 1689 ad
368 1628 594 1694 coemeterium,
622 1627 698 1707 quin
725 1627 831 1690 caeteri
851 1627 998 1701 Parochi,
1023 1645 1080 1706 per

57 1745 201 1809 quorum
223 1727 302 1787 fines
322 1727 417 1789 funus
436 1726 572 1799 ducitur,
587 1726 640 1805 jus
660 1724 790 1805 aliquod
806 1725 1016 1805 praetendant.

122 1829 194 1888 569.
213 1859 248 1872 ··-
263 1827 319 1886 ΙΙΙο
333 1823 630 1905 Quibusdcneqcmu
643 1823 682 1884 sit
696 1823 850 1904 sepultura
862 1823 1080 1886 ecclesiastica?

123 1925 247 2004 Regula
277 1923 433 2000 generalis
462 1927 510 1984 est
538 1922 758 2002 denegandam
785 1923 853 1984 iore
882 1921 1079 2003 sepulturam

59 2023 311 2086 ecclesiasticum
332 2021 613 2082 excommunicatis
631 2019 837 2093 denuntiatis,
851 2026 883 2081 et
903 2022 1078 2101 peccatori-

60 2124 122 2183 bus
145 2120 281 2201 publicis
305 2119 361 2197 qui
378 2117 502 2179 nullum
525 2119 682 2179 dederunt
702 2118 827 2196 signum
849 2119 1080 2180 emendationis

61 2227 136 2283 ante
152 2221 298 2281 mortem.
321 2239 335 2274 α
351 2217 455 2279 Sacris
469 2217 644 2280 canonibus
660 2221 708 2276 est
721 2216 902 2278 institutum
917 2222 952 2276 ut
967 2217 1081 2294 quibus

68 2342 82 2378 c
96 2339 163 2382 non
173 2318 475 2382 communicavimus
484 2316 572 2390 vivis,
583 2335 648 2377 non
657 2315 927 2378 communicemus
935 2315 1079 2386 mortuis

66 2444 82 2476 «
98 2425 130 2480 et
150 2424 186 2479 ut
201 2424 328 2480 careant
343 2418 505 2495 sepultura
523 2415 737 2479 ecclesiastica
757 2414 812 2494 qui
828 2413 917 2494 prius
930 2420 1021 2475 erant
1041 2415 1080 2476 ab
1125 2441 1130 2458 ·

68 2517 220 2578 «unitate
235 2515 382 2577 Ecclesiae
402 2513 538 2594 praecisi,
553 2532 611 2575 nec
631 2513 664 2574 in
684 2513 819 2576 articulo
839 2512 951 2576 mortis
965 2512 1082 2595 fuerint

66 2639 81 2672 «
99 2614 305 2677 reconciliati.
324 2639 339 2669 n
362 2613 449 2694 (Gap.
467 2609 584 2686 Sacris,
606 2613 656 2686 la,
675 2629 714 2672 nu
730 2611 1027 2690 Smumua1s.)Haec
1042 2610 1081 2672 de

66 2712 350 2776 excommunicatis
364 2711 556 2773 denuntiatis
567 2716 750 2772 statuuntur
762 2730 770 2772 ε
783 2710 890 2790 quoad
901 2715 1083 2789 peccatores

65 2813 221 2895 publicos,
238 2812 322 2873 idem
337 2829 396 2872 usu
409 2815 564 2883 servatur,
575 2810 669 2890 juxta
681 2810 807 2888 regulas
814 2809 895 2888 juris
906 2807 1082 2872 communis

66 2922 97 2976 et
113 2918 232 2975 statuta
253 2911 449 2984 dioecesana;
476 2927 540 2969 non
563 2908 648 2969 enim
669 2927 797 2988 aequum
820 2913 966 2970 censetur
989 2908 1083 2969 utils

67 3018 137 3093 post
152 3011 274 3074 obitum
291 3009 505 3089 applicentur,
522 3007 584 3067 ritu
602 3007 739 3086 publico,
757 3006 908 3085 suffragia
922 3005 1080 3079 Ecclesiae,

68 3111 130 3192 qui,
148 3112 224 3171 dum
238 3109 388 3178 viverent,
406 3105 524 3186 privati
537 3108 610 3164 sunt
625 3104 839 3166 sacramentis.

127 3208 347 3271 Excluduntur
358 3203 689 3285 proindeasepultura
698 3202 872 3264 christiana
886 3219 894 3262 :
908 3205 939 3262 l⁰
949 3203 1080 3282 Fugaci,

68 3299 178 3383 Judaei',
197 3310 350 3388 apostata
369 3323 388 3366 a
404 3302 467 3364 fide
488 3300 670 3374 christiana,
688 3299 831 3362 haeretici
846 3301 1084 3364 ct'schismatici

70 3406 200 3484 notorii3
216 3407 250 3465 2⁰
265 3403 321 3484 qui
335 3401 396 3464 sihi
410 3417 524 3463 manus
536 3399 691 3460 violentas
700 3398 877 3460 intulerunt
886 3399 928 3460 ob
938 3399 1084 3480 despera·
1115 3456 1118 3465 .

115 3563 137 3612 Ι.
155 3559 219 3610 Acta
238 3557 338 3608 Sancte
356 3553 439 3617 Sedis,
456 3552 510 3604 vol.
529 3553 572 3615 111,
590 3566 650 3618 pag.
668 3552 751 3602 4146.
767 3551 826 3603 Vol.
844 3549 874 3612 V,
892 3565 952 3616 pag.
972 3551 1084 3602 ΙΙΙ-ΙΙΙ.

71 3636 125 3687 Vol.
134 3635 189 3698 Vll,
199 3649 259 3699 pag.
268 3633 381 3692 sao-386,
391 3629 437 3680 ubi
446 3629 560 3680 refertur
570 3627 714 3678 declaratio
726 3629 752 3679 S.
762 3629 789 3679 C.
803 3627 864 3678 data
874 3627 917 3678 die
929 3629 1011 3692 3jun.
1025 3629 1085 3680 1873

72 3725 128 3778 que
140 3716 261 3764 nostram
273 3708 449 3761 assertionem
462 3705 614 3772 confirmat.
654 3751 658 3757 ,
715 3755 718 3760 Δ
750 3757 751 3762 1
786 3760 788 3765 .

161 3829 166 3835 '
200 3838 274 3872 nanu.
290 3831 342 3870 iun.
357 3837 410 3869 clu.
427 3837 454 3867 ιι·
908 3809 941 3868 27
