2588 4276
156 195 224 242 sur.
249 177 668 246 rv.snir1ss1ormru1uu1n
690 198 785 246 srsru
806 198 972 248 nrxroroso.
1006 193 1072 248 nra

55 335 71 372 n
87 312 179 394 quod
189 317 281 391 agat;
298 318 329 373 et
343 313 369 372 si
384 311 451 392 ejus
470 313 616 375 voluntas
632 314 686 393 pia
700 319 732 375 et
748 314 847 376 libera
863 315 991 394 cognita
1007 317 1073 378 fue·

55 414 167 475 «rit...
188 411 286 472 libere
303 410 331 471 ei
350 410 494 491 profiteri
513 410 618 475 liceat.
639 437 653 466 »
673 414 738 473 Lex
755 431 865 474 omnes
883 420 1068 488 conventus

51 513 149 574 etiam
164 513 340 587 exemptos,
357 508 504 588 attingit;
520 511 627 572 verbis
647 511 733 570 enim
754 511 908 572 absolutis
928 512 1073 574 enuntia-

52 619 113 672 tur.
145 609 301 692 Praefeeta
329 607 523 669 monasterio
553 607 649 670 debet
680 609 872 688 Episcopum
903 610 1070 671 certiorem

52 710 156 770 faeere
178 705 218 766 de
237 705 346 766 futura
363 704 557 784 professione
578 711 650 768 ante
671 725 828 780 mensem;
847 713 879 767 et
894 725 934 768 nc
953 707 1069 768 diutius

53 804 271 885 protrabatur,
288 801 467 880 quindecim
480 803 681 864 solummodo
693 804 759 864 dies
768 804 968 881 assignantur
978 823 1067 866 cons·

53 904 200 964 titutione
215 903 248 964 S.
264 901 314 962 Pii
325 901 361 973 V,
378 901 462 962 intra
482 920 561 980 quos
577 902 644 963 dies
663 921 796 963 examen
812 904 923 981 peragi
942 922 1068 964 necesse

54 1007 108 1062 est.
132 1002 277 1061 Examen
298 998 368 1059 fieri
385 998 481 1058 debet
501 1003 574 1059 ante
597 1004 709 1073 craten,
731 1000 792 1061 nisi
810 1000 850 1061 sit
872 1001 952 1062 ratio
972 1001 1070 1081 suspi-

54 1098 145 1160 candi
163 1117 204 1158 ne
225 1097 333 1176 puella
352 1097 520 1174 instigetur
539 1117 558 1158 a
577 1098 768 1159 monialibus
788 1105 982 1173 conventus;
1005 1119 1068 1178 quo

56 1198 84 1256 in
98 1215 174 1258 casu
195 1195 370 1276 Episcopus
386 1195 511 1256 curabit
530 1196 682 1257 novitiam
696 1196 769 1257 inde
785 1196 900 1258 adduci
918 1197 950 1256 in
970 1197 1067 1258 eccle·

56 1295 131 1354 siam
151 1293 342 1355 exteriorem
363 1293 559 1368 monasterii,
580 1293 631 1354 vel
653 1294 751 1354 elium
770 1294 1018 1355 commodiorem
1038 1299 1069 1355 et

56 1392 314 1472 propinquiorem
330 1391 449 1463 locum,
466 1391 518 1451 ubi
536 1392 575 1452 de
595 1391 757 1453 voluntate
775 1393 889 1471 puellae
907 1392 1067 1472 inquirere

56 1491 159 1569 possit.

109 1586 204 1649 Nota.
219 1589 249 1646 l⁰
262 1589 403 1648 Examen
416 1587 456 1648 ab
468 1587 624 1666 Episcopo
636 1588 795 1666 agendum
805 1606 864 1667 pro
875 1587 1001 1667 objecto
1015 1607 1067 1650 ex-

57 1685 167 1746 clusive
182 1686 280 1746 hebet
294 1685 474 1746 libertatem
484 1685 658 1746 voluntatis
670 1686 802 1765 puellae;
818 1686 1026 1765 quamobrem
1042 1686 1068 1746 si

57 1783 168 1844 adalia
183 1783 403 1862 protendatur,
414 1781 522 1861 puella
537 1801 602 1844 non
610 1789 736 1845 tenetur
746 1785 949 1863 respondere.
965 1785 1067 1864 (Bulla

57 1880 145 1956 Piiv,
160 1880 237 1941 Etsi
245 1880 489 1954 mendicantium,
502 1899 555 1940 an.
573 1880 676 1962 1567.)

109 1982 141 2040 2⁰
157 1978 193 2042 Si
208 1979 411 2056 congregatio
431 1977 580 2056 religiosa
597 1997 660 2040 non
678 1979 795 2041 habeat
810 1984 884 2040 vota
900 1978 1065 2070 solemnia,

57 2081 104 2136 aut
113 2076 237 2136 nullam
248 2076 365 2137 habeat
376 2076 612 2155 exemptionem
626 2075 871 2155 ajurisdictionc
882 2077 1063 2157 episcopali,

58 2174 223 2253 Episcopus
234 2191 298 2234 non
307 2178 433 2235 tenetur
448 2174 577 2236 decreto
591 2174 689 2235 allato
704 2193 710 2247 ;
727 2178 781 2236 sed
796 2175 859 2235 alia
869 2175 936 2254 ipse
946 2194 1004 2254 pro
1021 2176 1066 2236 of-

58 2271 120 2333 ficio
135 2271 341 2352 praescribere
356 2276 471 2350 potest,
485 2272 583 2351 juxta
598 2272 716 2334 ordinis
731 2272 922 2334 institutum.

109 2371 161 2431 ΙΙΙ.
190 2367 376 2430 Assentiente
395 2369 561 2450 superiore.
583 2369 678 2430 Nulla
701 2371 853 2450 professio
875 2370 944 2432 lieri
962 2376 1066 2450 potest

57 2466 139 2528 aliter
154 2485 252 2546 quam
263 2467 477 2528 consentiente
490 2467 653 2546 superiore
668 2467 797 2543 ordinis,
813 2468 863 2529 vel
878 2468 933 2529 illo
949 2469 1004 2548 qui
1019 2474 1066 2530 est

58 2563 212 2644 delegatus
226 2565 321 2645 juxta
342 2566 468 2644 regulas
487 2565 633 2639 instituti,
655 2571 710 2626 aut
731 2566 857 2627 lndulto
877 2567 1064 2646 apostolico,

56 2663 90 2722 ad
102 2665 297 2743 acceptanda
315 2668 399 2725 vota.
417 2664 509 2725 Ratio
525 2668 573 2724 est
587 2663 673 2743 quod
691 2682 749 2742 per
763 2664 996 2742 professionem
1013 2665 1063 2724 in-

57 2758 173 2821 ducitur
194 2762 479 2841 quesi-contrectus
503 2761 586 2822 inter
605 2761 791 2838 religionem
816 2767 847 2822 et
868 2763 1064 2842 religiosum,

57 2858 103 2935 qui
116 2858 178 2919 sibi
196 2865 308 2920 mutuo
322 2860 480 2938 spondent
491 2859 524 2919 in
536 2859 694 2920 futurum.
709 2860 861 2939 Superior
875 2864 984 2920 autem
999 2878 1065 2920 ser·

57 2972 120 3018 vare
133 2962 272 3032 tenetur,
290 2957 323 3016 in
334 2955 532 3017 admittendo
547 2941 683 3018 novitios
699 2958 739 3018 ad
754 2957 994 3036 professionem,
1011 2976 1063 3018 re-

58 3055 138 3129 gulas
158 3055 208 3116 sui
225 3054 361 3116 instituti
382 3072 389 3114 :
411 3073 506 3133 porro
528 3074 592 3117 una
612 3073 628 3116 e
648 3055 816 3134 praecipuis
835 3055 946 3133 regula
964 3061 1010 3116 est
1028 3058 1064 3114 ut

58 3152 157 3214 novitii
175 3141 330 3233 professio
350 3153 546 3232 approbetur
565 3153 696 3214 consilio
714 3153 843 3214 illorum
860 3171 996 3232 quorum
1016 3159 1065 3212 est

59 3251 140 3312 eade
154 3269 188 3313 re
205 3251 393 3312 deliberare.

108 3351 178 3413 478.
194 3385 233 3396 -
246 3349 302 3412 ΙΙΙ0
319 3347 396 3424 Quos
408 3349 530 3428 effeetus
541 3348 693 3430 producat
701 3347 848 3430 professio
860 3343 1023 3426 religioso?

109 3450 138 3508 l⁰
152 3448 311 3510 Professio
326 3448 477 3527 religiosa
493 3447 616 3509 inducit
630 3446 858 3525 obligationem
872 3449 948 3505 vota
965 3448 1061 3523 atque

60 3547 172 3624 regulas
185 3547 324 3608 instituti
335 3546 492 3635 servandi,
511 3564 605 3607 sensu
615 3546 698 3605 infra
713 3543 911 3622 explicando.

110 3647 140 3705 2⁰
153 3643 317 3724 Extinguit
328 3649 402 3707 vota
414 3643 591 3718 antefacta,
604 3642 716 3704 saltem
727 3658 798 3722 quae
810 3638 1061 3722 incompatibilia
