2588 4276
226 244 295 292 tnr.
316 243 337 292 l.
357 243 446 294 anteo
465 245 602 294 anamael
622 245 857 295 nentetosonurt.
996 241 1049 298 205

32 355 182 418 mulieres
200 357 348 421 affectare
366 359 464 422 vitam
482 359 666 446 religiosam
684 360 746 422 nisi
767 360 826 422 sub
839 361 987 424 clausura
999 365 1049 426 vi·

32 460 140 516 verent
154 474 228 516 cum
242 457 323 518 votis
337 457 545 532 solemnibus;
567 460 774 538 quamobrem
793 466 919 522 sanctus
934 461 1008 524 Pius
1021 463 1049 526 V

28 551 117 632 jussit
138 553 247 614 nullas
273 555 442 616 Tertiarias
463 555 612 616 ordinum
635 555 839 634 Regularium
864 557 989 620 admitti
1012 559 1046 622 in

31 658 200 726 conventu,
223 651 283 712 nisi
301 657 376 714 vota
396 652 550 715 solemnia
571 653 760 728 emitterent,
785 654 950 735 legemque
965 657 1049 720 elau·

30 765 106 810 surae
122 749 267 810 ommino
282 755 453 824 servarent,
470 751 556 830 quod
570 750 611 812 ad
626 757 766 812 mentem
780 752 943 814 Pontificis
957 753 1048 816 intel·

30 846 144 907 lectum
161 847 225 908 fuit
246 847 456 909 communiter
473 847 513 910 de
531 848 679 909 omnibus
700 848 770 910 aliis
783 849 954 912 mulierum
968 870 1046 916 con·

31 944 278 1022 gregationibus.
299 943 406 1006 Multae
421 951 539 1019 temen,
569 964 590 1006 a
610 951 754 1024 tempore
773 965 837 1025 qua
858 943 977 1026 prodiit
991 949 1047 1012 illa

31 1041 225 1116 constitutio,
239 1048 351 1105 ereetse
365 1049 439 1104 sunt
453 1049 549 1124 atque
563 1043 750 1116 floruerunt,
765 1043 936 1106 scientibus
949 1051 981 1108 et
995 1052 1045 1108 ta·

30 1139 172 1200 centibus
187 1141 359 1203 Ordinariis
374 1142 526 1215 locorum,
540 1140 653 1204 damus
663 1141 888 1202 Tertiariarum
903 1161 973 1221 qua
987 1161 1046 1206 nec

32 1241 98 1298 vota
110 1238 271 1300 solemnia
285 1238 482 1313 emittebant,
505 1257 562 1300 nec
583 1239 794 1302 claustrorum
808 1239 876 1319 lege
890 1239 1043 1302 teneban-

32 1341 85 1396 tur.
104 1359 120 1392 «
140 1337 187 1398 Ut
206 1337 245 1398 de
260 1336 358 1416 ipsius
379 1336 498 1398 decreti
516 1335 718 1399 observantia
732 1336 873 1398 studium
893 1338 1043 1400 ostenda·

35 1437 126 1506 «tur,
153 1435 202 1495 ait
227 1434 412 1496 Benedictus
438 1435 517 1508 XIV,
539 1433 636 1496 Sedes
661 1433 844 1513 Apostoliea
873 1434 1044 1498 Tertiarias

36 1557 48 1588 a
66 1531 252 1611 hujusmodi
266 1532 473 1607 dissimulare,
489 1535 521 1592 et
534 1536 685 1610 tanquam
699 1549 757 1593 sua
779 1532 967 1594 auctoritate
982 1533 1044 1594 mi·

36 1630 151 1692 «nime
172 1630 335 1709 probatas,
360 1630 590 1709 Episcoporum
617 1628 831 1708 jurisdictioni
860 1629 1044 1709 permittere

36 1728 231 1790 «consuevit
254 1728 277 1787 ¹.
298 1749 313 1785 n
337 1727 417 1790 Hinc
436 1731 483 1788 eet
502 1726 587 1806 quod
606 1727 748 1806 musque
772 1727 950 1790 recentiora
963 1733 1043 1790 tem·

35 1843 112 1904 pore,
134 1825 170 1886 in
191 1823 459 1886 declarationibus
488 1841 567 1903 quas
593 1822 759 1884 identitem
782 1824 879 1886 Sacra
907 1826 1045 1904 Gangre·
1093 1862 1096 1867 -

37 1923 109 2001 gutia
124 1922 333 2001 Regularium
359 1921 446 1982 dedit
466 1922 552 1984 eirca
575 1920 644 1982 haec
672 1921 828 1997 instituta,
860 1940 931 2001 quae
949 1922 1043 2003 juris·

37 2020 156 2084 dictioni
195 2020 425 2100 Episcoporum
451 2018 635 2082 omnimodo
661 2017 805 2098 subjecta
833 2038 901 2082 csse
928 2020 1039 2096 voluit,

35 2117 224 2181 inserebatur
243 2117 409 2180 clausula:
428 2114 517 2178 Citra
528 2125 628 2178 tamen
641 2115 888 2196 approbationem
904 2115 941 2178 S.
960 2115 1041 2179 Con-

35 2216 210 2297 gregatiania
222 2215 323 2296 quoad
334 2213 567 2280 conservatoria.

84 2316 184 2377 Hodie
194 2313 336 2376 clausula
347 2331 412 2376 non
422 2311 724 2391 ampliusinseritur,
734 2311 933 2392 quiaSancta
945 2312 1041 2375 Sedes

37 2419 239 2493 opportunum
264 2412 363 2486 duxit,
380 2430 439 2492 pro
457 2415 638 2490 temporum
651 2410 843 2485 conditione,
859 2428 924 2471 non
937 2410 1040 2472 salum

37 2512 172 2588 tolerare,
193 2511 248 2572 sed
261 2509 440 2591 approbare
456 2513 631 2571 conventus
646 2509 817 2572 mulierum
831 2509 949 2588 absque
963 2527 1039 2590 pro·

37 2609 157 2674 sessione
172 2608 307 2672 solemni
322 2613 354 2670 et
365 2608 436 2687 lege
451 2607 622 2669 claustrali.

85 2707 232 2772 tertiarii
249 2712 449 2770 remanentes
468 2704 503 2766 in
519 2705 635 2766 saeculo
653 2705 686 2766 in
708 2705 788 2767 duas
809 2705 904 2768 etiem
923 2707 1039 2778 classes

37 2804 173 2884 distingui
187 2810 342 2887 possunt:
359 2803 413 2866 alii
432 2802 551 2864 scilieet
571 2808 761 2882 coaptantur
777 2803 810 2865 in
825 2805 1040 2868 fraternitates

37 2917 94 2980 que
107 2923 182 2968 suos
196 2908 370 2966 conventus
384 2899 516 2975 habent,
532 2919 590 2964 sua
604 2901 658 2981 pia
671 2901 704 2962 in
717 2903 877 2964 communi
889 2901 1040 2966 exercitia
1118 2895 1120 2898 ’

74 3092 94 3140 t.
105 3088 239 3140 tristitudo
253 3101 321 3147 1111,
332 3094 364 3135 n⁰
373 3087 412 3136 13.

73 3166 151 3217 Multa
161 3166 195 3215 de
209 3160 343 3214 Tertiariis
358 3159 471 3224 conjecit
486 3159 611 3220 Ferraria,
630 3168 661 3206 vv
676 3159 797 3211 tertiavit
801 3173 812 3224 ,·
826 3187 856 3196 -
873 3160 950 3211 Cerd.
961 3161 1039 3212 Petra

39 3237 216 3292 Commentario
226 3240 253 3288 in
264 3237 351 3288 conat.
361 3251 380 3286 n
390 3235 490 3286 Nicolei
506 3235 555 3299 lV3
566 3235 595 3284 in
604 3233 692 3285 Cenat.
706 3235 811 3286 unicam
824 3237 963 3288 innocent.
975 3236 1036 3299 v11;
1082 3253 1083 3262 ¹

38 3316 91 3366 ettn
102 3318 189 3368 const.
202 3329 235 3367 xv
251 3313 359 3365 Martini
372 3312 404 3372 V,
420 3315 487 3361 tom.
504 3311 550 3372 lll,
567 3324 628 3375 pag.
649 3311 712 3372 2683
726 3315 791 3361 tom.
807 3311 849 3371 lV,
867 3325 929 3376 pag.
948 3313 995 3362 2⁰2
1012 3315 1040 3362 et

40 3391 82 3441 itt.
94 3419 122 3430 -
132 3389 242 3442 Manent
256 3389 300 3438 des
316 3387 399 3454 freres
411 3390 436 3436 et
451 3385 496 3437 des
508 3399 590 3436 soeurs
601 3385 637 3435 du
648 3387 712 3436 tiens
723 3386 801 3436 ordre
815 3386 847 3436 de
862 3387 888 3436 la
900 3386 1036 3438 Ptnitence

39 3461 64 3514 de
76 3465 99 3516 S.
115 3467 242 3531 Franccis
264 3463 388 3523 d'rlesise,
411 3460 452 3512 ed.
471 3460 577 3526 publice
601 3474 650 3526 par
670 3461 748 3524 ordre
768 3460 804 3510 du
822 3461 853 3510 R.
869 3463 897 3511 P.
914 3460 1037 3512 Salvator

40 3538 142 3604 d'ttritri,
160 3541 282 3592 ministre
298 3537 407 3603 general
426 3537 473 3586 des
493 3536 584 3586 ilrdres
606 3536 724 3587 Mineurs
739 3536 919 3601 capucium·
931 3536 1039 3588 Maneat

40 3613 157 3682 dessrtrea
165 3622 191 3668 et
199 3621 243 3667 des
252 3613 377 3666 soeansda
389 3614 452 3664 tiara
463 3612 540 3662 ordre
550 3611 583 3662 de
597 3611 623 3661 ta
634 3613 771 3663 Ptnitencs
781 3611 814 3663 de
829 3609 855 3662 S.
864 3611 1036 3678 Dominiquc,
1063 3623 1065 3628 ’

40 3702 77 3752 etr
87 3694 109 3746 le
122 3696 153 3746 R.
166 3695 195 3746 Ρ.
206 3691 312 3754 tundet,
323 3691 356 3742 de
372 3688 473 3740 l‘0rdre
488 3687 536 3740 des
550 3688 643 3740 freres
657 3687 813 3742 Prtcheurs.
853 3753 863 3772 ⁹

861 3791 894 3845 li
