2604 4274
247 348 314 395 101.
336 348 357 396 1.
379 313 525 397 reclusus
548 349 584 397 11
603 347 738 398 sacrem
758 347 901 398 1011010.
1027 333 1093 397 tlt?

102 459 105 462 ’
127 459 189 538 cui
201 465 234 526 in
242 465 382 527 Ecclesia
395 467 519 546 polluta
528 466 717 540 celebraret,
729 471 879 546 peccaret
893 465 1054 528 lethaliter
1069 483 1078 527 z

35 563 191 624 nullam
208 567 317 624 tamen
334 581 500 625 censuram
519 583 577 625 nec
602 564 871 642 irregularitatem
889 563 1074 631 incurreret,

38 659 155 740 (Gap.
171 660 201 721 le
215 661 277 742 qui,
295 662 344 735 l8,
368 677 407 723 01
422 663 513 725 suar.
533 677 658 737 nxcou,
672 662 706 722 in
716 661 786 742 ut)

125 759 317 825 Existimant
342 759 449 839 plures
476 761 633 834 doctores,
664 778 744 839 quos
777 757 858 820 citat
883 763 915 820 et
938 758 1080 838 sequitur

45 857 189 933 Quarti,
212 854 401 936 Episcopum
420 875 512 937 posse
531 858 742 937 dispensative
762 857 934 925 concedere
954 862 989 917 ut
1003 855 1081 918 fiant

45 953 175 1016 divina
192 955 344 1034 mysteria
362 955 394 1015 in
408 955 547 1017 Ecclesia
560 955 695 1035 polluta,
712 955 739 1014 si
758 954 931 1021 necessitas
952 957 1076 1032 urgeat,

48 1069 124 1114 nec
140 1057 292 1132 suppetat
304 1059 428 1132 tempus
443 1054 616 1125 Ecclesiam
632 1051 869 1116 reconciliandi.
973 1093 975 1100 -

128 1151 219 1211 Ritus
228 1150 260 1210 in
274 1151 458 1230 peragenda
471 1151 725 1213 reconciliatione
740 1150 901 1224 Ecclesiae,
916 1149 1001 1210 idem
1016 1165 1081 1208 non

50 1243 114 1308 ‘est
133 1248 162 1307 si·
182 1247 321 1310 Ecclesia
339 1249 435 1310 tuerit
451 1247 650 1310 solummodo
670 1247 847 1320 benedicta,
872 1263 910 1308 00
937 1247 964 1306 01
987 1244 1082 1306 leserit

54 1350 263 1408 consecrata.
279 1347 315 1407 ln
325 1345 425 1424 priori
437 1363 514 1407 casu
523 1347 672 1411 sacerdos
684 1346 856 1425 depatatns
865 1345 908 1406 ab
923 1344 1081 1423 Episcopo

57 1447 174 1522 potest
195 1443 401 1505 reconciliare
420 1444 593 1507 Ecclesiam
613 1441 781 1524 pollutam,
809 1447 934 1504 servato
961 1441 1025 1502 ritu
1046 1439 1080 1500 in

57 1539 187 1601 Rituali
206 1541 349 1602 Romano
367 1541 564 1621 praescripto,
579 1547 612 1603 et
626 1537 770 1602 adbibita
793 1557 877 1619 aque
898 1539 1080 1612 exorcizata,

60 1642 101 1698 ut
128 1635 246 1700 dicitur
262 1639 296 1700 in
315 1654 385 1720 cup.
409 1638 449 1700 Si
468 1639 619 1712 Ecclesia,
640 1641 689 1713 10,
711 1655 750 1700 nu
764 1639 1024 1711 chsrcnmrorrn,
1048 1633 1099 1696 111·

63 1741 124 1812 001,
148 1753 232 1815 aqua
253 1737 416 1798 lustralia
439 1737 613 1812 sacerdote,
634 1736 729 1814 juxta
749 1737 876 1814 regulas
902 1738 1081 1805 consuetas,

63 1833 246 1894 benedicta.
268 1831 482 1896 Necessarium
502 1851 570 1895 esse
590 1833 825 1911 delegationem
849 1834 890 1894 ab
911 1832 1079 1910 Episcopo,

67 1953 93 1986 (t-
107 1931 250 1992 aftirmat
263 1932 603 2006 camulianensium,
618 1934 663 1995 ait
677 1932 796 2006 Quarti,
814 1936 845 1992 et
858 1931 944 1992 favet
955 1925 1081 1990 Rituale

66 2051 89 2084 «·
105 2025 287 2091 Romanum
307 2031 414 2092 dicens
428 2031 612 2106 Ecclesiam,
639 2031 664 2092 si
686 2030 750 2091 nou
771 2029 866 2090 fuerit
882 2030 1078 2101 consecrata,

69 2146 93 2185 u.
108 2145 178 2188 esse
192 2123 458 2190 reconciliandam
470 2147 492 2190 0
515 2130 853 2207 000010101010103010;
871 2125 1081 2189 communiter

68 2247 89 2280 «·
107 2230 218 2286 tamen
238 2228 592 2308 asseruntnon-requiri
612 2227 772 2289 1100011011
785 2225 934 2306 Episcopi
947 2241 986 2284 ex
997 2240 1081 2303 pra-

69 2344 85 2377 «
107 2328 214 2401 eopto,
228 2325 331 2386 seder
346 2325 501 2400 decentia,
517 2325 594 2406 quia
603 2331 710 2388 textus
724 2325 838 2386 citatus
851 2317 889 2383 Si
901 2319 1041 2382 Ecclesia
1048 2319 1082 2380 id

70 2421 353 2500 «nonexprimit,
381 2427 412 2483 et
432 2424 626 2487 contrarium
650 2422 754 2502 potius
777 2414 939 2482 indicat»
967 2419 1004 2479 ln
1023 2417 1079 2478 illo

67 2516 189 2578 scilicet
207 2523 296 2580 textu
315 2520 499 2599 precipitur
517 2528 553 2582 ut
568 2520 595 2582 si
615 2545 631 2577 c
650 2516 790 2582 Ecclesia
809 2537 874 2580 non
887 2519 1083 2581 consecrata

69 2635 91 2669 «c
106 2615 205 2676 fuerit
214 2617 346 2696 polluta,
361 2635 442 2699 aqua
453 2620 593 2698 protritus
600 2619 770 2682 cccccccccc
780 2616 909 2689 1000101,
924 2631 964 2675 ee
974 2613 1083 2674 1110100

70 2734 86 2768 «
109 2709 208 2774 100011
227 2731 342 2794 019000
355 2715 577 2798 suspendentes·
596 2733 635 2794 c;
650 2715 737 2795 quod
751 2731 929 2796 supponere
943 2711 1080 2784 videtur,

64 2808 159 2887 juxta
173 2812 370 2875 canonistam
382 2815 527 2894 Pirhing,
539 2833 604 2877 non
618 2813 831 2876 necessarium
845 2813 914 2874 fore
922 2817 960 2872 ut
971 2825 1090 2890 espec

68 2912 154 2967 tetur
164 2909 351 2970 mandatum
360 2912 506 2992 Episcopi
518 2913 542 2974 ¹.

127 3007 164 3066 ln
184 3008 322 3069 00000010
340 3027 425 3086 casu,
441 3010 467 3070 si
484 3029 599 3093 nempe
618 3011 758 3073 Ecclesia
775 3009 869 3072 fuerit
886 3010 1082 3080 consecrata,

68 3104 374 3168 reconciliatio'licri
391 3107 486 3169 debet
504 3109 543 3169 ab
566 3109 737 3189 Episcop03
764 3108 950 3187 nentiquam
972 3121 1083 3166 veroa
1141 3091 1145 3100 ’

69 3201 205 3282 simplici
220 3205 394 3283 sacerdote,
410 3206 470 3266 nisi
481 3206 629 3267 habuerit
639 3205 839 3285 privilegium
852 3205 941 3267 Sedis
952 3205 1084 3282 Aposto-

69 3297 139 3362 tice
152 3301 177 3376 ¹,
201 3301 276 3381 quia
297 3303 511 3368 reconciliatio
528 3304 674 3366 Ecclesiae
692 3308 894 3376 consecratae,
915 3302 995 3362 sicut
1014 3299 1084 3378 ipsa

117 3483 140 3530 l.
156 3477 257 3541 Quarti,
273 3479 327 3530 loce
343 3482 398 3543 eit,
413 3485 481 3546 part.
495 3482 541 3544 lll,
556 3483 597 3532 til.
610 3495 636 3544 x,
653 3482 717 3534 dub.
734 3496 751 3532 r.
766 3508 797 3518 -
811 3480 930 3544 Pirhiug,
945 3479 974 3528 iu
987 3479 1029 3529 tit.
1042 3491 1083 3537 xn,

68 3553 114 3604 lib.
128 3555 174 3615 lll,
186 3563 218 3604 n⁰
231 3558 270 3606 21.
283 3583 313 3593 -
326 3557 420 3619 Collet,
434 3559 521 3610 chitc'
535 3558 580 3608 des
595 3559 678 3608 seinte
691 3557 823 3622 myste'cca,
837 3557 913 3620 chap.
927 3570 979 3618 110,
995 3563 1027 3606 n·
1043 3554 1083 3606 l'l.

70 3629 168 3679 Bened.
181 3629 246 3692 xlv,
262 3631 294 3681 cle
309 3631 424 3696 synode,
437 3633 484 3684 lib.
497 3635 564 3696 XIII,
580 3649 637 3698 cup.
651 3649 695 3696 xv,
708 3643 739 3684 11ο
754 3637 778 3685 2.
977 3627 980 3634 ’

89 3724 92 3732 ’
116 3725 140 3773 2.
160 3723 201 3774 Ita
223 3725 405 3788 prescribitur
425 3727 453 3776 in
473 3727 572 3778 Rituali
590 3729 720 3788 Romano,
742 3731 768 3778 01
786 3739 944 3792 responsum
965 3725 1017 3778 luit
1038 3725 1083 3778 dic

71 3799 167 3864 610011
183 3803 243 3853 1626
256 3815 272 3852 0
287 3803 313 3852 S.
330 3802 412 3868 Cong.
428 3804 547 3867 Rituum,
563 3805 590 3854 in
606 3819 686 3856 causa
701 3804 888 3856 Cameracensi.
