2604 4274
245 221 313 268 ΛΒΤ.
331 217 360 268 l·-
376 218 522 268 tummim
543 219 579 264 ΕΤ
598 217 730 268 stcnttt
751 219 886 269 PRll'A’l'd·
1019 216 1070 271 433

36 339 118 400 siae
139 336 324 400 Parisiensis
347 337 408 397 lert
433 353 440 396 :
475 335 650 414 «Antiqua
672 333 838 416 disciplina
867 339 1072 404 constitutum

45 457 67 496 u
97 442 150 498 est
174 441 210 497 ut
232 434 372 497 oratoria
399 434 431 495 in
444 434 523 494 ·loco
546 433 671 495 decenti
691 441 722 496 et
742 435 895 512 honesto„
913 443 1008 517 atque
1030 439 1070 500 ab

42 557 66 591 «
94 533 247 596 omnibus
268 532 375 594 usibus
396 531 576 594 domesticis
593 531 707 608 libero,
735 538 930 596 extruantur.
950 536 1072 598 iustam
1094 576 1118 614 ·.

46 659 67 689 n
98 632 244 694 habeant
263 630 518 710 amplitudinem,
537 648 648 710 nempe
669 629 875 710 longitudinis
895 639 996 694 metra
1016 635 1076 696 sal·

46 757 67 786 «
90 737 162 792 tem
177 734 324 809 quatuor,
346 727 521 790 latitudinis
542 746 617 789 vero
632 734 662 788 et
682 727 857 791 altitudinis
878 730 939 791 tria
953 736 1073 806 metra3

47 852 68 886 κ
89 829 222 889 nullum
242 845 338 906 supra
359 826 454 888 debet
472 825 606 887 existere
630 826 822 903 cubiculum,
844 828 877 888 in
896 829 1074 908 quo-lectus

47 951 67 983 a
93 925 248 1005 cuiquam
278 923 446 985 sternatur.
478 946 494 981 »
521 923 643 1002 Singuli
666 929 813 986 tenentur
837 945 901 987 suae
933 927 1075 989 dioecesis

48 1023 354 1105 praeecmptionibus
367 1021 508 1083 debitam
521 1023 734 1084 obedientiam
749 1029 912 1103 praetere.

79 1205 148 1280 §2
168 1237 208 1248 -
226 1201 498 1264 benenedictione
518 1209 546 1262 ct
566 1199 794 1263 Consecrotiooc
809 1201 1017 1264 Ecclesiccum
1033 1205 1059 1265 ¹.

125 1359 143 1396 *
164 1359 234 1422 552.
256 1392 294 1406 -
319 1359 350 1418 l⁰
374 1355 454 1432 Quid
475 1357 515 1418 sit
534 1355 697 1418 benedictio
721 1357 945 1437 lt'cclcsc’orum,⁸
969 1359 1001 1420 cic
1021 1377 1079 1439 quo

58 1457 233 1520 benedictae
256 1456 427 1538 simpaco
450 1456 670 1517 consecratione
693 1454 833 1536 differam
858 1466 961 1517 utrum
983 1475 1081 1519 omnes

56 1555 221 1620 Eccleecbs
238 1554 370 1617 benedici
384 1563 439 1616 aut
451 1555 620 1616 consecrari
635 1555 833 1615 accessorium
848 1552 908 1616 sit?

126 1655 151 1717 l.
173 1655 267 1714 AEdes
289 1654 329 1716 ad
348 1652 490 1713 divinum
509 1651 630 1713 cultum
651 1651 828 1728 destinatae,
851 1652 970 1731 duplici
984 1654 1081 1715 modo

58 1753 259 1814 sanctificari
277 1757 421 1832 possunt,
444 1750 662 1810 benedictione
682 1750 828 1830 simplici,
848 1751 898 1812 vel
914 1771 1079 1816 consecre-

62 1852 170 1925 tione3
192 1856 362 1930 antequam
386 1867 461 1909 vero
485 1847 652 1909 discrimen
673 1849 849 1926 assignetur
863 1848 945 1910 inter
960 1855 1084 1914 utrum·

62 1968 142 2030 que,
163 1948 378 2010 revocandum
397 1950 455 2020 est,
479 1965 516 2006 ex
538 1945 682 2008 doctrina
697 1946 918 2025 theologorum
930 1953 972 2008 ct
987 1965 1084 2011 cano-

61 2049 236 2123 nistarum,
254 2045 330 2126 quid
343 2045 383 2106 sit
397 2043 575 2106 benedictio
591 2043 812 2106 ecclesiastica.

128 2143 312 2206 Benedictio
329 2149 376 2204 est
391 2147 478 2204 actus
493 2141 663 2221 religionis,
680 2156 756 2222 qao,
778 2160 835 2222 per
849 2142 1084 2204 invocationem

67 2243 171 2304 divini
195 2241 347 2316 nominis,
374 2240 494 2320 aliquid
517 2239 593 2302 boni
618 2231 789 2314 cdntertur,
815 2245 870 2301 aut
893 2240 1084 2320 postulatur.

66 2343 174 2404 Sensu
196 2346 301 2400 autem
326 2339 366 2400 ad
386 2357 453 2399 rem
466 2342 654 2418 praesentem
670 2337 922 2410 accommodato,
939 2343 970 2398 et
985 2336 1088 2418 qualis

68 2437 259 2516 intelligitur
281 2437 319 2496 de
338 2435 611 2497 benedictionibus
631 2435 891 2508 sacerdotalibus,
908 2436 971 2496 ritu
985 2435 1087 2496 eccle-

68 2535 198 2597 siastico
213 2535 412 2615 peragendis,
429 2541 476 2606 est
490 2539 578 2594 actus
597 2533 716 2594 ordinis
735 2538 766 2594 et
778 2532 1007 2612 jurisdictionis
1022 2549 1086 2612 quo

70 2633 229 2708 minister,
250 2632 291 2693 ad
310 2632 343 2692 id
359 2651 415 2694 suo
430 2649 561 2692 munere
577 2631 756 2710 deputatus,
773 2632 874 2692 Deum
889 2635 1038 2710 precatur
1052 2633 1089 2692 ut

69 2751 130 2812 per
148 2749 257 2810 preces
277 2736 308 2792 et
327 2730 439 2791 merita
463 2728 581 2804 oblata,
604 2729 733 2790 effectus
750 2729 860 2808 gratiae
875 2727 1019 2809 personis
1034 2745 1090 2790 seu
1150 2741 1152 2746 ·

71 2830 169 2891 rebus
184 2827 362 2908 applicetur
379 2827 419 2888 ad
435 2833 573 2888 mentem
589 2827 749 2892 Ecclesiae.

133 2927 189 3007 Est
202 2925 309 3006 utique
321 2926 354 2986 in
367 2926 507 2986 Ecclesia
521 2925 700 2986 communio
716 2929 910 2999 sanctorum,
928 2942 1000 3003 quae
1016 2943 1092 2986 con·

72 3022 157 3085 sistit
178 3024 271 3085 simul
289 3023 322 3084 in
341 3023 477 3106 vinculis
491 3023 623 3083 internis
642 3027 674 3084 et
694 3021 832 3084 externis
854 3022 970 3102 quibus
985 3021 1093 3083 fideles

73 3115 199 3179 Christo
215 3123 456 3197 connectuntur,
474 3119 552 3181 etin
567 3126 678 3181 mutua
693 3119 979 3181 communicatione
994 3118 1094 3180 bono·
1120 3139 1123 3144 ·
1216 3113 1217 3116 '

74 3234 148 3276 rum
165 3214 389 3295 spiritualium.
410 3217 604 3304 Principium
627 3224 735 3278 autem
759 3216 855 3294 hujus
878 3215 1074 3280 communica

74 3313 171 3375 tionis
184 3321 231 3374 est
243 3313 378 3392 Spiritus
390 3317 534 3393 Sanctus,
551 3315 607 3395 qui
624 3335 644 3376 a
661 3315 764 3394 capite
778 3314 810 3375 in
824 3313 968 3378 membra
981 3331 1055 3392 corp

77 3412 121 3473 ris
136 3411 336 3472 diffunditur.
602 3408 604 3417 ’

124 3545 149 3590 t.
166 3539 203 3589 Gt.
223 3539 324 3600 Quarti,
336 3539 368 3590 dc
384 3540 472 3591 Sacris
486 3540 725 3602 Benedicttooibuc,
743 3540 777 3591 ad
793 3539 892 3591 calcem
909 3517 1016 3596 commi

81 3615 241 3738 {cestram
259 3614 382 3666 Missalc's.
407 3643 438 3654 -
458 3617 589 3680 Azevedo,
605 3617 764 3669 Exercitatio
787 3631 857 3679 xxix,
879 3615 911 3666 dc
933 3615 989 3666 licc'

106 3702 132 3738 cc
143 3702 210 3741 esca.

185 3793 258 3826 enat.
273 3796 325 3830 WB·
336 3797 391 3830 CAN·
404 3799 428 3831 lh
918 3769 950 3824 2?
