<?xml version="1.0" encoding="UTF-8"?>
<!DOCTYPE html PUBLIC "-//W3C//DTD XHTML 1.0 Transitional//EN"
    "http://www.w3.org/TR/xhtml1/DTD/xhtml1-transitional.dtd">
<html xmlns="http://www.w3.org/1999/xhtml" xml:lang="en" lang="en">
 <head>
  <title>
</title>
<meta http-equiv="Content-Type" content="text/html;charset=utf-8" />
  <meta name='ocr-system' content='tesseract 3.04.00' />
  <meta name='ocr-capabilities' content='ocr_page ocr_carea ocr_par ocr_line ocrx_word'/>
</head>
<body>
  <div class='ocr_page' id='page_1' title='image "./praelectionesju00murrgoog_0114.png"; bbox 0 0 2582 4278; ppageno 0'>
   <div class='ocr_carea' id='block_1_1' title="bbox 243 288 1051 344">
    <p class='ocr_par' dir='ltr' id='par_1_1' title="bbox 243 288 1051 344">
     <span class='ocr_line' id='line_1_1' title="bbox 243 288 1051 344; baseline 0.002 -2"><span class='ocrx_word' id='word_1_1' title='bbox 243 295 310 342; x_wconf 76' lang='lat' dir='ltr'><strong>altr.</strong></span> <span class='ocrx_word' id='word_1_2' title='bbox 333 295 355 342; x_wconf 87' lang='lat'><strong>1.</strong></span> <span class='ocrx_word' id='word_1_3' title='bbox 376 293 613 344; x_wconf 65' lang='lat' dir='ltr'><strong>centimolum</strong></span> <span class='ocrx_word' id='word_1_4' title='bbox 632 295 831 344; x_wconf 67' lang='lat' dir='ltr'><strong>Illssl&#39;l’lll&#39;l&#39;llll.</strong></span> <span class='ocrx_word' id='word_1_5' title='bbox 1017 288 1051 344; x_wconf 83' lang='grc'><strong>99</strong></span> 
     </span>
    </p>
   </div>
   <div class='ocr_carea' id='block_1_2' title="bbox 54 409 1049 1471">
    <p class='ocr_par' dir='ltr' id='par_1_2' title="bbox 57 409 1049 786">
     <span class='ocr_line' id='line_1_2' title="bbox 59 409 1049 492; baseline -0.001 -17"><span class='ocrx_word' id='word_1_6' title='bbox 59 411 203 476; x_wconf 82' lang='lat' dir='ltr'><strong>concilium</strong></span> <span class='ocrx_word' id='word_1_7' title='bbox 216 409 339 472; x_wconf 80' lang='lat' dir='ltr'><strong>indixit.</strong></span> <span class='ocrx_word' id='word_1_8' title='bbox 351 443 391 457; x_wconf 92' lang='lat'>-</span> <span class='ocrx_word' id='word_1_9' title='bbox 402 411 536 492; x_wconf 76' lang='lat' dir='ltr'>Insuper</span> <span class='ocrx_word' id='word_1_10' title='bbox 551 431 609 473; x_wconf 88' lang='lat' dir='ltr'><strong>usu</strong></span> <span class='ocrx_word' id='word_1_11' title='bbox 624 431 688 474; x_wconf 87' lang='lat' dir='ltr'><strong>non</strong></span> <span class='ocrx_word' id='word_1_12' title='bbox 704 418 849 473; x_wconf 86' lang='lat' dir='ltr'><strong>servatur</strong></span> <span class='ocrx_word' id='word_1_13' title='bbox 866 411 905 484; x_wconf 65' lang='lat' dir='ltr'><strong>in,</strong></span> <span class='ocrx_word' id='word_1_14' title='bbox 919 413 1049 474; x_wconf 89' lang='lat' dir='ltr'><strong>minori-</strong></span> 
     </span>
     <span class='ocr_line' id='line_1_3' title="bbox 60 509 1049 590; baseline -0.002 -18"><span class='ocrx_word' id='word_1_15' title='bbox 60 514 105 572; x_wconf 86' lang='lat' dir='ltr'><strong>bus</strong></span> <span class='ocrx_word' id='word_1_16' title='bbox 116 509 281 571; x_wconf 71' lang='lat' dir='ltr'><strong>seminariis</strong></span> <span class='ocrx_word' id='word_1_17' title='bbox 294 514 331 570; x_wconf 82' lang='lat' dir='ltr'><strong>ut</strong></span> <span class='ocrx_word' id='word_1_18' title='bbox 344 510 435 590; x_wconf 84' lang='lat' dir='ltr'><strong>pueri</strong></span> <span class='ocrx_word' id='word_1_19' title='bbox 449 516 582 572; x_wconf 79' lang='lat' dir='ltr'><strong>tonsma</strong></span> <span class='ocrx_word' id='word_1_20' title='bbox 597 509 736 570; x_wconf 83' lang='lat' dir='ltr'><strong>cloricali</strong></span> <span class='ocrx_word' id='word_1_21' title='bbox 749 509 857 570; x_wconf 84' lang='lat' dir='ltr'><strong>statim</strong></span> <span class='ocrx_word' id='word_1_22' title='bbox 872 509 1049 584; x_wconf 82' lang='lat' dir='ltr'><strong>initientur,</strong></span> 
     </span>
     <span class='ocr_line' id='line_1_4' title="bbox 57 605 1048 687; baseline -0.003 -16"><span class='ocrx_word' id='word_1_23' title='bbox 57 610 94 671; x_wconf 84' lang='lat' dir='ltr'><strong>vel</strong></span> <span class='ocrx_word' id='word_1_24' title='bbox 106 608 190 670; x_wconf 84' lang='lat' dir='ltr'><strong>ctiam</strong></span> <span class='ocrx_word' id='word_1_25' title='bbox 206 607 317 669; x_wconf 84' lang='lat' dir='ltr'><strong>habitu</strong></span> <span class='ocrx_word' id='word_1_26' title='bbox 331 605 470 669; x_wconf 86' lang='lat' dir='ltr'><strong>clericali</strong></span> <span class='ocrx_word' id='word_1_27' title='bbox 485 611 627 685; x_wconf 86' lang='lat' dir='ltr'><strong>utantur,</strong></span> <span class='ocrx_word' id='word_1_28' title='bbox 643 607 732 687; x_wconf 87' lang='lat' dir='ltr'><strong>quod</strong></span> <span class='ocrx_word' id='word_1_29' title='bbox 748 607 851 668; x_wconf 83' lang='lat' dir='ltr'><strong>visum</strong></span> <span class='ocrx_word' id='word_1_30' title='bbox 864 606 924 668; x_wconf 77' lang='lat' dir='ltr'><strong>nit</strong></span> <span class='ocrx_word' id='word_1_31' title='bbox 939 608 1048 668; x_wconf 87' lang='lat' dir='ltr'><strong>dimit-</strong></span> 
     </span>
     <span class='ocr_line' id='line_1_5' title="bbox 58 705 578 786; baseline -0.004 -17"><span class='ocrx_word' id='word_1_32' title='bbox 58 708 166 769; x_wconf 79' lang='lat' dir='ltr'><strong>undum</strong></span> <span class='ocrx_word' id='word_1_33' title='bbox 179 706 354 786; x_wconf 79' lang='lat' dir='ltr'><strong>pmdonuae</strong></span> <span class='ocrx_word' id='word_1_34' title='bbox 368 705 578 785; x_wconf 78' lang='lat' dir='ltr'><strong>superiorum.</strong></span> 
     </span>
    </p>

    <p class='ocr_par' dir='ltr' id='par_1_3' title="bbox 54 799 1049 1471">
     <span class='ocr_line' id='line_1_6' title="bbox 98 799 1041 878; baseline 0 -14"><span class='ocrx_word' id='word_1_35' title='bbox 98 806 171 877; x_wconf 80' lang='lat' dir='ltr'><strong>Quas</strong></span> <span class='ocrx_word' id='word_1_36' title='bbox 186 805 228 864; x_wconf 88' lang='lat' dir='ltr'><strong>ob</strong></span> <span class='ocrx_word' id='word_1_37' title='bbox 244 819 354 864; x_wconf 86' lang='lat' dir='ltr'><strong>causas</strong></span> <span class='ocrx_word' id='word_1_38' title='bbox 367 799 522 864; x_wconf 78' lang='lat' dir='ltr'><strong>Praesules</strong></span> <span class='ocrx_word' id='word_1_39' title='bbox 535 801 648 876; x_wconf 88' lang='lat' dir='ltr'><strong>nostri,</strong></span> <span class='ocrx_word' id='word_1_40' title='bbox 665 803 762 864; x_wconf 55' lang='lat' dir='ltr'><strong>&amp;am</strong></span> <span class='ocrx_word' id='word_1_41' title='bbox 779 804 820 864; x_wconf 85' lang='lat' dir='ltr'><strong>ab</strong></span> <span class='ocrx_word' id='word_1_42' title='bbox 833 803 937 878; x_wconf 84' lang='lat' dir='ltr'><strong>initio,</strong></span> <span class='ocrx_word' id='word_1_43' title='bbox 952 803 1041 866; x_wconf 91' lang='lat' dir='ltr'><strong>ordi-</strong></span> 
     </span>
     <span class='ocr_line' id='line_1_7' title="bbox 55 901 1048 981; baseline 0 -19"><span class='ocrx_word' id='word_1_44' title='bbox 55 903 173 963; x_wconf 76' lang='lat' dir='ltr'><strong>naverint</strong></span> <span class='ocrx_word' id='word_1_45' title='bbox 192 919 252 963; x_wconf 85' lang='lat' dir='ltr'><strong>sua</strong></span> <span class='ocrx_word' id='word_1_46' title='bbox 270 901 447 981; x_wconf 71' lang='lat' dir='ltr'>respectiva</span> <span class='ocrx_word' id='word_1_47' title='bbox 468 901 650 974; x_wconf 82' lang='lat' dir='ltr'><strong>seminaria,</strong></span> <span class='ocrx_word' id='word_1_48' title='bbox 672 917 737 962; x_wconf 84' lang='lat' dir='ltr'><strong>non</strong></span> <span class='ocrx_word' id='word_1_49' title='bbox 756 901 939 963; x_wconf 82' lang='lat' dir='ltr'><strong>convocetis</strong></span> <span class='ocrx_word' id='word_1_50' title='bbox 957 917 1048 963; x_wconf 79' lang='lat' dir='ltr'><strong>com·</strong></span> 
     </span>
     <span class='ocr_line' id='line_1_8' title="bbox 55 999 1048 1079; baseline 0 -19"><span class='ocrx_word' id='word_1_51' title='bbox 55 999 229 1060; x_wconf 81' lang='lat' dir='ltr'><strong>missionibus</strong></span> <span class='ocrx_word' id='word_1_52' title='bbox 236 999 465 1079; x_wconf 78' lang='lat' dir='ltr'><strong>deputatorum</strong></span> <span class='ocrx_word' id='word_1_53' title='bbox 477 1016 497 1059; x_wconf 89' lang='lat' dir='ltr'><strong>a</strong></span> <span class='ocrx_word' id='word_1_54' title='bbox 509 999 651 1078; x_wconf 89' lang='lat' dir='ltr'><strong>capitulo</strong></span> <span class='ocrx_word' id='word_1_55' title='bbox 660 999 794 1072; x_wconf 80' lang='lat' dir='ltr'><strong>etoleno,</strong></span> <span class='ocrx_word' id='word_1_56' title='bbox 805 1000 964 1076; x_wconf 78' lang='lat' dir='ltr'><strong>conjicere</strong></span> <span class='ocrx_word' id='word_1_57' title='bbox 972 999 1048 1060; x_wconf 87' lang='lat' dir='ltr'><strong>licat</strong></span> 
     </span>
     <span class='ocr_line' id='line_1_9' title="bbox 54 1095 1048 1176; baseline 0 -18"><span class='ocrx_word' id='word_1_58' title='bbox 54 1117 82 1158; x_wconf 83' lang='lat' dir='ltr'><strong>cx</strong></span> <span class='ocrx_word' id='word_1_59' title='bbox 89 1097 330 1174; x_wconf 82' lang='lat' dir='ltr'><strong>circumstantiis,</strong></span> <span class='ocrx_word' id='word_1_60' title='bbox 345 1115 387 1159; x_wconf 85' lang='lat' dir='ltr'><strong>cx</strong></span> <span class='ocrx_word' id='word_1_61' title='bbox 400 1095 496 1158; x_wconf 87' lang='lat' dir='ltr'><strong>modo</strong></span> <span class='ocrx_word' id='word_1_62' title='bbox 511 1096 687 1176; x_wconf 82' lang='lat' dir='ltr'><strong>praesertim</strong></span> <span class='ocrx_word' id='word_1_63' title='bbox 698 1113 762 1175; x_wconf 86' lang='lat' dir='ltr'><strong>quo</strong></span> <span class='ocrx_word' id='word_1_64' title='bbox 775 1098 863 1158; x_wconf 80' lang='lat' dir='ltr'><strong>luero</strong></span> <span class='ocrx_word' id='word_1_65' title='bbox 877 1099 986 1158; x_wconf 83' lang='lat' dir='ltr'><strong>crecta</strong></span> <span class='ocrx_word' id='word_1_66' title='bbox 1002 1113 1048 1158; x_wconf 85' lang='lat' dir='ltr'><strong>se·</strong></span> 
     </span>
     <span class='ocr_line' id='line_1_10' title="bbox 56 1194 1049 1258; baseline -0.001 -2"><span class='ocrx_word' id='word_1_67' title='bbox 56 1195 163 1256; x_wconf 78' lang='lat' dir='ltr'><strong>minoda</strong></span> <span class='ocrx_word' id='word_1_68' title='bbox 176 1213 187 1256; x_wconf 51' lang='lat'><strong>:¹</strong></span> <span class='ocrx_word' id='word_1_69' title='bbox 203 1197 234 1256; x_wconf 84' lang='lat' dir='ltr'><strong>l⁰</strong></span> <span class='ocrx_word' id='word_1_70' title='bbox 249 1194 425 1258; x_wconf 77' lang='lat' dir='ltr'><strong>Necessitas</strong></span> <span class='ocrx_word' id='word_1_71' title='bbox 438 1195 620 1256; x_wconf 86' lang='lat' dir='ltr'><strong>assumendi</strong></span> <span class='ocrx_word' id='word_1_72' title='bbox 634 1196 715 1255; x_wconf 88' lang='lat' dir='ltr'><strong>duos</strong></span> <span class='ocrx_word' id='word_1_73' title='bbox 735 1194 905 1256; x_wconf 75' lang='lat' dir='ltr'><strong>canonicos</strong></span> <span class='ocrx_word' id='word_1_74' title='bbox 924 1195 958 1254; x_wconf 88' lang='lat' dir='ltr'><strong>in</strong></span> <span class='ocrx_word' id='word_1_75' title='bbox 972 1209 1049 1255; x_wconf 88' lang='lat' dir='ltr'><strong>oon·</strong></span> 
     </span>
     <span class='ocr_line' id='line_1_11' title="bbox 55 1291 1048 1374; baseline 0 -21"><span class='ocrx_word' id='word_1_76' title='bbox 55 1291 136 1353; x_wconf 85' lang='lat' dir='ltr'><strong>silium</strong></span> <span class='ocrx_word' id='word_1_77' title='bbox 149 1311 205 1374; x_wconf 89' lang='lat' dir='ltr'><strong>pro</strong></span> <span class='ocrx_word' id='word_1_78' title='bbox 218 1294 373 1372; x_wconf 80' lang='lat' dir='ltr'><strong>regimine</strong></span> <span class='ocrx_word' id='word_1_79' title='bbox 388 1293 546 1373; x_wconf 73' lang='lat' dir='ltr'><strong>spirituali</strong></span> <span class='ocrx_word' id='word_1_80' title='bbox 559 1293 731 1370; x_wconf 85' lang='lat' dir='ltr'><strong>seminarii,</strong></span> <span class='ocrx_word' id='word_1_81' title='bbox 739 1293 842 1354; x_wconf 82' lang='lat' dir='ltr'><strong>rideri</strong></span> <span class='ocrx_word' id='word_1_82' title='bbox 856 1293 962 1371; x_wconf 85' lang='lat' dir='ltr'><strong>potuit</strong></span> <span class='ocrx_word' id='word_1_83' title='bbox 974 1307 1048 1353; x_wconf 86' lang='lat' dir='ltr'><strong>cou-</strong></span> 
     </span>
     <span class='ocr_line' id='line_1_12' title="bbox 56 1389 1046 1471; baseline -0.002 -20"><span class='ocrx_word' id='word_1_84' title='bbox 56 1392 207 1466; x_wconf 77' lang='lat' dir='ltr'><strong>sectarium,</strong></span> <span class='ocrx_word' id='word_1_85' title='bbox 224 1409 281 1454; x_wconf 83' lang='lat' dir='ltr'><strong>scu</strong></span> <span class='ocrx_word' id='word_1_86' title='bbox 301 1389 473 1471; x_wconf 76' lang='lat' dir='ltr'><strong>applicatio</strong></span> <span class='ocrx_word' id='word_1_87' title='bbox 489 1391 611 1468; x_wconf 69' lang='lat' dir='ltr'><strong>regula</strong></span> <span class='ocrx_word' id='word_1_88' title='bbox 632 1390 788 1470; x_wconf 76' lang='lat' dir='ltr'><strong>generalis</strong></span> <span class='ocrx_word' id='word_1_89' title='bbox 807 1390 839 1450; x_wconf 86' lang='lat' dir='ltr'><strong>vi</strong></span> <span class='ocrx_word' id='word_1_90' title='bbox 857 1390 948 1467; x_wconf 77' lang='lat' dir='ltr'><strong>cujus</strong></span> <span class='ocrx_word' id='word_1_91' title='bbox 969 1389 1046 1451; x_wconf 88' lang='lat' dir='ltr'><strong>olim</strong></span> 
     </span>
    </p>
   </div>
   <div class='ocr_carea' id='block_1_3' title="bbox 54 1487 1153 2156">
    <p class='ocr_par' dir='ltr' id='par_1_4' title="bbox 54 1487 1153 2156">
     <span class='ocr_line' id='line_1_13' title="bbox 57 1487 1047 1568; baseline 0 -20"><span class='ocrx_word' id='word_1_92' title='bbox 57 1489 175 1568; x_wconf 80' lang='lat' dir='ltr'><strong>Episcopi</strong></span> <span class='ocrx_word' id='word_1_93' title='bbox 184 1490 295 1551; x_wconf 88' lang='lat' dir='ltr'><strong>omnia</strong></span> <span class='ocrx_word' id='word_1_94' title='bbox 309 1490 436 1568; x_wconf 78' lang='lat' dir='ltr'><strong>negotia</strong></span> <span class='ocrx_word' id='word_1_95' title='bbox 451 1489 594 1550; x_wconf 73' lang='lat' dir='ltr'><strong>dioecesis</strong></span> <span class='ocrx_word' id='word_1_96' title='bbox 608 1505 674 1549; x_wconf 84' lang='lat' dir='ltr'><strong>una</strong></span> <span class='ocrx_word' id='word_1_97' title='bbox 686 1505 757 1550; x_wconf 88' lang='lat' dir='ltr'><strong>cum</strong></span> <span class='ocrx_word' id='word_1_98' title='bbox 770 1505 827 1549; x_wconf 78' lang='lat' dir='ltr'><strong>mo</strong></span> <span class='ocrx_word' id='word_1_99' title='bbox 836 1487 980 1567; x_wconf 85' lang='lat' dir='ltr'><strong>capitulo</strong></span> <span class='ocrx_word' id='word_1_100' title='bbox 995 1504 1047 1548; x_wconf 81' lang='lat' dir='ltr'><strong>rc-</strong></span> 
     </span>
     <span class='ocr_line' id='line_1_14' title="bbox 56 1585 1047 1668; baseline -0.003 -21"><span class='ocrx_word' id='word_1_101' title='bbox 56 1588 163 1664; x_wconf 84' lang='lat' dir='ltr'><strong>gebant;</strong></span> <span class='ocrx_word' id='word_1_102' title='bbox 178 1593 375 1668; x_wconf 86' lang='lat' dir='ltr'><strong>quapropter</strong></span> <span class='ocrx_word' id='word_1_103' title='bbox 387 1605 462 1648; x_wconf 90' lang='lat' dir='ltr'><strong>cum</strong></span> <span class='ocrx_word' id='word_1_104' title='bbox 476 1585 582 1649; x_wconf 87' lang='lat' dir='ltr'><strong>cidem</strong></span> <span class='ocrx_word' id='word_1_105' title='bbox 597 1587 715 1667; x_wconf 78' lang='lat' dir='ltr'><strong>regulae</strong></span> <span class='ocrx_word' id='word_1_106' title='bbox 730 1587 763 1648; x_wconf 92' lang='lat' dir='ltr'><strong>in</strong></span> <span class='ocrx_word' id='word_1_107' title='bbox 779 1587 903 1659; x_wconf 80' lang='lat' dir='ltr'><strong>Galliis,</strong></span> <span class='ocrx_word' id='word_1_108' title='bbox 920 1586 1003 1646; x_wconf 87' lang='lat' dir='ltr'><strong>sicut</strong></span> <span class='ocrx_word' id='word_1_109' title='bbox 1014 1585 1047 1644; x_wconf 91' lang='lat' dir='ltr'><strong>in</strong></span> 
     </span>
     <span class='ocr_line' id='line_1_15' title="bbox 56 1682 1048 1764; baseline -0.002 -20"><span class='ocrx_word' id='word_1_110' title='bbox 56 1685 104 1745; x_wconf 83' lang='lat' dir='ltr'><strong>aliis</strong></span> <span class='ocrx_word' id='word_1_111' title='bbox 115 1686 265 1761; x_wconf 86' lang='lat' dir='ltr'><strong>Ecclesiis,</strong></span> <span class='ocrx_word' id='word_1_112' title='bbox 274 1703 336 1747; x_wconf 91' lang='lat' dir='ltr'><strong>usu</strong></span> <span class='ocrx_word' id='word_1_113' title='bbox 348 1685 508 1746; x_wconf 83' lang='lat' dir='ltr'><strong>contrario</strong></span> <span class='ocrx_word' id='word_1_114' title='bbox 521 1690 603 1746; x_wconf 83' lang='lat' dir='ltr'><strong>esset</strong></span> <span class='ocrx_word' id='word_1_115' title='bbox 616 1685 724 1764; x_wconf 84' lang='lat' dir='ltr'><strong>quood</strong></span> <span class='ocrx_word' id='word_1_116' title='bbox 734 1684 943 1746; x_wconf 85' lang='lat' dir='ltr'><strong>directionem</strong></span> <span class='ocrx_word' id='word_1_117' title='bbox 957 1682 1048 1743; x_wconf 91' lang='lat' dir='ltr'><strong>scho-</strong></span> 
     </span>
     <span class='ocr_line' id='line_1_16' title="bbox 57 1779 1153 1862; baseline -0.002 -20"><span class='ocrx_word' id='word_1_118' title='bbox 57 1781 134 1843; x_wconf 91' lang='lat' dir='ltr'><strong>lsrom</strong></span> <span class='ocrx_word' id='word_1_119' title='bbox 149 1784 344 1845; x_wconf 74' lang='lat' dir='ltr'><strong>clericalium</strong></span> <span class='ocrx_word' id='word_1_120' title='bbox 365 1788 397 1845; x_wconf 88' lang='lat' dir='ltr'><strong>ct</strong></span> <span class='ocrx_word' id='word_1_121' title='bbox 416 1783 495 1844; x_wconf 77' lang='lat' dir='ltr'><strong>alies</strong></span> <span class='ocrx_word' id='word_1_122' title='bbox 514 1781 664 1844; x_wconf 75' lang='lat' dir='ltr'><strong>materias</strong></span> <span class='ocrx_word' id='word_1_123' title='bbox 683 1783 882 1862; x_wconf 79' lang='lat' dir='ltr'><strong>derogatum,</strong></span> <span class='ocrx_word' id='word_1_124' title='bbox 898 1779 1048 1860; x_wconf 76' lang='lat' dir='ltr'><strong>Episcopi</strong></span> <span class='ocrx_word' id='word_1_125' title='bbox 1151 1854 1153 1856; x_wconf 15' lang='grc' dir='ltr'>Ι</span> 
     </span>
     <span class='ocr_line' id='line_1_17' title="bbox 54 1878 1047 1959; baseline 0.001 -20"><span class='ocrx_word' id='word_1_126' title='bbox 54 1897 98 1940; x_wconf 85' lang='lat' dir='ltr'><strong>ron</strong></span> <span class='ocrx_word' id='word_1_127' title='bbox 116 1882 261 1943; x_wconf 80' lang='lat' dir='ltr'><strong>arbitrati</strong></span> <span class='ocrx_word' id='word_1_128' title='bbox 283 1887 357 1943; x_wconf 87' lang='lat' dir='ltr'><strong>sunt</strong></span> <span class='ocrx_word' id='word_1_129' title='bbox 379 1899 413 1942; x_wconf 90' lang='lat' dir='ltr'><strong>se</strong></span> <span class='ocrx_word' id='word_1_130' title='bbox 434 1881 522 1959; x_wconf 78' lang='lat' dir='ltr'><strong>leges</strong></span> <span class='ocrx_word' id='word_1_131' title='bbox 548 1881 717 1944; x_wconf 86' lang='lat' dir='ltr'><strong>canonicas</strong></span> <span class='ocrx_word' id='word_1_132' title='bbox 737 1885 999 1958; x_wconf 81' lang='lat' dir='ltr'><strong>transgressuros,</strong></span> <span class='ocrx_word' id='word_1_133' title='bbox 1020 1878 1047 1940; x_wconf 93' lang='lat' dir='ltr'><strong>si</strong></span> 
     </span>
     <span class='ocr_line' id='line_1_18' title="bbox 55 1973 1047 2059; baseline -0.003 -21"><span class='ocrx_word' id='word_1_134' title='bbox 55 1979 217 2042; x_wconf 85' lang='lat' dir='ltr'><strong>abstinerent</strong></span> <span class='ocrx_word' id='word_1_135' title='bbox 230 2000 251 2042; x_wconf 87' lang='lat' dir='ltr'><strong>a</strong></span> <span class='ocrx_word' id='word_1_136' title='bbox 263 1979 404 2042; x_wconf 88' lang='lat' dir='ltr'><strong>consiliis</strong></span> <span class='ocrx_word' id='word_1_137' title='bbox 416 1973 548 2059; x_wconf 85' lang='lat' dir='ltr'><strong>capituli</strong></span> <span class='ocrx_word' id='word_1_138' title='bbox 559 1977 761 2058; x_wconf 82' lang='lat' dir='ltr'><strong>exquirendis</strong></span> <span class='ocrx_word' id='word_1_139' title='bbox 771 1979 803 2038; x_wconf 91' lang='lat' dir='ltr'><strong>in</strong></span> <span class='ocrx_word' id='word_1_140' title='bbox 818 1977 855 2038; x_wconf 92' lang='lat' dir='ltr'><strong>iis</strong></span> <span class='ocrx_word' id='word_1_141' title='bbox 867 1993 940 2056; x_wconf 84' lang='lat' dir='ltr'><strong>quaa</strong></span> <span class='ocrx_word' id='word_1_142' title='bbox 953 1979 1047 2036; x_wconf 88' lang='lat' dir='ltr'><strong>erant</strong></span> 
     </span>
     <span class='ocr_line' id='line_1_19' title="bbox 55 2072 1047 2156; baseline -0.003 -20"><span class='ocrx_word' id='word_1_143' title='bbox 55 2077 185 2155; x_wconf 73' lang='lat' dir='ltr'><strong>agiminis</strong></span> <span class='ocrx_word' id='word_1_144' title='bbox 192 2078 368 2140; x_wconf 80' lang='lat' dir='ltr'><strong>seminarii.</strong></span> <span class='ocrx_word' id='word_1_145' title='bbox 381 2081 413 2138; x_wconf 77' lang='lat'><strong>2⁰</strong></span> <span class='ocrx_word' id='word_1_146' title='bbox 424 2077 598 2138; x_wconf 75' lang='lat' dir='ltr'><strong>Necessitas</strong></span> <span class='ocrx_word' id='word_1_147' title='bbox 609 2077 685 2138; x_wconf 82' lang='lat' dir='ltr'><strong>item</strong></span> <span class='ocrx_word' id='word_1_148' title='bbox 697 2075 888 2156; x_wconf 83' lang='lat' dir='ltr'><strong>providendi</strong></span> <span class='ocrx_word' id='word_1_149' title='bbox 901 2072 1047 2154; x_wconf 71' lang='lat' dir='ltr'><strong>regimini</strong></span> 
     </span>
    </p>
   </div>
   <div class='ocr_carea' id='block_1_4' title="bbox 52 2173 1047 3135">
    <p class='ocr_par' dir='ltr' id='par_1_5' title="bbox 52 2173 1047 3135">
     <span class='ocr_line' id='line_1_20' title="bbox 54 2173 1047 2254; baseline -0.002 -20"><span class='ocrx_word' id='word_1_150' title='bbox 54 2175 190 2254; x_wconf 78' lang='lat' dir='ltr'><strong>temporali</strong></span> <span class='ocrx_word' id='word_1_151' title='bbox 208 2176 465 2250; x_wconf 67' lang='lat' dir='ltr'><strong>emissariorum,</strong></span> <span class='ocrx_word' id='word_1_152' title='bbox 481 2173 659 2254; x_wconf 85' lang='lat' dir='ltr'><strong>exploratis</strong></span> <span class='ocrx_word' id='word_1_153' title='bbox 677 2175 761 2235; x_wconf 81' lang='lat' dir='ltr'><strong>votis</strong></span> <span class='ocrx_word' id='word_1_154' title='bbox 782 2175 1008 2252; x_wconf 86' lang='lat' dir='ltr'><strong>deputatorum</strong></span> <span class='ocrx_word' id='word_1_155' title='bbox 1026 2189 1047 2232; x_wconf 84' lang='lat' dir='ltr'><strong>u</strong></span> 
     </span>
     <span class='ocr_line' id='line_1_21' title="bbox 54 2269 1045 2353; baseline -0.001 -22"><span class='ocrx_word' id='word_1_156' title='bbox 54 2274 202 2352; x_wconf 82' lang='lat' dir='ltr'><strong>capituloet</strong></span> <span class='ocrx_word' id='word_1_157' title='bbox 218 2293 237 2336; x_wconf 89' lang='lat' dir='ltr'><strong>a</strong></span> <span class='ocrx_word' id='word_1_158' title='bbox 252 2275 349 2350; x_wconf 86' lang='lat' dir='ltr'><strong>clero,</strong></span> <span class='ocrx_word' id='word_1_159' title='bbox 362 2292 400 2334; x_wconf 89' lang='lat' dir='ltr'><strong>co</strong></span> <span class='ocrx_word' id='word_1_160' title='bbox 411 2272 586 2353; x_wconf 74' lang='lat' dir='ltr'><strong>prasertim</strong></span> <span class='ocrx_word' id='word_1_161' title='bbox 601 2272 664 2332; x_wconf 86' lang='lat' dir='ltr'><strong>line</strong></span> <span class='ocrx_word' id='word_1_162' title='bbox 674 2271 883 2350; x_wconf 86' lang='lat' dir='ltr'><strong>probabiliter</strong></span> <span class='ocrx_word' id='word_1_163' title='bbox 895 2269 1045 2348; x_wconf 85' lang='lat' dir='ltr'><strong>imposita</strong></span> 
     </span>
     <span class='ocr_line' id='line_1_22' title="bbox 53 2357 1044 2454; baseline -0.005 -23"><span class='ocrx_word' id='word_1_164' title='bbox 53 2371 93 2432; x_wconf 87' lang='lat' dir='ltr'><strong>luit</strong></span> <span class='ocrx_word' id='word_1_165' title='bbox 104 2373 271 2454; x_wconf 81' lang='lat' dir='ltr'><strong>Episcopis,</strong></span> <span class='ocrx_word' id='word_1_166' title='bbox 286 2376 323 2434; x_wconf 85' lang='lat' dir='ltr'><strong>ut</strong></span> <span class='ocrx_word' id='word_1_167' title='bbox 336 2373 488 2434; x_wconf 83' lang='lat' dir='ltr'><strong>facultate</strong></span> <span class='ocrx_word' id='word_1_168' title='bbox 504 2372 564 2433; x_wconf 92' lang='lat' dir='ltr'><strong>sibi</strong></span> <span class='ocrx_word' id='word_1_169' title='bbox 578 2373 654 2432; x_wconf 87' lang='lat' dir='ltr'><strong>data</strong></span> <span class='ocrx_word' id='word_1_170' title='bbox 669 2357 833 2432; x_wconf 82' lang='lat' dir='ltr'><strong>uterentur</strong></span> <span class='ocrx_word' id='word_1_171' title='bbox 847 2373 970 2448; x_wconf 80' lang='lat' dir='ltr'><strong>perlem</strong></span> <span class='ocrx_word' id='word_1_172' title='bbox 985 2365 1044 2427; x_wconf 84' lang='lat' dir='ltr'><strong>ali-</strong></span> 
     </span>
     <span class='ocr_line' id='line_1_23' title="bbox 53 2463 1044 2547; baseline -0.004 -18"><span class='ocrx_word' id='word_1_173' title='bbox 53 2486 123 2546; x_wconf 90' lang='lat' dir='ltr'><strong>quam</strong></span> <span class='ocrx_word' id='word_1_174' title='bbox 136 2471 281 2533; x_wconf 89' lang='lat' dir='ltr'><strong>sumendi</strong></span> <span class='ocrx_word' id='word_1_175' title='bbox 295 2489 334 2532; x_wconf 86' lang='lat' dir='ltr'><strong>ex</strong></span> <span class='ocrx_word' id='word_1_176' title='bbox 350 2470 496 2531; x_wconf 89' lang='lat' dir='ltr'><strong>omnibus</strong></span> <span class='ocrx_word' id='word_1_177' title='bbox 517 2469 692 2546; x_wconf 84' lang='lat' dir='ltr'><strong>beneficiis,</strong></span> <span class='ocrx_word' id='word_1_178' title='bbox 706 2467 860 2547; x_wconf 81' lang='lat' dir='ltr'><strong>illamque</strong></span> <span class='ocrx_word' id='word_1_179' title='bbox 874 2463 1044 2527; x_wconf 85' lang='lat' dir='ltr'><strong>seminario</strong></span> 
     </span>
     <span class='ocr_line' id='line_1_24' title="bbox 53 2562 1041 2649; baseline -0.002 -25"><span class='ocrx_word' id='word_1_180' title='bbox 53 2567 257 2649; x_wconf 80' lang='lat' dir='ltr'><strong>incorporandi,</strong></span> <span class='ocrx_word' id='word_1_181' title='bbox 273 2574 369 2648; x_wconf 85' lang='lat' dir='ltr'><strong>atque</strong></span> <span class='ocrx_word' id='word_1_182' title='bbox 381 2567 513 2628; x_wconf 86' lang='lat' dir='ltr'><strong>uniendi</strong></span> <span class='ocrx_word' id='word_1_183' title='bbox 525 2567 696 2628; x_wconf 74' lang='lat' dir='ltr'><strong>seminario</strong></span> <span class='ocrx_word' id='word_1_184' title='bbox 707 2562 1041 2643; x_wconf 81' lang='lat' dir='ltr'><strong>beneficissimplicia,</strong></span> 
     </span>
     <span class='ocr_line' id='line_1_25' title="bbox 52 2660 1042 2747; baseline -0.002 -25"><span class='ocrx_word' id='word_1_185' title='bbox 52 2669 72 2723; x_wconf 88' lang='lat' dir='ltr'><strong>et</strong></span> <span class='ocrx_word' id='word_1_186' title='bbox 83 2665 134 2726; x_wconf 84' lang='lat' dir='ltr'><strong>alia</strong></span> <span class='ocrx_word' id='word_1_187' title='bbox 144 2667 327 2747; x_wconf 89' lang='lat' dir='ltr'><strong>hujusmodi</strong></span> <span class='ocrx_word' id='word_1_188' title='bbox 339 2665 515 2746; x_wconf 78' lang='lat' dir='ltr'><strong>peragendi</strong></span> <span class='ocrx_word' id='word_1_189' title='bbox 532 2683 603 2744; x_wconf 85' lang='lat' dir='ltr'><strong>quae</strong></span> <span class='ocrx_word' id='word_1_190' title='bbox 618 2665 715 2725; x_wconf 89' lang='lat' dir='ltr'><strong>totius</strong></span> <span class='ocrx_word' id='word_1_191' title='bbox 730 2663 807 2725; x_wconf 86' lang='lat' dir='ltr'><strong>cleri</strong></span> <span class='ocrx_word' id='word_1_192' title='bbox 825 2680 955 2724; x_wconf 79' lang='lat' dir='ltr'><strong>causam</strong></span> <span class='ocrx_word' id='word_1_193' title='bbox 972 2660 1042 2721; x_wconf 85' lang='lat' dir='ltr'><strong>alfi-</strong></span> 
     </span>
     <span class='ocr_line' id='line_1_26' title="bbox 53 2757 1042 2842; baseline -0.003 -21"><span class='ocrx_word' id='word_1_194' title='bbox 53 2763 166 2840; x_wconf 81' lang='lat' dir='ltr'><strong>cicbant3</strong></span> <span class='ocrx_word' id='word_1_195' title='bbox 187 2785 262 2828; x_wconf 90' lang='lat' dir='ltr'><strong>cum</strong></span> <span class='ocrx_word' id='word_1_196' title='bbox 278 2769 385 2826; x_wconf 87' lang='lat' dir='ltr'><strong>autem</strong></span> <span class='ocrx_word' id='word_1_197' title='bbox 405 2763 553 2842; x_wconf 81' lang='lat' dir='ltr'><strong>Episcopi</strong></span> <span class='ocrx_word' id='word_1_198' title='bbox 571 2763 695 2823; x_wconf 85' lang='lat' dir='ltr'><strong>nullam</strong></span> <span class='ocrx_word' id='word_1_199' title='bbox 714 2767 823 2822; x_wconf 77' lang='lat' dir='ltr'><strong>tusam</strong></span> <span class='ocrx_word' id='word_1_200' title='bbox 842 2758 963 2821; x_wconf 86' lang='lat' dir='ltr'><strong>clericis</strong></span> <span class='ocrx_word' id='word_1_201' title='bbox 982 2757 1042 2818; x_wconf 90' lang='lat' dir='ltr'><strong>im-</strong></span> 
     </span>
     <span class='ocr_line' id='line_1_27' title="bbox 53 2857 1043 2942; baseline -0.004 -22"><span class='ocrx_word' id='word_1_202' title='bbox 53 2863 196 2942; x_wconf 83' lang='lat' dir='ltr'><strong>posuerint,</strong></span> <span class='ocrx_word' id='word_1_203' title='bbox 219 2870 252 2926; x_wconf 89' lang='lat' dir='ltr'><strong>et</strong></span> <span class='ocrx_word' id='word_1_204' title='bbox 273 2864 298 2923; x_wconf 88' lang='lat' dir='ltr'><strong>si</strong></span> <span class='ocrx_word' id='word_1_205' title='bbox 321 2862 468 2942; x_wconf 86' lang='lat' dir='ltr'><strong>quaedam</strong></span> <span class='ocrx_word' id='word_1_206' title='bbox 490 2860 645 2922; x_wconf 80' lang='lat' dir='ltr'><strong>beneficia</strong></span> <span class='ocrx_word' id='word_1_207' title='bbox 665 2859 822 2938; x_wconf 83' lang='lat' dir='ltr'><strong>simplicia</strong></span> <span class='ocrx_word' id='word_1_208' title='bbox 842 2858 991 2929; x_wconf 81' lang='lat' dir='ltr'><strong>coierint,</strong></span> <span class='ocrx_word' id='word_1_209' title='bbox 1010 2857 1043 2916; x_wconf 93' lang='lat' dir='ltr'><strong>id</strong></span> 
     </span>
     <span class='ocr_line' id='line_1_28' title="bbox 53 2947 1041 3044; baseline -0.001 -28"><span class='ocrx_word' id='word_1_210' title='bbox 53 2957 73 3016; x_wconf 90' lang='lat' dir='ltr'><strong>in</strong></span> <span class='ocrx_word' id='word_1_211' title='bbox 91 2947 212 3023; x_wconf 75' lang='lat' dir='ltr'><strong>cotibus</strong></span> <span class='ocrx_word' id='word_1_212' title='bbox 232 2961 391 3044; x_wconf 87' lang='lat' dir='ltr'><strong>synodicis</strong></span> <span class='ocrx_word' id='word_1_213' title='bbox 413 2959 489 3021; x_wconf 86' lang='lat' dir='ltr'><strong>cleri</strong></span> <span class='ocrx_word' id='word_1_214' title='bbox 508 2958 679 3020; x_wconf 83' lang='lat' dir='ltr'><strong>dioecesani</strong></span> <span class='ocrx_word' id='word_1_215' title='bbox 696 2956 912 3037; x_wconf 75' lang='lat' dir='ltr'><strong>praestiterint,</strong></span> <span class='ocrx_word' id='word_1_216' title='bbox 932 2958 1041 3016; x_wconf 81' lang='lat' dir='ltr'><strong>n&#39;eoes-</strong></span> 
     </span>
     <span class='ocr_line' id='line_1_29' title="bbox 54 3053 1043 3135; baseline -0.002 -21"><span class='ocrx_word' id='word_1_217' title='bbox 54 3056 146 3118; x_wconf 76' lang='lat' dir='ltr'><strong>ouium</strong></span> <span class='ocrx_word' id='word_1_218' title='bbox 156 3079 221 3120; x_wconf 87' lang='lat' dir='ltr'><strong>non</strong></span> <span class='ocrx_word' id='word_1_219' title='bbox 235 3061 397 3121; x_wconf 79' lang='lat' dir='ltr'><strong>duxerunt</strong></span> <span class='ocrx_word' id='word_1_220' title='bbox 410 3058 527 3118; x_wconf 83' lang='lat' dir='ltr'><strong>habere</strong></span> <span class='ocrx_word' id='word_1_221' title='bbox 538 3056 570 3116; x_wconf 93' lang='lat' dir='ltr'><strong>in</strong></span> <span class='ocrx_word' id='word_1_222' title='bbox 584 3053 723 3118; x_wconf 89' lang='lat' dir='ltr'><strong>consiliis</strong></span> <span class='ocrx_word' id='word_1_223' title='bbox 737 3057 907 3135; x_wconf 83' lang='lat' dir='ltr'><strong>deputatos</strong></span> <span class='ocrx_word' id='word_1_224' title='bbox 922 3053 997 3114; x_wconf 86' lang='lat' dir='ltr'><strong>cleri</strong></span> <span class='ocrx_word' id='word_1_225' title='bbox 1010 3057 1043 3112; x_wconf 88' lang='lat' dir='ltr'><strong>et</strong></span> 
     </span>
    </p>
   </div>
   <div class='ocr_carea' id='block_1_5' title="bbox 54 3150 1144 3232">
    <p class='ocr_par' dir='ltr' id='par_1_6' title="bbox 54 3150 1144 3232">
     <span class='ocr_line' id='line_1_30' title="bbox 54 3150 1144 3232; baseline -0.005 -20"><span class='ocrx_word' id='word_1_226' title='bbox 54 3155 166 3232; x_wconf 85' lang='lat' dir='ltr'><strong>capituli.</strong></span> <span class='ocrx_word' id='word_1_227' title='bbox 183 3157 215 3216; x_wconf 86' lang='lat'><strong>3⁰</strong></span> <span class='ocrx_word' id='word_1_228' title='bbox 229 3157 382 3228; x_wconf 82' lang='lat' dir='ltr'><strong>Tandem,</strong></span> <span class='ocrx_word' id='word_1_229' title='bbox 395 3174 467 3217; x_wconf 88' lang='lat' dir='ltr'><strong>cum</strong></span> <span class='ocrx_word' id='word_1_230' title='bbox 478 3155 518 3216; x_wconf 86' lang='lat' dir='ltr'><strong>ab</strong></span> <span class='ocrx_word' id='word_1_231' title='bbox 534 3155 664 3216; x_wconf 88' lang='lat' dir='ltr'><strong>exordio</strong></span> <span class='ocrx_word' id='word_1_232' title='bbox 680 3153 851 3215; x_wconf 85' lang='lat' dir='ltr'><strong>seminaria</strong></span> <span class='ocrx_word' id='word_1_233' title='bbox 865 3157 970 3213; x_wconf 83' lang='lat' dir='ltr'><strong>erecte</strong></span> <span class='ocrx_word' id='word_1_234' title='bbox 980 3150 1043 3210; x_wconf 91' lang='lat' dir='ltr'><strong>sint</strong></span> <span class='ocrx_word' id='word_1_235' title='bbox 1141 3200 1144 3208; x_wconf 92' lang='lat'><em>.</em></span> 
     </span>
    </p>
   </div>
   <div class='ocr_carea' id='block_1_6' title="bbox 53 3250 1043 3824">
    <p class='ocr_par' dir='ltr' id='par_1_7' title="bbox 53 3250 1043 3824">
     <span class='ocr_line' id='line_1_31' title="bbox 53 3250 1043 3334; baseline -0.005 -22"><span class='ocrx_word' id='word_1_236' title='bbox 53 3250 360 3334; x_wconf 77' lang='lat' dir='ltr'><strong>atongregauonious</strong></span> <span class='ocrx_word' id='word_1_237' title='bbox 374 3252 580 3315; x_wconf 82' lang='lat' dir='ltr'><strong>saecularihus</strong></span> <span class='ocrx_word' id='word_1_238' title='bbox 596 3269 667 3332; x_wconf 79' lang='lat' dir='ltr'><strong>quae</strong></span> <span class='ocrx_word' id='word_1_239' title='bbox 677 3251 790 3313; x_wconf 87' lang='lat' dir='ltr'><strong>melius</strong></span> <span class='ocrx_word' id='word_1_240' title='bbox 803 3254 957 3312; x_wconf 74' lang='lat' dir='ltr'><strong>noverant</strong></span> <span class='ocrx_word' id='word_1_241' title='bbox 971 3263 1043 3308; x_wconf 88' lang='lat' dir='ltr'><strong>nor·</strong></span> 
     </span>
     <span class='ocr_line' id='line_1_32' title="bbox 54 3344 1042 3431; baseline -0.004 -21"><span class='ocrx_word' id='word_1_242' title='bbox 54 3365 115 3410; x_wconf 84' lang='lat' dir='ltr'><strong>uam</strong></span> <span class='ocrx_word' id='word_1_243' title='bbox 129 3353 380 3427; x_wconf 88' lang='lat' dir='ltr'><strong>seminariorum,</strong></span> <span class='ocrx_word' id='word_1_244' title='bbox 393 3351 612 3431; x_wconf 79' lang='lat' dir='ltr'><strong>aptioremque</strong></span> <span class='ocrx_word' id='word_1_245' title='bbox 623 3349 811 3410; x_wconf 84' lang='lat' dir='ltr'><strong>methodum</strong></span> <span class='ocrx_word' id='word_1_246' title='bbox 825 3347 955 3408; x_wconf 84' lang='lat' dir='ltr'><strong>clericos</strong></span> <span class='ocrx_word' id='word_1_247' title='bbox 967 3344 1042 3406; x_wconf 90' lang='lat' dir='ltr'><strong>edu-</strong></span> 
     </span>
     <span class='ocr_line' id='line_1_33' title="bbox 53 3443 1041 3528; baseline 0 -25"><span class='ocrx_word' id='word_1_248' title='bbox 53 3447 131 3522; x_wconf 80' lang='lat' dir='ltr'><strong>candi,</strong></span> <span class='ocrx_word' id='word_1_249' title='bbox 145 3451 275 3511; x_wconf 90' lang='lat' dir='ltr'><strong>minoris</strong></span> <span class='ocrx_word' id='word_1_250' title='bbox 290 3449 435 3511; x_wconf 88' lang='lat' dir='ltr'><strong>utilitatis</strong></span> <span class='ocrx_word' id='word_1_251' title='bbox 457 3455 533 3510; x_wconf 87' lang='lat' dir='ltr'><strong>tunc</strong></span> <span class='ocrx_word' id='word_1_252' title='bbox 555 3447 707 3528; x_wconf 85' lang='lat' dir='ltr'><strong>temporis</strong></span> <span class='ocrx_word' id='word_1_253' title='bbox 721 3447 797 3508; x_wconf 79' lang='lat' dir='ltr'><strong>visu</strong></span> <span class='ocrx_word' id='word_1_254' title='bbox 812 3451 885 3507; x_wconf 87' lang='lat' dir='ltr'><strong>sunt</strong></span> <span class='ocrx_word' id='word_1_255' title='bbox 897 3443 1041 3506; x_wconf 88' lang='lat' dir='ltr'><strong>commis·</strong></span> 
     </span>
     <span class='ocr_line' id='line_1_34' title="bbox 54 3542 1041 3628; baseline 0 -26"><span class='ocrx_word' id='word_1_256' title='bbox 54 3542 129 3606; x_wconf 84' lang='lat' dir='ltr'><strong>dones</strong></span> <span class='ocrx_word' id='word_1_257' title='bbox 148 3549 387 3628; x_wconf 83' lang='lat' dir='ltr'><strong>deputatorum3</strong></span> <span class='ocrx_word' id='word_1_258' title='bbox 405 3546 546 3628; x_wconf 89' lang='lat' dir='ltr'><strong>quinimo</strong></span> <span class='ocrx_word' id='word_1_259' title='bbox 565 3547 743 3607; x_wconf 88' lang='lat' dir='ltr'><strong>timendum</strong></span> <span class='ocrx_word' id='word_1_260' title='bbox 764 3545 847 3605; x_wconf 88' lang='lat' dir='ltr'><strong>forte</strong></span> <span class='ocrx_word' id='word_1_261' title='bbox 865 3543 987 3616; x_wconf 84' lang='lat' dir='ltr'><strong>fuisset,</strong></span> <span class='ocrx_word' id='word_1_262' title='bbox 1002 3559 1041 3602; x_wconf 91' lang='lat' dir='ltr'><strong>ne</strong></span> 
     </span>
     <span class='ocr_line' id='line_1_35' title="bbox 54 3637 959 3727; baseline -0.001 -26"><span class='ocrx_word' id='word_1_263' title='bbox 54 3637 286 3721; x_wconf 82' lang='lat' dir='ltr'><strong>inpedimentum</strong></span> <span class='ocrx_word' id='word_1_264' title='bbox 300 3647 406 3727; x_wconf 87' lang='lat' dir='ltr'><strong>potius</strong></span> <span class='ocrx_word' id='word_1_265' title='bbox 421 3644 495 3706; x_wconf 89' lang='lat' dir='ltr'><strong>huie</strong></span> <span class='ocrx_word' id='word_1_266' title='bbox 508 3645 627 3705; x_wconf 86' lang='lat' dir='ltr'><strong>salubri</strong></span> <span class='ocrx_word' id='word_1_267' title='bbox 641 3643 785 3704; x_wconf 89' lang='lat' dir='ltr'><strong>instituto</strong></span> <span class='ocrx_word' id='word_1_268' title='bbox 799 3642 959 3702; x_wconf 81' lang='lat' dir='ltr'><strong>afferrent.</strong></span> 
     </span>
     <span class='ocr_line' id='line_1_36' title="bbox 95 3729 1037 3824; baseline -0.01 -21"><span class='ocrx_word' id='word_1_269' title='bbox 95 3729 287 3824; x_wconf 72' lang='lat' dir='ltr'><strong>Quacumque</strong></span> <span class='ocrx_word' id='word_1_270' title='bbox 309 3743 432 3806; x_wconf 86' lang='lat' dir='ltr'><strong>ratione</strong></span> <span class='ocrx_word' id='word_1_271' title='bbox 451 3743 493 3804; x_wconf 87' lang='lat' dir='ltr'><strong>ad</strong></span> <span class='ocrx_word' id='word_1_272' title='bbox 512 3743 556 3804; x_wconf 89' lang='lat' dir='ltr'><strong>sic</strong></span> <span class='ocrx_word' id='word_1_273' title='bbox 578 3743 737 3820; x_wconf 80' lang='lat' dir='ltr'><strong>agendum</strong></span> <span class='ocrx_word' id='word_1_274' title='bbox 758 3739 888 3801; x_wconf 87' lang='lat' dir='ltr'><strong>adducti</strong></span> <span class='ocrx_word' id='word_1_275' title='bbox 910 3737 1037 3807; x_wconf 85' lang='lat' dir='ltr'><strong>fuerint,</strong></span> 
     </span>
    </p>
   </div>
   <div class='ocr_carea' id='block_1_7' title="bbox 0 0 1296 4278">
    <p class='ocr_par' dir='ltr' id='par_1_8' title="bbox 0 0 1296 4278">
     <span class='ocr_line' id='line_1_37' title="bbox 0 0 1296 4278; baseline 0 1"><span class='ocrx_word' id='word_1_276' title='bbox 0 0 1296 4278; x_wconf 95' lang='lat' dir='ltr'><strong> </strong></span> 
     </span>
    </p>
   </div>
  </div>
 </body>
</html>
