2604 4274
221 225 275 280 432
486 229 559 278 rans
579 215 629 278 ιιι.Ι
648 229 704 278 ars
723 228 969 298 rcccnsrlsrrcs.

281 350 392 411 551.-
402 349 443 408 ΙΙο
457 345 563 422 Quales
577 365 636 408 csse
650 344 776 407 debeam
789 345 863 407 situs
876 355 905 408 et
915 345 1016 425 formo
1027 343 1249 408 Ecclesiarum

226 458 254 511 et
267 447 469 510 oratoriorum
482 442 697 526 privatorum?

284 547 309 608 l.
329 543 413 605 Nihil
428 543 500 622 jure
516 541 668 603 canonico
691 541 847 603 sancitum
867 540 927 602 luit
952 542 991 602 dc
1008 541 1070 604 situ
1092 549 1124 604 et
1137 543 1252 604 forma

155 701 157 705 .
224 642 453 714 Ecclesiarum
468 658 536 700 mos
546 645 653 702 tamen
665 638 800 700 invaluit
811 644 857 716 ut,
872 644 1029 718 quantum
1041 639 1113 701 lieri
1123 644 1250 720 potest,

224 740 371 804 Ecclesia
393 737 607 800 sanctuarium
627 742 747 816 spectet
768 737 809 797 ad
830 736 984 798 orientem
1004 742 1036 799 et
1056 738 1166 822 forma
1191 736 1251 798 ali-

216 857 323 920 quam
352 829 533 914 analogiam
564 839 667 896 servet
693 852 765 895 cum
793 833 914 913 templo
940 833 1251 915 Hierosolymitan'O,

228 936 314 1019 quod
328 934 462 1010 Atrium,
476 931 600 1008 Sancta,
615 937 647 994 ct
661 930 777 993 Sancta
791 930 987 1010 Sanctorum,
1001 932 1127 994 habuIt.
1208 955 1212 961 ·

287 1035 478 1098 Consuetum
493 1031 569 1092 olim
583 1029 645 1090 luit
660 1029 919 1091 christifidelibus
937 1035 973 1091 ut
992 1050 1067 1092 suas
1083 1030 1252 1092 orationes

213 1137 292 1196 xDeo
316 1133 477 1204 offerrent,
502 1127 581 1190 facie
604 1145 696 1188 versa
720 1127 761 1188 ad
787 1127 953 1202 orientem,
979 1146 1042 1208 quo
1069 1129 1253 1208 symbolice

227 1225 473 1312 representatur
492 1226 643 1300 Christus,
660 1224 705 1286 sol
721 1225 819 1287 oriens
833 1225 964 1300 mundo,·
979 1245 996 1286 c
1012 1232 1124 1288 contra
1141 1231 1252 1289 verte·

227 1332 344 1392 bantur
364 1328 397 1388 in
421 1324 665 1404 septentrionem
691 1325 819 1402 quaudo
842 1324 1002 1384 faciebant
1027 1323 1252 1403 adjurationes

227 1429 260 1490 in
284 1428 474 1488 daemonem.
495 1423 573 1484 Eam
594 1422 635 1482 ob
664 1439 792 1485 causam
817 1421 1032 1483 sanctuarium
1055 1422 1271 1502 plerumque

228 1526 305 1589 olim
328 1521 516 1601 respiciebat
534 1519 567 1580 in
587 1519 757 1592 orientem;
776 1538 870 1598 quem
886 1539 978 1580 usum
993 1525 1121 1580 sanctus
1135 1519 1250 1582 Pauli·

217 1631 287 1692 ,'nus
315 1620 502 1681 usitatiorem
532 1617 617 1678 dicit.
651 1617 761 1690 Quoad
793 1635 867 1677 vero
900 1618 1048 1691 formam,
1083 1636 1149 1678 non
1185 1636 1249 1678 una

135 1787 138 1811 .
228 1719 371 1786 omnium
388 1715 599 1778 Ecclesiarum
618 1715 695 1790 fuit3
719 1715 789 1775 aliae
805 1714 922 1795 quippe
936 1716 970 1776 in
985 1716 1116 1778 modum
1132 1715 1247 1792 crucis,

214 1818 299 1883 salice
311 1821 396 1878 recto
411 1814 567 1894 parietum
580 1818 611 1874 et
625 1812 806 1892 porticuum
819 1832 874 1874 seu
888 1814 1010 1874 alarum
1025 1815 1154 1888 ordine;
1170 1833 1248 1875 non-

214 1915 324 1977 nullae
339 1914 371 1974 in
387 1913 496 1973 orbem
511 1915 697 1973 constructae
718 1917 826 1986 erant;
849 1911 882 1971 in
897 1911 1045 1972 omnibus
1060 1917 1165 1973 autem
1180 1911 1246 1972 dis·

230 2013 456 2090 tinguebantur
471 2008 697 2086 sanctuarium,
714 2009 823 2088 inquo
837 2027 927 2070 sacra
941 2009 1095 2088 mysteria
1110 2009 1244 2088 ageban-

230 2117 294 2186 tur,
311 2109 426 2171 chorus
441 2125 503 2186 quo
519 2106 624 2168 clerici
640 2106 830 2181 assidebant,
847 2113 878 2167 et
891 2106 1126 2186 parsfidelibus
1145 2125 1244 2168 reser-

230 2213 314 2283 vata,
323 2225 394 2287 quae
404 2207 489 2267 noor's
498 2223 613 2266 nomen
624 2205 735 2265 sortita
745 2211 802 2282 est,
810 2199 885 2284 quia
896 2205 1009 2284 saepius
1019 2205 1125 2266 forma
1137 2204 1243 2267 Eccle-

230 2305 285 2367 siae
300 2304 436 2384 speciem
450 2302 589 2382 aliquam
603 2302 692 2364 navis
705 2303 903 2382 praeferebat.
917 2289 1124 2382 Quocumque
1138 2302 1244 2365 ordine

230 2404 281 2466 vel
309 2403 391 2482 stylo
407 2399 642 2463 architecturali
660 2401 801 2462 Ecclesia
816 2405 1028 2488 construetur,
1044 2398 1243 2481 summopere

232 2501 357 2580 expedit
370 2506 405 2561 ut
418 2501 485 2562 haec
497 2499 578 2561 tria:
594 2499 692 2573 navis,
706 2499 820 2560 chorus
838 2505 870 2560 et
882 2500 1108 2578 sanctuarium,
1130 2517 1243 2561 conve·

233 2599 357 2660 nienter
366 2603 564 2677 separentur,
573 2603 605 2658 et
617 2603 731 2658 cuncta
742 2597 1076 2676 aptenturdivinorum
1083 2597 1243 2678 mysterio

231 2714 301 2756 rum
316 2695 529 2769 celebrationi,
546 2699 642 2778 atque
657 2695 811 2773 religiosae
827 2695 1005 2757 animorum
1018 2694 1241 2758 recollectioni.

291 2794 330 2854 ll.
344 2793 523 2854 Oratorium
538 2793 711 2872 parietibus
727 2799 920 2854 exstructum
933 2813 999 2856 esse
1012 2795 1117 2869 debet,
1134 2794 1243 2872 quibus

230 2892 270 2954 ab
291 2890 437 2952 omnibus
466 2890 534 2951 aliis
558 2882 736 2952 domesticis
760 2891 868 2952 usibus
890 2883 1089 2972 segregetur,
1109 2893 1244 2953 sormam

230 2977 505 3068 haberecapellae,
521 2988 567 3049 ita
586 2989 698 3049 saltem
718 2988 804 3068 quod
819 2989 918 3050 altare
933 2991 1123 3068 quibusdam
1139 2988 1242 3068 gradi·

228 3087 288 3158 bus
303 3105 319 3148 e
334 3087 401 3148 solo
417 3091 573 3164 assurgat,
595 3092 626 3147 et
645 3087 725 3147 nulli
741 3087 812 3148 usui
831 3089 964 3168 profano
979 3087 1143 3149 inservire.
1165 3085 1244 3148 Nihil

230 3186 367 3266 amplius
391 3185 578 3265 requisitum
599 3185 724 3246 videtur
738 3205 777 3247 ex
794 3185 866 3265 jure
882 3186 1052 3265 communi,
1070 3187 1127 3247 sed
1141 3191 1243 3247 atten-

230 3285 303 3346 dere
323 3265 450 3365 oportet
468 3283 508 3343 ad
527 3286 646 3348 statuta
662 3281 789 3358 localia,
807 3303 943 3363 quorum
954 3302 1054 3345 unum
1067 3289 1098 3344 et
1111 3283 1244 3344 alterum

224 3383 366 3463 'exempli
380 3400 485 3456 causa,
502 3381 678 3442 referimus,
695 3381 869 3442 Concilium
881 3382 1116 3444 Mediolanense
1131 3398 1163 3444 vr
1176 3398 1243 3460 pro

227 3480 330 3542 hibuit
344 3500 383 3542 ne
402 3505 417 3536 «
430 3498 449 3540 a
463 3483 553 3558 parte
573 3478 740 3558 superiori,
755 3480 806 3541 vel
820 3480 1031 3554 coenaculum,
1047 3479 1098 3541 vel
1114 3478 1243 3541 cubicu-

230 3603 243 3631 «
266 3577 343 3650 lum,
360 3577 410 3638 vel
426 3577 555 3639 omnino
575 3577 682 3638 locum
698 3577 827 3652 habeat,
845 3579 900 3640 ubi
915 3584 969 3640 aut
984 3579 1174 3653 dormiatur,
1191 3581 1243 3638 cut

211 3698 245 3752 ⁴«
261 3669 434 3758 habitetur,
452 3681 508 3738 aut
523 3663 697 3756 quidquam
711 3677 838 3758 profani
850 3677 906 3741 fiat
919 3701 950 3743 n.
965 3679 1128 3742 Statutum
1142 3675 1244 3740 Eccle-
