2588 4276
213 330 265 384 226
549 335 615 381 lter.
639 333 673 382 ll.
696 334 886 382 resumere.

216 483 230 512 «
246 455 398 516 castitatis
418 453 608 532 dispensare,
626 452 687 511 nisi
707 452 877 531 aliquando
893 452 1079 528 gravissima
1092 451 1223 512 omnino

213 559 377 633 «urgente
397 552 518 614 ratione
539 571 609 632 quae
624 551 786 632 publicum
806 552 926 611 bonum
941 551 1097 630 respiciat.
1115 575 1129 606 »
1145 552 1225 612 Haec

213 650 422 731 Congregatio
442 651 612 731 rescripsit,
633 669 684 712 an.
702 651 791 724 1838,
808 650 848 710 ad
866 650 1144 731 Archiepiscopum
1163 649 1224 709 ad-

212 753 458 812 ministratorem
480 749 627 811 Ecclesiae
640 749 868 826 Lugdunensis
886 755 918 809 et
935 750 1051 810 iterum
1065 748 1228 809 mandavit

211 849 455 928 Archiepiscopo
469 847 617 927 ,ejusdcm
629 847 775 908 Ecclesiae
796 865 848 908 sn.
871 848 960 920 1811,
981 865 1077 925 super
1094 845 1176 906 votis
1191 846 1226 905 in

212 947 321 1008 ordine
340 947 442 1006 sancti
459 946 590 1009 loannis
609 945 649 1006 de
670 948 734 1006 Deo
751 943 922 1006 solemniter
938 945 1064 1019 emissis,
1088 961 1227 1023 quorum

211 1045 295 1105 idem
313 1045 476 1123 religiosus
496 1043 585 1104 novis
604 1043 749 1122 precibus
769 1043 996 1104 relaxationem
1019 1042 1223 1121 implorabat.

210 1175 248 1190 -
269 1143 410 1204 Tandem
425 1142 587 1204 decretum
607 1149 655 1202 est
669 1147 742 1202 vota
764 1141 994 1221 Trappensium
1014 1158 1084 1220 quae
1104 1141 1137 1199 in
1155 1157 1228 1219 pos·

210 1231 314 1302 terum
329 1241 414 1302 intra
428 1240 507 1301 fines
521 1239 696 1300 Galliarum
709 1241 928 1302 emitterentur
940 1246 1092 1318 tanquam
1108 1236 1227 1316 simpli-

211 1339 259 1400 cia
273 1339 434 1410 habenda,
451 1337 542 1399 donee
558 1336 673 1398 Sancta
686 1335 777 1400 Sedes
786 1337 875 1399 aliter
886 1339 1028 1400 statuerit
1038 1348 1060 1398 1.

269 1435 306 1499 ll.
323 1437 434 1498 Soluto
449 1437 623 1515 quastione
634 1435 726 1516 juris,
741 1436 860 1497 aliaest
875 1437 1007 1516 quaestio
1015 1437 1102 1514 facti,
1120 1440 1226 1496 utrum

211 1537 414 1597 scilicetvota
425 1553 494 1615 quae
506 1534 538 1594 in
551 1534 657 1596 Galliis
672 1535 898 1596 emittunturin
913 1535 1064 1612 religione
1076 1553 1150 1614 quae
1168 1534 1227 1594 fuit

183 1649 185 1652 ·
210 1635 287 1696 olim
302 1634 480 1714 approbata
494 1651 565 1693 curn
581 1634 662 1694 votis
674 1633 879 1708 solemnibus,
896 1634 959 1694 sint
971 1651 1046 1693 vere
1057 1632 1223 1693 solemnia.

210 1733 302 1792 Ratio
317 1731 406 1791 dubii
427 1735 474 1791 est
494 1729 579 1810 quod
601 1731 627 1790 si
653 1731 692 1790 ad
720 1736 865 1792 externas
889 1749 995 1790 rerum
1021 1730 1227 1809 apparentias

212 1829 405 1903 attendetur,
436 1847 531 1906 greve
555 1828 723 1889 discrimen
748 1828 942 1890 intercedere
969 1827 1123 1889 videatur
1142 1827 1228 1886 inter

211 1933 399 2007 praesentem
414 1931 446 1986 et
460 1925 655 2006 preteritum
676 1930 792 1987 statum
810 1926 1031 2005 religiosorum
1049 1924 1171 1985 Galliae.
1192 1925 1224 1984 ln
1292 1963 1293 2014 3

209 2025 359 2106 praesenti
371 2024 492 2084 scilicet
513 2028 609 2099 statu,
632 2023 805 2104 Regulares
826 2025 937 2086 ineunt
954 2028 1137 2090 contractus
1152 2021 1225 2083 civi·

210 2124 266 2197 les
290 2123 421 2203 proprio
446 2122 572 2183 nomine
595 2121 763 2202 acquirunt
786 2126 818 2184 et
841 2122 995 2204 alienant3
1012 2121 1126 2182 domus
1148 2119 1225 2181 reli-

208 2222 304 2301 giosae
316 2239 400 2300 saepe
416 2220 651 2281 constituuntur
665 2220 723 2280 sub
734 2221 836 2281 forma
850 2221 1008 2281 societatis
1019 2218 1225 2280 commercia-

208 2319 245 2379 lis
255 2319 347 2399 juxta
368 2318 495 2396 regulas
517 2317 644 2379 codicis.
667 2319 842 2380 Dicendum
861 2325 908 2380 est
930 2299 1139 2379 nihilominus
1153 2317 1224 2378 haec

207 2405 271 2479 non
286 2418 411 2479 obstare
425 2416 596 2496 quominus
610 2421 685 2477 vota
699 2415 762 2482 sint
774 2417 940 2476 solemnia.

265 2517 320 2576 lus
344 2515 532 2577 canonicum
552 2513 751 2575 solummodo
774 2514 889 2574 indixit
914 2519 947 2574 ut
969 2515 1133 2592 regulares
1158 2532 1224 2574 non

207 2614 372 2692 acquirant
395 2618 474 2673 nutu
501 2611 630 2690 proprio
655 2612 829 2672 dominium
849 2631 955 2672 rerum
974 2611 1221 2691 temporalium,
1291 2679 1292 2684 .

208 2729 267 2772 nec
281 2711 380 2771 ullam
399 2727 466 2769 rem
483 2709 542 2769 sibi
560 2709 729 2781 retineant,
746 2709 784 2770 de
800 2709 894 2771 illave
914 2711 1081 2789 disponere
1099 2728 1223 2789 praesu-
1291 2727 1292 2756 ³

208 2815 318 2881 mant;
347 2825 455 2892 porro,
485 2807 614 2885 quando
641 2807 734 2885 juxta
757 2809 944 2886 p'raesentem
973 2813 1091 2870 statum
1112 2827 1222 2870 rerum
1291 2805 1292 2810 ’

207 2906 356 2983 Religiosi
376 2905 487 2965 ineunt
511 2910 692 2966 contractus
707 2905 813 2966 civiles
834 2907 872 2967 de
896 2907 1010 2986 quibus
1029 2926 1137 2988 supra,
1158 2925 1221 2968 non

206 3009 303 3084 agunt
314 3007 393 3063 nutu
405 3003 548 3082 proprie,
561 3021 666 3082 neque
676 3003 709 3063 in
720 3022 812 3063 suum
823 3005 988 3084 proprium
1002 3006 1218 3080 commodum,

205 3102 260 3164 sed
274 3119 345 3162 cum
360 3119 489 3162 assensu
499 3102 548 3161 sui
561 3101 700 3175 Praelati‚
712 3101 745 3161 in
760 3101 879 3164 bonum
894 3104 943 3164 sui
958 3104 1086 3166 ordinis.
1103 3103 1220 3164 Sancta

203 3201 299 3263 Sedes
316 3200 469 3261 concessit
489 3199 704 3278 superioribus
722 3200 882 3276 ordinum,
902 3202 947 3263 ita
965 3202 1147 3281 postulante
1165 3219 1217 3260 ra-

204 3299 290 3360 tione
305 3305 499 3378 temporum,
517 3295 683 3357 facultates
697 3299 890 3360 necessarias
905 3306 940 3360 ut
955 3300 1126 3378 Reguleres
1140 3317 1215 3378 pro·

202 3398 272 3476 prio
287 3396 415 3458 nomine
435 3400 601 3474 acceptent
617 3395 703 3456 bona
718 3413 787 3475 quae
810 3397 855 3457 eis
875 3398 1049 3458 obveniunt
1066 3417 1106 3458 ex
1120 3403 1215 3458 testa·

203 3501 322 3570 mento,
335 3513 391 3556 seu
403 3494 465 3555 elio
475 3493 578 3571 titulo,
595 3492 884 3575 declarationesque
899 3513 918 3555 a
934 3495 1056 3574 legibus
1071 3495 1217 3558 civilibus

250 3649 273 3697 1.
293 3643 373 3714 Hesp.
390 3641 597 3700 Poenitentiariae
617 3645 651 3696 ed
667 3643 830 3711 Episcopum
850 3648 1089 3710 Cenomanenscm,
1113 3647 1141 3698 13
1162 3647 1214 3697 leb.

205 3719 274 3774 1111.
286 3721 465 3774 —Decretum
479 3717 506 3773 S.
518 3717 600 3786 (long.
614 3721 798 3786 Regulsrium,
811 3720 841 3774 11
852 3721 941 3775 martti
961 3721 1029 3776 1837.
1048 3751 1078 3761 -
1094 3723 1215 3773 Bizzcrrt

204 3793 377 3855 Collectnnes,
388 3808 413 3857 p.
426 3795 466 3852 19,
481 3793 537 3844 ott.
