<?xml version="1.0" encoding="UTF-8"?>
<!DOCTYPE html PUBLIC "-//W3C//DTD XHTML 1.0 Transitional//EN"
    "http://www.w3.org/TR/xhtml1/DTD/xhtml1-transitional.dtd">
<html xmlns="http://www.w3.org/1999/xhtml" xml:lang="en" lang="en">
 <head>
  <title>
</title>
<meta http-equiv="Content-Type" content="text/html;charset=utf-8" />
  <meta name='ocr-system' content='tesseract 3.04.00' />
  <meta name='ocr-capabilities' content='ocr_page ocr_carea ocr_par ocr_line ocrx_word'/>
</head>
<body>
  <div class='ocr_page' id='page_1' title='image "./praelectionesju00murrgoog_0070.png"; bbox 0 0 2632 4260; ppageno 0'>
   <div class='ocr_carea' id='block_1_1' title="bbox 257 223 1058 280">
    <p class='ocr_par' dir='ltr' id='par_1_1' title="bbox 257 223 1058 280">
     <span class='ocr_line' id='line_1_1' title="bbox 257 223 1058 280; baseline 0 -4"><span class='ocrx_word' id='word_1_1' title='bbox 257 230 323 277; x_wconf 79' lang='lat' dir='ltr'><strong>sut.</strong></span> <span class='ocrx_word' id='word_1_2' title='bbox 345 228 393 277; x_wconf 90' lang='lat'>111.</span> <span class='ocrx_word' id='word_1_3' title='bbox 414 229 632 280; x_wconf 76' lang='lat' dir='ltr'><strong>entlenrlolttts</strong></span> <span class='ocrx_word' id='word_1_4' title='bbox 652 228 851 280; x_wconf 71' lang='lat' dir='ltr'><strong>desaltentur.</strong></span> <span class='ocrx_word' id='word_1_5' title='bbox 1024 223 1058 276; x_wconf 72' lang='lat'><strong>53</strong></span> 
     </span>
    </p>
   </div>
   <div class='ocr_carea' id='block_1_2' title="bbox 68 347 1060 526">
    <p class='ocr_par' dir='ltr' id='par_1_2' title="bbox 68 347 1060 526">
     <span class='ocr_line' id='line_1_2' title="bbox 69 347 1060 428; baseline -0.003 -17"><span class='ocrx_word' id='word_1_6' title='bbox 69 351 132 411; x_wconf 89' lang='lat' dir='ltr'><strong>dunt</strong></span> <span class='ocrx_word' id='word_1_7' title='bbox 143 347 252 408; x_wconf 90' lang='lat' dir='ltr'><strong>limites</strong></span> <span class='ocrx_word' id='word_1_8' title='bbox 274 347 478 410; x_wconf 76' lang='lat' dir='ltr'><strong>correctionis</strong></span> <span class='ocrx_word' id='word_1_9' title='bbox 493 353 646 428; x_wconf 80' lang='lat' dir='ltr'><strong>paternae,</strong></span> <span class='ocrx_word' id='word_1_10' title='bbox 663 366 713 410; x_wconf 87' lang='lat' dir='ltr'><strong>ros</strong></span> <span class='ocrx_word' id='word_1_11' title='bbox 734 347 904 410; x_wconf 75' lang='lat' dir='ltr'><strong>dimittitur</strong></span> <span class='ocrx_word' id='word_1_12' title='bbox 924 347 1060 427; x_wconf 89' lang='lat' dir='ltr'><strong>pruden-</strong></span> 
     </span>
     <span class='ocr_line' id='line_1_3' title="bbox 68 445 268 526; baseline -0.01 -16"><span class='ocrx_word' id='word_1_13' title='bbox 68 447 106 510; x_wconf 82' lang='lat' dir='ltr'><strong>tia</strong></span> <span class='ocrx_word' id='word_1_14' title='bbox 118 445 268 526; x_wconf 84' lang='lat' dir='ltr'><strong>Episcopi.</strong></span> 
     </span>
    </p>
   </div>
   <div class='ocr_carea' id='block_1_3' title="bbox 97 630 1011 714">
    <p class='ocr_par' dir='ltr' id='par_1_3' title="bbox 97 630 1011 714">
     <span class='ocr_line' id='line_1_4' title="bbox 97 630 1011 714; baseline -0.002 -20"><span class='ocrx_word' id='word_1_15' title='bbox 97 635 149 714; x_wconf 69' lang='lat'><strong>§5-</strong></span> <span class='ocrx_word' id='word_1_16' title='bbox 164 667 202 678; x_wconf 90' lang='lat'>-</span> <span class='ocrx_word' id='word_1_17' title='bbox 213 630 258 693; x_wconf 86' lang='lat' dir='ltr'><strong>De</strong></span> <span class='ocrx_word' id='word_1_18' title='bbox 273 630 455 714; x_wconf 73' lang='lat' dir='ltr'><strong>quibusdem</strong></span> <span class='ocrx_word' id='word_1_19' title='bbox 474 631 695 696; x_wconf 74' lang='lat' dir='ltr'><strong>oblectamentis</strong></span> <span class='ocrx_word' id='word_1_20' title='bbox 709 631 817 694; x_wconf 83' lang='lat' dir='ltr'><strong>clerice</strong></span> <span class='ocrx_word' id='word_1_21' title='bbox 834 631 1011 694; x_wconf 80' lang='lat' dir='ltr'><strong>interdictis.</strong></span> 
     </span>
    </p>
   </div>
   <div class='ocr_carea' id='block_1_4' title="bbox 67 819 1127 1590">
    <p class='ocr_par' dir='ltr' id='par_1_4' title="bbox 67 819 1127 1590">
     <span class='ocr_line' id='line_1_5' title="bbox 113 819 1060 902; baseline 0.002 -22"><span class='ocrx_word' id='word_1_22' title='bbox 113 822 223 882; x_wconf 82' lang='lat' dir='ltr'><strong>Praeter</strong></span> <span class='ocrx_word' id='word_1_23' title='bbox 238 819 509 884; x_wconf 83' lang='lat' dir='ltr'><strong>cohabitationem</strong></span> <span class='ocrx_word' id='word_1_24' title='bbox 522 820 692 882; x_wconf 88' lang='lat' dir='ltr'><strong>mulierum</strong></span> <span class='ocrx_word' id='word_1_25' title='bbox 704 839 775 902; x_wconf 82' lang='lat' dir='ltr'><strong>quae</strong></span> <span class='ocrx_word' id='word_1_26' title='bbox 789 821 964 902; x_wconf 89' lang='lat' dir='ltr'><strong>periculum</strong></span> <span class='ocrx_word' id='word_1_27' title='bbox 982 839 1060 900; x_wconf 88' lang='lat' dir='ltr'><strong>pee-</strong></span> 
     </span>
     <span class='ocr_line' id='line_1_6' title="bbox 67 917 1061 998; baseline 0 -18"><span class='ocrx_word' id='word_1_28' title='bbox 67 917 142 980; x_wconf 90' lang='lat' dir='ltr'><strong>candi</strong></span> <span class='ocrx_word' id='word_1_29' title='bbox 157 923 266 980; x_wconf 89' lang='lat' dir='ltr'><strong>eontra</strong></span> <span class='ocrx_word' id='word_1_30' title='bbox 282 919 461 980; x_wconf 88' lang='lat' dir='ltr'><strong>castitatem</strong></span> <span class='ocrx_word' id='word_1_31' title='bbox 479 919 613 996; x_wconf 83' lang='lat' dir='ltr'><strong>inducit,</strong></span> <span class='ocrx_word' id='word_1_32' title='bbox 628 919 691 982; x_wconf 90' lang='lat' dir='ltr'><strong>alia</strong></span> <span class='ocrx_word' id='word_1_33' title='bbox 705 924 778 980; x_wconf 88' lang='lat' dir='ltr'><strong>sunt</strong></span> <span class='ocrx_word' id='word_1_34' title='bbox 793 919 908 998; x_wconf 90' lang='lat' dir='ltr'><strong>quibus</strong></span> <span class='ocrx_word' id='word_1_35' title='bbox 919 917 1061 980; x_wconf 78' lang='lat' dir='ltr'><strong>Ecclesia</strong></span> 
     </span>
     <span class='ocr_line' id='line_1_7' title="bbox 67 1014 1060 1096; baseline 0.001 -19"><span class='ocrx_word' id='word_1_36' title='bbox 67 1014 167 1077; x_wconf 86' lang='lat' dir='ltr'><strong>clericis</strong></span> <span class='ocrx_word' id='word_1_37' title='bbox 195 1016 367 1092; x_wconf 86' lang='lat' dir='ltr'><strong>interdicit,</strong></span> <span class='ocrx_word' id='word_1_38' title='bbox 389 1036 429 1080; x_wconf 91' lang='lat' dir='ltr'><strong>ne</strong></span> <span class='ocrx_word' id='word_1_39' title='bbox 455 1035 560 1080; x_wconf 88' lang='lat' dir='ltr'><strong>meres</strong></span> <span class='ocrx_word' id='word_1_40' title='bbox 581 1021 771 1080; x_wconf 86' lang='lat' dir='ltr'><strong>enerventur</strong></span> <span class='ocrx_word' id='word_1_41' title='bbox 793 1017 846 1078; x_wconf 89' lang='lat' dir='ltr'><strong>vel</strong></span> <span class='ocrx_word' id='word_1_42' title='bbox 871 1021 907 1078; x_wconf 93' lang='lat' dir='ltr'><strong>ut</strong></span> <span class='ocrx_word' id='word_1_43' title='bbox 936 1016 1060 1096; x_wconf 82' lang='lat' dir='ltr'><strong>eccesie</strong></span> 
     </span>
     <span class='ocr_line' id='line_1_8' title="bbox 67 1113 1061 1179; baseline 0 -5"><span class='ocrx_word' id='word_1_44' title='bbox 67 1113 187 1174; x_wconf 84' lang='lat' dir='ltr'><strong>scandali</strong></span> <span class='ocrx_word' id='word_1_45' title='bbox 217 1120 430 1176; x_wconf 88' lang='lat' dir='ltr'><strong>removeatur.</strong></span> <span class='ocrx_word' id='word_1_46' title='bbox 462 1117 536 1178; x_wconf 85' lang='lat' dir='ltr'><strong>Haec</strong></span> <span class='ocrx_word' id='word_1_47' title='bbox 569 1115 739 1179; x_wconf 91' lang='lat' dir='ltr'><strong>concilium</strong></span> <span class='ocrx_word' id='word_1_48' title='bbox 776 1115 995 1176; x_wconf 88' lang='lat' dir='ltr'><strong>Tridentinum</strong></span> <span class='ocrx_word' id='word_1_49' title='bbox 1027 1113 1061 1174; x_wconf 94' lang='lat' dir='ltr'><strong>in</strong></span> 
     </span>
     <span class='ocr_line' id='line_1_9' title="bbox 68 1213 1127 1291; baseline 0 -19"><span class='ocrx_word' id='word_1_50' title='bbox 68 1231 122 1291; x_wconf 88' lang='lat' dir='ltr'><strong>cap.</strong></span> <span class='ocrx_word' id='word_1_51' title='bbox 135 1229 178 1273; x_wconf 86' lang='lat' dir='ltr'><strong>x11</strong></span> <span class='ocrx_word' id='word_1_52' title='bbox 190 1214 337 1275; x_wconf 89' lang='lat' dir='ltr'><strong>sessionis</strong></span> <span class='ocrx_word' id='word_1_53' title='bbox 349 1231 421 1278; x_wconf 82' lang='lat' dir='ltr'><strong>xx1v</strong></span> <span class='ocrx_word' id='word_1_54' title='bbox 434 1213 551 1275; x_wconf 87' lang='lat' dir='ltr'><strong>indixit</strong></span> <span class='ocrx_word' id='word_1_55' title='bbox 570 1231 577 1276; x_wconf 90' lang='lat'><strong>:</strong></span> <span class='ocrx_word' id='word_1_56' title='bbox 599 1240 614 1271; x_wconf 78' lang='lat' dir='ltr'><strong>a</strong></span> <span class='ocrx_word' id='word_1_57' title='bbox 627 1215 675 1276; x_wconf 89' lang='lat' dir='ltr'><strong>Ab</strong></span> <span class='ocrx_word' id='word_1_58' title='bbox 694 1213 811 1276; x_wconf 90' lang='lat' dir='ltr'><strong>illicitis</strong></span> <span class='ocrx_word' id='word_1_59' title='bbox 824 1213 1058 1288; x_wconf 82' lang='lat' dir='ltr'><strong>venationibus,</strong></span> <span class='ocrx_word' id='word_1_60' title='bbox 1125 1235 1127 1239; x_wconf 94' lang='lat'>·</span> 
     </span>
     <span class='ocr_line' id='line_1_10' title="bbox 69 1310 1061 1394; baseline 0.003 -25"><span class='ocrx_word' id='word_1_61' title='bbox 69 1332 79 1364; x_wconf 81' lang='lat' dir='ltr'><strong>u</strong></span> <span class='ocrx_word' id='word_1_62' title='bbox 92 1310 231 1392; x_wconf 82' lang='lat' dir='ltr'><strong>aucupiis,</strong></span> <span class='ocrx_word' id='word_1_63' title='bbox 245 1311 381 1387; x_wconf 88' lang='lat' dir='ltr'><strong>choreis,</strong></span> <span class='ocrx_word' id='word_1_64' title='bbox 394 1312 534 1374; x_wconf 88' lang='lat' dir='ltr'><strong>tabernis</strong></span> <span class='ocrx_word' id='word_1_65' title='bbox 549 1311 734 1394; x_wconf 90' lang='lat' dir='ltr'><strong>lusibusque</strong></span> <span class='ocrx_word' id='word_1_66' title='bbox 749 1312 939 1376; x_wconf 88' lang='lat' dir='ltr'><strong>abstineant.</strong></span> <span class='ocrx_word' id='word_1_67' title='bbox 957 1334 973 1368; x_wconf 89' lang='lat'>»</span> <span class='ocrx_word' id='word_1_68' title='bbox 989 1310 1061 1374; x_wconf 89' lang='lat' dir='ltr'><strong>Sin-</strong></span> 
     </span>
     <span class='ocr_line' id='line_1_11' title="bbox 69 1407 1062 1490; baseline 0.008 -26"><span class='ocrx_word' id='word_1_69' title='bbox 69 1407 125 1484; x_wconf 80' lang='lat' dir='ltr'><strong>prla</strong></span> <span class='ocrx_word' id='word_1_70' title='bbox 136 1409 242 1488; x_wconf 90' lang='lat' dir='ltr'><strong>paucis</strong></span> <span class='ocrx_word' id='word_1_71' title='bbox 257 1409 418 1490; x_wconf 84' lang='lat' dir='ltr'><strong>explicam</strong></span> <span class='ocrx_word' id='word_1_72' title='bbox 437 1428 566 1472; x_wconf 88' lang='lat' dir='ltr'><strong>neccsse</strong></span> <span class='ocrx_word' id='word_1_73' title='bbox 583 1414 631 1480; x_wconf 84' lang='lat' dir='ltr'><strong>est</strong></span> <span class='ocrx_word' id='word_1_74' title='bbox 646 1411 687 1472; x_wconf 91' lang='lat' dir='ltr'><strong>ad</strong></span> <span class='ocrx_word' id='word_1_75' title='bbox 701 1415 840 1473; x_wconf 89' lang='lat' dir='ltr'><strong>mentem</strong></span> <span class='ocrx_word' id='word_1_76' title='bbox 853 1415 998 1472; x_wconf 87' lang='lat' dir='ltr'><strong>veterum</strong></span> <span class='ocrx_word' id='word_1_77' title='bbox 1012 1426 1062 1472; x_wconf 90' lang='lat' dir='ltr'><strong>ca-</strong></span> 
     </span>
     <span class='ocr_line' id='line_1_12' title="bbox 69 1507 817 1590; baseline 0.005 -26"><span class='ocrx_word' id='word_1_78' title='bbox 69 1522 175 1580; x_wconf 89' lang='lat' dir='ltr'><strong>nonum,</strong></span> <span class='ocrx_word' id='word_1_79' title='bbox 190 1524 271 1587; x_wconf 90' lang='lat' dir='ltr'><strong>ques</strong></span> <span class='ocrx_word' id='word_1_80' title='bbox 285 1508 449 1570; x_wconf 87' lang='lat' dir='ltr'><strong>innovavit</strong></span> <span class='ocrx_word' id='word_1_81' title='bbox 465 1509 605 1590; x_wconf 88' lang='lat' dir='ltr'><strong>synodus</strong></span> <span class='ocrx_word' id='word_1_82' title='bbox 621 1507 817 1570; x_wconf 84' lang='lat' dir='ltr'><strong>Tridenlina.</strong></span> 
     </span>
    </p>
   </div>
   <div class='ocr_carea' id='block_1_5' title="bbox 72 1613 1143 2472">
    <p class='ocr_par' dir='ltr' id='par_1_5' title="bbox 112 1613 863 1688">
     <span class='ocr_line' id='line_1_13' title="bbox 112 1613 863 1688; baseline 0.003 -16"><span class='ocrx_word' id='word_1_83' title='bbox 112 1613 174 1676; x_wconf 78' lang='lat' dir='ltr'><strong>ata.</strong></span> <span class='ocrx_word' id='word_1_84' title='bbox 190 1614 216 1674; x_wconf 80' lang='grc' dir='ltr'><strong>Ι0</strong></span> <span class='ocrx_word' id='word_1_85' title='bbox 232 1613 328 1688; x_wconf 83' lang='lat' dir='ltr'><strong>Quali</strong></span> <span class='ocrx_word' id='word_1_86' title='bbox 337 1614 494 1678; x_wconf 82' lang='lat' dir='ltr'><strong>venatione</strong></span> <span class='ocrx_word' id='word_1_87' title='bbox 508 1614 716 1678; x_wconf 74' lang='lat' dir='ltr'><strong>abderdieetcr</strong></span> <span class='ocrx_word' id='word_1_88' title='bbox 728 1613 863 1676; x_wconf 81' lang='lat' dir='ltr'><strong>clericis?</strong></span> 
     </span>
    </p>

    <p class='ocr_par' dir='ltr' id='par_1_6' title="bbox 72 1709 1143 2472">
     <span class='ocr_line' id='line_1_14' title="bbox 113 1709 1069 1791; baseline 0.003 -22"><span class='ocrx_word' id='word_1_89' title='bbox 113 1709 245 1772; x_wconf 76' lang='lat' dir='ltr'><strong>Oenones</strong></span> <span class='ocrx_word' id='word_1_90' title='bbox 267 1713 437 1775; x_wconf 88' lang='lat' dir='ltr'><strong>venatione</strong></span> <span class='ocrx_word' id='word_1_91' title='bbox 459 1712 577 1776; x_wconf 89' lang='lat' dir='ltr'><strong>ideirco</strong></span> <span class='ocrx_word' id='word_1_92' title='bbox 604 1712 726 1774; x_wconf 86' lang='lat' dir='ltr'><strong>clericis</strong></span> <span class='ocrx_word' id='word_1_93' title='bbox 748 1711 1069 1791; x_wconf 76' lang='lat' dir='ltr'><strong>interdicuntquodz&#39;</strong></span> 
     </span>
     <span class='ocr_line' id='line_1_15' title="bbox 73 1805 1143 1890; baseline 0.007 -27"><span class='ocrx_word' id='word_1_94' title='bbox 73 1805 94 1863; x_wconf 72' lang='grc' dir='ltr'><strong>1ο</strong></span> <span class='ocrx_word' id='word_1_95' title='bbox 105 1805 151 1868; x_wconf 88' lang='lat' dir='ltr'><strong>liat</strong></span> <span class='ocrx_word' id='word_1_96' title='bbox 164 1808 354 1889; x_wconf 89' lang='lat' dir='ltr'><strong>plerumque</strong></span> <span class='ocrx_word' id='word_1_97' title='bbox 367 1829 441 1872; x_wconf 90' lang='lat' dir='ltr'><strong>eum</strong></span> <span class='ocrx_word' id='word_1_98' title='bbox 452 1811 591 1872; x_wconf 88' lang='lat' dir='ltr'><strong>tumultu</strong></span> <span class='ocrx_word' id='word_1_99' title='bbox 601 1811 657 1890; x_wconf 88' lang='lat' dir='ltr'><strong>qui</strong></span> <span class='ocrx_word' id='word_1_100' title='bbox 668 1811 810 1872; x_wconf 88' lang='lat' dir='ltr'><strong>dissolvit</strong></span> <span class='ocrx_word' id='word_1_101' title='bbox 824 1828 861 1870; x_wconf 90' lang='lat' dir='ltr'><strong>ae</strong></span> <span class='ocrx_word' id='word_1_102' title='bbox 874 1809 1065 1871; x_wconf 89' lang='lat' dir='ltr'><strong>dehonestat</strong></span> <span class='ocrx_word' id='word_1_103' title='bbox 1142 1837 1143 1840; x_wconf 38' lang='lat'>¹</span> 
     </span>
     <span class='ocr_line' id='line_1_16' title="bbox 72 1900 1064 1986; baseline 0.004 -24"><span class='ocrx_word' id='word_1_104' title='bbox 72 1900 224 1966; x_wconf 84' lang='lat' dir='ltr'><strong>clericalem</strong></span> <span class='ocrx_word' id='word_1_105' title='bbox 248 1907 456 1984; x_wconf 90' lang='lat' dir='ltr'><strong>modestiam;</strong></span> <span class='ocrx_word' id='word_1_106' title='bbox 483 1911 517 1970; x_wconf 76' lang='lat'><strong>2⁰</strong></span> <span class='ocrx_word' id='word_1_107' title='bbox 536 1907 667 1970; x_wconf 87' lang='lat' dir='ltr'><strong>immitis</strong></span> <span class='ocrx_word' id='word_1_108' title='bbox 688 1907 744 1968; x_wconf 90' lang='lat' dir='ltr'><strong>illa</strong></span> <span class='ocrx_word' id='word_1_109' title='bbox 762 1907 873 1969; x_wconf 82' lang='lat' dir='ltr'><strong>effusio</strong></span> <span class='ocrx_word' id='word_1_110' title='bbox 900 1905 1064 1986; x_wconf 80' lang='lat' dir='ltr'><strong>sanguinis</strong></span> 
     </span>
     <span class='ocr_line' id='line_1_17' title="bbox 73 1999 1064 2086; baseline 0.006 -28"><span class='ocrx_word' id='word_1_111' title='bbox 73 1999 234 2064; x_wconf 86' lang='lat' dir='ltr'><strong>animalium</strong></span> <span class='ocrx_word' id='word_1_112' title='bbox 243 2003 1064 2086; x_wconf 84' lang='lat' dir='ltr'><strong>habeatqnamdamspeciembellimalecouvenien-</strong></span> 
     </span>
     <span class='ocr_line' id='line_1_18' title="bbox 72 2091 1064 2194; baseline 0.006 -38"><span class='ocrx_word' id='word_1_113' title='bbox 72 2099 119 2158; x_wconf 88' lang='lat' dir='ltr'><strong>ten</strong></span> <span class='ocrx_word' id='word_1_114' title='bbox 132 2118 197 2162; x_wconf 91' lang='lat' dir='ltr'><strong>cum</strong></span> <span class='ocrx_word' id='word_1_115' title='bbox 220 2091 467 2166; x_wconf 85' lang='lat' dir='ltr'><strong>mansuetudine</strong></span> <span class='ocrx_word' id='word_1_116' title='bbox 484 2103 712 2180; x_wconf 56' lang='lat' dir='ltr'><strong>ecelesiastica</strong></span> <span class='ocrx_word' id='word_1_117' title='bbox 732 2105 772 2194; x_wconf 52' lang='lat'><strong>3⁰,</strong></span> <span class='ocrx_word' id='word_1_118' title='bbox 786 2105 917 2164; x_wconf 90' lang='lat' dir='ltr'><strong>tandem</strong></span> <span class='ocrx_word' id='word_1_119' title='bbox 938 2099 1064 2164; x_wconf 87' lang='lat' dir='ltr'><strong>animus</strong></span> 
     </span>
     <span class='ocr_line' id='line_1_19' title="bbox 73 2193 1063 2280; baseline 0.007 -27"><span class='ocrx_word' id='word_1_120' title='bbox 73 2193 234 2260; x_wconf 90' lang='lat' dir='ltr'><strong>clericorum</strong></span> <span class='ocrx_word' id='word_1_121' title='bbox 247 2200 343 2261; x_wconf 90' lang='lat' dir='ltr'><strong>nimis</strong></span> <span class='ocrx_word' id='word_1_122' title='bbox 355 2201 551 2270; x_wconf 88' lang='lat' dir='ltr'><strong>distrahatur</strong></span> <span class='ocrx_word' id='word_1_123' title='bbox 564 2221 583 2262; x_wconf 90' lang='lat' dir='ltr'><strong>a</strong></span> <span class='ocrx_word' id='word_1_124' title='bbox 596 2200 708 2262; x_wconf 93' lang='lat' dir='ltr'><strong>divinis</strong></span> <span class='ocrx_word' id='word_1_125' title='bbox 721 2200 833 2262; x_wconf 87' lang='lat' dir='ltr'><strong>officiis</strong></span> <span class='ocrx_word' id='word_1_126' title='bbox 848 2201 982 2279; x_wconf 87' lang='lat' dir='ltr'><strong>aliisque</strong></span> <span class='ocrx_word' id='word_1_127' title='bbox 997 2199 1063 2280; x_wconf 92' lang='lat' dir='ltr'><strong>spi·</strong></span> 
     </span>
     <span class='ocr_line' id='line_1_20' title="bbox 73 2290 1063 2378; baseline 0.006 -26"><span class='ocrx_word' id='word_1_128' title='bbox 73 2290 212 2358; x_wconf 80' lang='lat' dir='ltr'><strong>ritualibus</strong></span> <span class='ocrx_word' id='word_1_129' title='bbox 227 2299 492 2378; x_wconf 85' lang='lat' dir='ltr'><strong>occupationibus</strong></span> <span class='ocrx_word' id='word_1_130' title='bbox 504 2299 553 2362; x_wconf 91' lang='lat' dir='ltr'><strong>sui</strong></span> <span class='ocrx_word' id='word_1_131' title='bbox 566 2302 678 2374; x_wconf 88' lang='lat' dir='ltr'><strong>status,</strong></span> <span class='ocrx_word' id='word_1_132' title='bbox 696 2297 872 2378; x_wconf 73' lang='lat' dir='ltr'><strong>praesertim</strong></span> <span class='ocrx_word' id='word_1_133' title='bbox 892 2297 919 2358; x_wconf 88' lang='lat' dir='ltr'><strong>si</strong></span> <span class='ocrx_word' id='word_1_134' title='bbox 936 2295 1063 2358; x_wconf 91' lang='lat' dir='ltr'><strong>venatio</strong></span> 
     </span>
     <span class='ocr_line' id='line_1_21' title="bbox 73 2387 680 2472; baseline 0.016 -25"><span class='ocrx_word' id='word_1_135' title='bbox 73 2387 256 2472; x_wconf 88' lang='lat' dir='ltr'><strong>sitfreqnens.</strong></span> <span class='ocrx_word' id='word_1_136' title='bbox 678 2419 680 2424; x_wconf 94' lang='lat'>·</span> 
     </span>
    </p>
   </div>
   <div class='ocr_carea' id='block_1_6' title="bbox 73 2491 1065 2664">
    <p class='ocr_par' dir='ltr' id='par_1_7' title="bbox 73 2491 1065 2664">
     <span class='ocr_line' id='line_1_22' title="bbox 116 2491 1065 2575; baseline 0.003 -24"><span class='ocrx_word' id='word_1_137' title='bbox 116 2491 151 2551; x_wconf 92' lang='lat' dir='ltr'><strong>Ut</strong></span> <span class='ocrx_word' id='word_1_138' title='bbox 161 2497 323 2556; x_wconf 88' lang='lat' dir='ltr'><strong>statuatur</strong></span> <span class='ocrx_word' id='word_1_139' title='bbox 336 2497 407 2575; x_wconf 83' lang='lat' dir='ltr'><strong>quae</strong></span> <span class='ocrx_word' id='word_1_140' title='bbox 420 2495 461 2556; x_wconf 89' lang='lat' dir='ltr'><strong>sit</strong></span> <span class='ocrx_word' id='word_1_141' title='bbox 472 2493 599 2560; x_wconf 87' lang='lat' dir='ltr'><strong>venatio</strong></span> <span class='ocrx_word' id='word_1_142' title='bbox 609 2494 708 2558; x_wconf 88' lang='lat' dir='ltr'><strong>vetita</strong></span> <span class='ocrx_word' id='word_1_143' title='bbox 717 2493 851 2570; x_wconf 87' lang='lat' dir='ltr'><strong>clericis,</strong></span> <span class='ocrx_word' id='word_1_144' title='bbox 865 2491 1065 2555; x_wconf 89' lang='lat' dir='ltr'><strong>distinetione</strong></span> 
     </span>
     <span class='ocr_line' id='line_1_23' title="bbox 73 2597 197 2664; baseline 0.081 -21"><span class='ocrx_word' id='word_1_145' title='bbox 73 2602 132 2664; x_wconf 94' lang='lat' dir='ltr'><strong>opus</strong></span> <span class='ocrx_word' id='word_1_146' title='bbox 143 2597 197 2654; x_wconf 88' lang='lat' dir='ltr'><strong>est.</strong></span> 
     </span>
    </p>
   </div>
   <div class='ocr_carea' id='block_1_7' title="bbox 36 2694 1085 3762">
    <p class='ocr_par' dir='ltr' id='par_1_8' title="bbox 36 2694 1067 3352">
     <span class='ocr_line' id='line_1_24' title="bbox 116 2694 1063 2774; baseline 0.005 -20"><span class='ocrx_word' id='word_1_147' title='bbox 116 2694 267 2761; x_wconf 78' lang='lat' dir='ltr'><strong>lomnes</strong></span> <span class='ocrx_word' id='word_1_148' title='bbox 288 2700 428 2763; x_wconf 85' lang='lat' dir='ltr'><strong>fatentur</strong></span> <span class='ocrx_word' id='word_1_149' title='bbox 448 2700 649 2764; x_wconf 87' lang='lat' dir='ltr'><strong>venationem</strong></span> <span class='ocrx_word' id='word_1_150' title='bbox 662 2699 885 2774; x_wconf 88' lang='lat' dir='ltr'><strong>clamoresam,</strong></span> <span class='ocrx_word' id='word_1_151' title='bbox 907 2703 943 2760; x_wconf 86' lang='lat' dir='ltr'><strong>ut</strong></span> <span class='ocrx_word' id='word_1_152' title='bbox 962 2697 1063 2773; x_wconf 88' lang='lat' dir='ltr'><strong>aiunt,</strong></span> 
     </span>
     <span class='ocr_line' id='line_1_25' title="bbox 36 2793 1067 2879; baseline 0.009 -30"><span class='ocrx_word' id='word_1_153' title='bbox 36 2805 37 2810; x_wconf 50' lang='lat'>¹</span> <span class='ocrx_word' id='word_1_154' title='bbox 75 2801 126 2866; x_wconf 82' lang='lat' dir='ltr'><strong>qna</strong></span> <span class='ocrx_word' id='word_1_155' title='bbox 136 2793 321 2860; x_wconf 81' lang='lat' dir='ltr'><strong>olinriiebat</strong></span> <span class='ocrx_word' id='word_1_156' title='bbox 339 2815 456 2877; x_wconf 77' lang='lat' dir='ltr'><strong>magne</strong></span> <span class='ocrx_word' id='word_1_157' title='bbox 470 2798 601 2879; x_wconf 88' lang='lat' dir='ltr'><strong>strepitu</strong></span> <span class='ocrx_word' id='word_1_158' title='bbox 625 2803 660 2860; x_wconf 85' lang='lat' dir='ltr'><strong>ut</strong></span> <span class='ocrx_word' id='word_1_159' title='bbox 675 2801 865 2877; x_wconf 85' lang='lat' dir='ltr'><strong>caperentur</strong></span> <span class='ocrx_word' id='word_1_160' title='bbox 882 2796 964 2876; x_wconf 89' lang='lat' dir='ltr'><strong>apri,</strong></span> <span class='ocrx_word' id='word_1_161' title='bbox 981 2794 1067 2858; x_wconf 89' lang='lat' dir='ltr'><strong>cervi</strong></span> 
     </span>
     <span class='ocr_line' id='line_1_26' title="bbox 75 2890 1063 2977; baseline 0.004 -24"><span class='ocrx_word' id='word_1_162' title='bbox 75 2891 97 2946; x_wconf 74' lang='lat' dir='ltr'><strong>et</strong></span> <span class='ocrx_word' id='word_1_163' title='bbox 118 2890 179 2954; x_wconf 83' lang='lat' dir='ltr'><strong>alias</strong></span> <span class='ocrx_word' id='word_1_164' title='bbox 197 2895 272 2958; x_wconf 83' lang='lat' dir='ltr'><strong>ferae</strong></span> <span class='ocrx_word' id='word_1_165' title='bbox 293 2896 442 2975; x_wconf 87' lang='lat' dir='ltr'><strong>majores,</strong></span> <span class='ocrx_word' id='word_1_166' title='bbox 462 2895 625 2977; x_wconf 89' lang='lat' dir='ltr'><strong>prohiberi</strong></span> <span class='ocrx_word' id='word_1_167' title='bbox 652 2895 748 2958; x_wconf 88' lang='lat' dir='ltr'><strong>saeris</strong></span> <span class='ocrx_word' id='word_1_168' title='bbox 771 2895 948 2960; x_wconf 86' lang='lat' dir='ltr'><strong>canonibus¹</strong></span> <span class='ocrx_word' id='word_1_169' title='bbox 974 2893 1063 2975; x_wconf 87' lang='lat' dir='ltr'><strong>(Gap.</strong></span> 
     </span>
     <span class='ocr_line' id='line_1_27' title="bbox 76 2981 1066 3075; baseline 0.008 -29"><span class='ocrx_word' id='word_1_170' title='bbox 76 2981 247 3070; x_wconf 76' lang='lat' dir='ltr'><strong>Episcopum,</strong></span> <span class='ocrx_word' id='word_1_171' title='bbox 265 2993 294 3068; x_wconf 85' lang='lat' dir='ltr'><strong>l,</strong></span> <span class='ocrx_word' id='word_1_172' title='bbox 314 3010 352 3054; x_wconf 83' lang='lat' dir='ltr'><strong>na</strong></span> <span class='ocrx_word' id='word_1_173' title='bbox 368 2995 489 3057; x_wconf 75' lang='lat' dir='ltr'><strong>(inane.</strong></span> <span class='ocrx_word' id='word_1_174' title='bbox 510 2993 699 3075; x_wconf 78' lang='lat' dir='ltr'><strong>veracens);</strong></span> <span class='ocrx_word' id='word_1_175' title='bbox 719 2993 830 3058; x_wconf 88' lang='lat' dir='ltr'><strong>cedem</strong></span> <span class='ocrx_word' id='word_1_176' title='bbox 852 3012 945 3054; x_wconf 89' lang='lat' dir='ltr'><strong>sensu</strong></span> <span class='ocrx_word' id='word_1_177' title='bbox 970 2996 1066 3072; x_wconf 87' lang='lat' dir='ltr'><strong>caput</strong></span> 
     </span>
     <span class='ocr_line' id='line_1_28' title="bbox 76 3083 1066 3173; baseline 0.013 -35"><span class='ocrx_word' id='word_1_178' title='bbox 76 3083 247 3168; x_wconf 87' lang='lat' dir='ltr'><strong>subsequens</strong></span> <span class='ocrx_word' id='word_1_179' title='bbox 261 3090 404 3154; x_wconf 79' lang='lat' dir='ltr'><strong>Omnibus</strong></span> <span class='ocrx_word' id='word_1_180' title='bbox 416 3093 507 3156; x_wconf 82' lang='lat' dir='ltr'><strong>serer&#39;s</strong></span> <span class='ocrx_word' id='word_1_181' title='bbox 522 3091 588 3170; x_wconf 83' lang='lat' dir='ltr'><strong>Ilei,</strong></span> <span class='ocrx_word' id='word_1_182' title='bbox 605 3096 635 3171; x_wconf 78' lang='lat'><strong>2,</strong></span> <span class='ocrx_word' id='word_1_183' title='bbox 654 3093 805 3173; x_wconf 86' lang='lat' dir='ltr'><strong>prohibet</strong></span> <span class='ocrx_word' id='word_1_184' title='bbox 820 3111 861 3153; x_wconf 92' lang='lat' dir='ltr'><strong>ne</strong></span> <span class='ocrx_word' id='word_1_185' title='bbox 882 3091 987 3153; x_wconf 90' lang='lat' dir='ltr'><strong>clerici</strong></span> <span class='ocrx_word' id='word_1_186' title='bbox 1008 3108 1066 3169; x_wconf 90' lang='lat' dir='ltr'><strong>per</strong></span> 
     </span>
     <span class='ocr_line' id='line_1_29' title="bbox 76 3181 1066 3268; baseline 0.002 -22"><span class='ocrx_word' id='word_1_187' title='bbox 76 3181 158 3256; x_wconf 72' lang='lat' dir='ltr'><strong>sylvas</strong></span> <span class='ocrx_word' id='word_1_188' title='bbox 170 3194 327 3266; x_wconf 83' lang='lat' dir='ltr'><strong>vagentur</strong></span> <span class='ocrx_word' id='word_1_189' title='bbox 345 3209 418 3254; x_wconf 89' lang='lat' dir='ltr'><strong>cum</strong></span> <span class='ocrx_word' id='word_1_190' title='bbox 438 3189 569 3252; x_wconf 88' lang='lat' dir='ltr'><strong>canibus</strong></span> <span class='ocrx_word' id='word_1_191' title='bbox 583 3191 624 3252; x_wconf 91' lang='lat' dir='ltr'><strong>ad</strong></span> <span class='ocrx_word' id='word_1_192' title='bbox 642 3190 834 3266; x_wconf 85' lang='lat' dir='ltr'><strong>venandum,</strong></span> <span class='ocrx_word' id='word_1_193' title='bbox 849 3195 883 3252; x_wconf 88' lang='lat' dir='ltr'><strong>et</strong></span> <span class='ocrx_word' id='word_1_194' title='bbox 901 3187 1066 3268; x_wconf 87' lang='lat' dir='ltr'><strong>accipitres</strong></span> 
     </span>
     <span class='ocr_line' id='line_1_30' title="bbox 77 3282 578 3352; baseline 0.032 -16"><span class='ocrx_word' id='word_1_195' title='bbox 77 3291 116 3338; x_wconf 79' lang='lat' dir='ltr'><strong>sea</strong></span> <span class='ocrx_word' id='word_1_196' title='bbox 127 3282 260 3347; x_wconf 87' lang='lat' dir='ltr'><strong>falcones</strong></span> <span class='ocrx_word' id='word_1_197' title='bbox 273 3288 391 3350; x_wconf 87' lang='lat' dir='ltr'><strong>habere</strong></span> <span class='ocrx_word' id='word_1_198' title='bbox 405 3289 578 3352; x_wconf 87' lang='lat' dir='ltr'><strong>interdixit.</strong></span> 
     </span>
    </p>

    <p class='ocr_par' dir='ltr' id='par_1_9' title="bbox 38 3380 1085 3762">
     <span class='ocr_line' id='line_1_31' title="bbox 119 3380 1067 3466; baseline 0.006 -26"><span class='ocrx_word' id='word_1_199' title='bbox 119 3380 260 3460; x_wconf 86' lang='lat' dir='ltr'><strong>Peccaret</strong></span> <span class='ocrx_word' id='word_1_200' title='bbox 273 3386 370 3466; x_wconf 84' lang='lat' dir='ltr'><strong>igitur</strong></span> <span class='ocrx_word' id='word_1_201' title='bbox 380 3387 520 3466; x_wconf 80' lang='lat' dir='ltr'><strong>gnaviter</strong></span> <span class='ocrx_word' id='word_1_202' title='bbox 535 3387 667 3449; x_wconf 88' lang='lat' dir='ltr'><strong>clericus</strong></span> <span class='ocrx_word' id='word_1_203' title='bbox 681 3386 778 3448; x_wconf 89' lang='lat' dir='ltr'><strong>saeris</strong></span> <span class='ocrx_word' id='word_1_204' title='bbox 789 3385 954 3448; x_wconf 89' lang='lat' dir='ltr'><strong>ordinibus</strong></span> <span class='ocrx_word' id='word_1_205' title='bbox 963 3383 1067 3446; x_wconf 86' lang='lat' dir='ltr'><strong>initia·</strong></span> 
     </span>
     <span class='ocr_line' id='line_1_32' title="bbox 77 3475 1065 3570; baseline 0.011 -38"><span class='ocrx_word' id='word_1_206' title='bbox 77 3475 112 3535; x_wconf 90' lang='lat' dir='ltr'><strong>tus</strong></span> <span class='ocrx_word' id='word_1_207' title='bbox 122 3481 170 3557; x_wconf 84' lang='lat' dir='ltr'><strong>qui</strong></span> <span class='ocrx_word' id='word_1_208' title='bbox 182 3484 362 3563; x_wconf 84' lang='lat' dir='ltr'><strong>frequenter</strong></span> <span class='ocrx_word' id='word_1_209' title='bbox 375 3485 450 3548; x_wconf 90' lang='lat' dir='ltr'><strong>huie</strong></span> <span class='ocrx_word' id='word_1_210' title='bbox 461 3485 622 3570; x_wconf 73' lang='lat' dir='ltr'><strong>venationi</strong></span> <span class='ocrx_word' id='word_1_211' title='bbox 633 3489 771 3546; x_wconf 89' lang='lat' dir='ltr'><strong>vacaret.</strong></span> <span class='ocrx_word' id='word_1_212' title='bbox 789 3485 838 3544; x_wconf 90' lang='lat' dir='ltr'><strong>lta</strong></span> <span class='ocrx_word' id='word_1_213' title='bbox 851 3487 960 3544; x_wconf 86' lang='lat' dir='ltr'><strong>tenent</strong></span> <span class='ocrx_word' id='word_1_214' title='bbox 971 3501 1065 3544; x_wconf 85' lang='lat' dir='ltr'><strong>cane·</strong></span> 
     </span>
     <span class='ocr_line' id='line_1_33' title="bbox 78 3570 1068 3662; baseline 0.01 -32"><span class='ocrx_word' id='word_1_215' title='bbox 78 3570 157 3652; x_wconf 79' lang='lat' dir='ltr'><strong>ustae,</strong></span> <span class='ocrx_word' id='word_1_216' title='bbox 167 3585 197 3641; x_wconf 91' lang='lat' dir='ltr'><strong>et</strong></span> <span class='ocrx_word' id='word_1_217' title='bbox 209 3583 322 3644; x_wconf 90' lang='lat' dir='ltr'><strong>merito</strong></span> <span class='ocrx_word' id='word_1_218' title='bbox 337 3583 373 3644; x_wconf 87' lang='lat' dir='ltr'><strong>id·</strong></span> <span class='ocrx_word' id='word_1_219' title='bbox 385 3583 600 3646; x_wconf 91' lang='lat' dir='ltr'><strong>concludunte</strong></span> <span class='ocrx_word' id='word_1_220' title='bbox 610 3588 700 3644; x_wconf 83' lang='lat' dir='ltr'><strong>textu</strong></span> <span class='ocrx_word' id='word_1_221' title='bbox 708 3581 790 3662; x_wconf 89' lang='lat' dir='ltr'><strong>juris</strong></span> <span class='ocrx_word' id='word_1_222' title='bbox 801 3580 998 3662; x_wconf 73' lang='lat' dir='ltr'><strong>Episcopum,</strong></span> <span class='ocrx_word' id='word_1_223' title='bbox 1011 3577 1068 3658; x_wconf 86' lang='lat' dir='ltr'><strong>qui</strong></span> 
     </span>
     <span class='ocr_line' id='line_1_34' title="bbox 38 3677 1085 3762; baseline 0.006 -30"><span class='ocrx_word' id='word_1_224' title='bbox 38 3725 39 3756; x_wconf 68' lang='lat'><strong>,</strong></span> <span class='ocrx_word' id='word_1_225' title='bbox 78 3677 263 3742; x_wconf 77' lang='lat' dir='ltr'><strong>comminatur</strong></span> <span class='ocrx_word' id='word_1_226' title='bbox 280 3681 492 3762; x_wconf 89' lang='lat' dir='ltr'><strong>privationem</strong></span> <span class='ocrx_word' id='word_1_227' title='bbox 511 3701 531 3746; x_wconf 90' lang='lat' dir='ltr'><strong>a</strong></span> <span class='ocrx_word' id='word_1_228' title='bbox 550 3680 772 3744; x_wconf 88' lang='lat' dir='ltr'><strong>communione</strong></span> <span class='ocrx_word' id='word_1_229' title='bbox 786 3697 844 3760; x_wconf 92' lang='lat' dir='ltr'><strong>per</strong></span> <span class='ocrx_word' id='word_1_230' title='bbox 864 3684 927 3740; x_wconf 89' lang='lat' dir='ltr'><strong>tres</strong></span> <span class='ocrx_word' id='word_1_231' title='bbox 942 3687 1085 3740; x_wconf 85' lang='lat' dir='ltr'><strong>menses</strong></span> 
     </span>
    </p>
   </div>
   <div class='ocr_carea' id='block_1_8' title="bbox 0 0 1329 4260">
    <p class='ocr_par' dir='ltr' id='par_1_10' title="bbox 0 0 1329 4260">
     <span class='ocr_line' id='line_1_35' title="bbox 0 0 1329 4260; baseline 0 0"><span class='ocrx_word' id='word_1_232' title='bbox 0 0 1329 4260; x_wconf 95' lang='lat' dir='ltr'><strong> </strong></span> 
     </span>
    </p>
   </div>
  </div>
 </body>
</html>
