2582 4278
221 264 289 310 ΛΒΤ.
312 263 347 310 11.
370 265 607 312 udlvuaslrlrss
628 266 684 313 SEU
704 266 875 314 scandula.
1006 261 1055 315 109

52 397 103 438 nec
124 395 188 438 uuo
208 383 239 440 ct
261 379 373 439 eodem
394 378 488 440 modo
512 379 630 460 ubique
652 385 828 442 servantur.
855 383 1058 447 Communius

53 477 189 537 doctores
208 477 241 536 tc
265 475 413 557 theotoqia
437 476 547 538 sedent
571 483 643 540 ante
667 479 813 540 doctores
836 480 869 540 in
885 481 972 560 jure.
999 483 1058 555 Qui

53 573 187 653 pluribus
201 574 351 654 gradibus
365 575 589 653 insigniuntur,
603 576 675 638 illos
687 577 872 656 praecedunt
890 579 944 659 qui
958 599 1058 642 unum

52 673 199 734 duntaxat
220 672 340 734 habent
354 691 362 735 τ
378 673 462 734 unde
484 674 596 735 doctor
614 675 647 734 in
667 675 829 755 theologia
843 681 875 737 et
889 677 961 757 jure
976 697 1058 758 prae·

52 771 141 830 sertin
156 769 185 830 ei
200 770 255 849 qui
269 770 371 836 solam
385 771 528 833 lauream
543 770 757 850 theologalem
774 773 931 850 obtinuit;
947 775 1060 838 doctor

51 869 78 928 in
91 873 226 947 utroque
244 869 316 949 jure
338 869 506 948 praefertur
528 869 650 930 doctori
669 870 789 949 injure
810 871 963 934 canonico
978 872 1059 934 dun·

51 970 141 1026 taxat.
450 1025 454 1031 ,

102 1065 172 1125 379.
197 1099 238 1108 -
258 1066 304 1124 Ex
320 1063 483 1145 principiis
502 1065 613 1144 positis
628 1065 769 1144 sequitur
784 1066 951 1128 facultates
965 1069 1057 1130 theo-

50 1163 145 1242 logiae,
163 1182 183 1224 a
201 1163 354 1240 gubernio
375 1162 459 1224 civili
480 1163 654 1224 Galliarum
667 1165 700 1224 in
715 1161 923 1226 Universitate
944 1168 1060 1227 consti·

51 1267 138 1334 tutas,
164 1281 230 1322 non
253 1280 344 1340 posse
366 1262 429 1322 suis
451 1262 587 1323 alumnis
613 1263 753 1324 conferre
776 1263 895 1341 gradus
920 1265 975 1344 qui
995 1265 1060 1326 vim

52 1361 183 1420 babeant
208 1359 241 1420 in
264 1360 415 1436 lloclesia,
441 1360 597 1440 siquidem
621 1361 793 1423 auotoritas
822 1363 946 1423 Sanctae
971 1364 1060 1425 Sedis

52 1458 112 1520 illas
125 1459 315 1538 neutiquam
333 1459 537 1538 approbavit3
552 1458 616 1520 imo
631 1461 732 1520 multa
747 1464 831 1521 certe
846 1460 975 1521 obstant
986 1479 1062 1540 quo-

53 1557 146 1618 minus
169 1557 399 1637 approbentur,
421 1558 571 1637 quamdiu
592 1557 776 1620 immutatus
796 1577 860 1619 non
879 1559 976 1619 fuerit
989 1559 1060 1620 illa·

53 1674 114 1716 rum
128 1660 244 1719 status,
320 1717 323 1725 ,

102 1755 201 1815 Annis
223 1754 367 1833 proxime
390 1755 517 1835 elapsis,
542 1754 689 1834 Episcopi
708 1755 882 1816 Galliarum
906 1773 1062 1816 novorum

54 1853 263 1913 Institutorum
296 1852 503 1914 fundamenta
532 1871 650 1932 ponere
686 1854 891 1930 studuerunt,
917 1851 1059 1927 Parisiis,
1175 1843 1177 1846 ’

55 1949 220 2028 andegavi,
249 1949 362 2010 Insulis
385 1951 418 2009 in
443 1949 572 2011 dioecesi
601 1950 836 2023 Cameracensi,
861 1950 1009 2029 Lugduni
1032 1953 1063 2009 et

54 2047 177 2120 rolosae,
191 2066 262 2127 quae
278 2047 383 2108 locum
399 2052 544 2109 tenerent
559 2051 702 2108 veterum
716 2049 977 2109 Universitatum.
988 2049 1064 2109 llaec

55 2145 221 2206 tentamina
236 2146 267 2207 S.
289 2146 385 2207 Sedes
403 2145 601 2225 approbavit,
624 2151 656 2206 et
671 2145 770 2206 donee
785 2146 888 2206 forma
910 2145 1064 2206 canonica

55 2241 121 2304 data
137 2243 244 2318 fucrit,
261 2243 393 2304 indulsit
406 2249 441 2304 ut
455 2243 574 2324 primos
597 2244 714 2320 gradus
733 2243 931 2304 academicos
954 2242 1064 2302 candi·

56 2341 126 2401 datis
139 2343 282 2403 conferre
294 2341 416 2421 possint
430 2340 586 2421 Episcopi.
603 2340 784 2419 Optandum
798 2340 902 2414 valde,
915 2344 950 2400 ut
963 2355 1070 2399 remos

55 2437 88 2498 tis
101 2439 333 2519 impedimentis
352 2459 422 2518 quae
441 2440 604 2520 hucusque
624 2439 751 2500 obstant
765 2435 935 2518 quominus
952 2455 1062 2498 creen-

55 2541 100 2596 tur
120 2557 192 2599 oum
210 2538 357 2599 omnibus
368 2537 583 2612 facultatibus,
599 2537 826 2599 Universitates
842 2533 1006 2598 catholica
1024 2535 1064 2595 ad

57 2635 166 2698 lelicem
183 2637 303 2698 exitum
317 2637 444 2698 tandem
460 2637 684 2716 perducantur.
