2588 4276
208 229 261 286 260
546 236 620 286 PARS
638 237 670 284 ΙΙ.
692 236 880 286 assumens,

206 353 366 434 agendum
380 351 471 414 nobis
484 352 557 428 erit;
575 353 661 431 quod
671 352 713 414 ad
723 371 790 414 rem
802 355 993 432 praesentem
1007 349 1128 424 attinet,
1140 369 1211 414 con-

208 451 373 514 cludamus
402 451 480 512 duas
506 450 710 512 auctoritates
736 449 830 510 simul
856 449 1026 512 convenire
1048 449 1154 510 debere
1176 450 1213 510 in

208 549 400 612 admissione
414 548 594 628 puellarum
610 548 652 610 ad
669 547 814 609 habitum
835 546 1011 626 religionis,
1028 547 1212 626 Episcopum

109 721 111 726 s
208 651 240 710 ct
253 646 502 726 superiorissam.
521 645 694 726 Episcopus
713 644 956 725 superiorissam
976 663 1090 722 cogere
1110 645 1216 724 nequit

206 751 243 807 ut
260 745 392 824 recipiat
411 744 563 806 novitiam
580 761 588 804 ε
604 743 673 806 haec
687 743 772 804 enim
787 743 935 804 admissio
948 743 1019 804 fieri
1034 742 1127 804 debet
1145 759 1216 802 cum

206 842 303 922 plena
316 842 462 903 libertate
477 860 497 902 a
511 840 749 914 communitate,
764 840 888 918 collatis
903 840 1046 902 omnium
1061 839 1217 916 suffragiis

207 941 249 1002 ad
257 939 437 1018 regularum
449 939 685 1018 praescriptum3
698 936 1218 1018 nervicissirnsuperiorissaullam
1293 958 1294 963 ¹

207 1037 372 1100 admittere
398 1041 502 1116 potest
527 1036 679 1098 novitiam
694 1037 817 1116 absque
836 1035 955 1116 praevio
978 1034 1099 1114 judicio
1128 1033 1218 1114 Epis·

209 1134 292 1214 copi.
1291 1137 1292 1140 ’

268 1230 418 1310 Superior
427 1231 550 1291 nullum
561 1231 602 1292 ad
616 1230 804 1293 novitiatum
818 1229 941 1311 recipit,
953 1231 993 1291 de
1005 1228 1096 1309 cujus
1112 1229 1220 1290 condi-

148 1398 151 1404 ,
207 1329 303 1405 tione,
320 1329 482 1404 natalitiis
501 1317 653 1404 moribus,
670 1349 735 1392 non
747 1329 842 1391 fuerit
862 1327 1057 1390 sufficienter
1068 1328 1219 1388 informa-

207 1431 258 1488 tus
272 1428 300 1502 1;
325 1427 456 1506 insuper
477 1426 596 1489 habeat
625 1445 753 1489 necesse
781 1432 829 1488 est
848 1426 970 1488 litteras
995 1425 1221 1488 testimoniales

208 1525 356 1605 Episcopi
365 1523 495 1602 originis
511 1530 543 1585 et
557 1524 717 1602 domicilii,
733 1543 826 1586 sensu
838 1542 935 1604 supra
956 1523 1102 1602 exposito
1115 1542 1122 1600 ;
1140 1522 1221 1604 quod

184 1652 186 1656 ·
207 1621 356 1684 ultimum
366 1627 544 1682 tamennon
554 1621 726 1702 requiritur
734 1641 792 1702 pro
803 1621 1010 1686 conventibus
1023 1620 1217 1682 monialium.

208 1719 301 1782 Ratio
316 1719 577 1781 informationum
592 1724 641 1782 est
655 1720 830 1782 discernere
845 1739 887 1782 an
901 1719 1101 1800 postulantes
1118 1719 1220 1798 aliquo

216 1816 434 1896 mpedimento
448 1823 635 1894 teneantur;
653 1836 694 1878 an
711 1816 831 1879 scilicet
846 1822 1017 1895 graventur
1032 1835 1096 1877 aare
1110 1816 1222 1890 alieno,

209 1932 251 1976 an
274 1915 405 1976 obnoxii
427 1915 598 1976 ratiociniis
624 1915 803 1988 reddendis,
820 1933 861 1976 an
876 1913 1019 1994 inquisiti
1037 1914 1071 1974 in
1087 1914 1160 1975 foro
1175 1931 1224 1974 ex-

209 2016 317 2089 terno;
342 2031 383 2074 an
408 2012 536 2074 tandem
559 2012 657 2074 vitam
681 2011 862 2091 religiosam
881 2011 1036 2092 elegerint
1059 2031 1127 2073 non
1142 2030 1226 2072 muu-

213 2109 297 2170 dano
323 2095 455 2184 motivo,
479 2110 618 2189 impulsu
646 2115 825 2190 parentum,
853 2109 954 2171 aliave
980 2109 1077 2188 hujus
1104 2109 1227 2188 generis

209 2196 317 2281 causa,
334 2208 390 2269 sed
407 2226 465 2268 sua
485 2213 596 2287 sponte
622 2208 662 2268 ad
680 2210 746 2270 Deo
762 2206 972 2268 serviendum.
988 2208 1057 2267 Non
1075 2225 1161 2287 opus
1185 2211 1227 2270 est

128 2340 131 2346 -
205 2304 344 2384 juridica
357 2304 560 2384 inquisitione
575 2309 610 2391 ut
622 2303 691 2366 haec
702 2305 831 2366 veniant
843 2304 876 2364 in
886 2304 1032 2365 notitiam
1041 2304 1224 2384 superioris,

209 2402 265 2463 sed
284 2401 420 2482 simplici
440 2402 664 2463 informatione
687 2419 759 2481 qum
780 2403 922 2482 praebeat
946 2401 1059 2462 saltem
1082 2401 1224 2462 rationa-

207 2498 305 2560 bilem
317 2499 608 2578 praesumptionem,
623 2498 755 2560 arbitrio
769 2498 830 2560 viri
843 2498 1023 2578 prudentis;
1040 2499 1130 2578 quod
1143 2499 1226 2560 enim

207 2596 333 2674 praeviis
345 2595 603 2676 inquisitionibus
618 2597 764 2672 defuerit,
782 2597 932 2678 supplent
948 2596 1156 2676 probationes
1170 2615 1227 2658 no-

208 2692 349 2754 vitiatus.
786 2771 790 2779 Ι

269 2791 307 2851 ΙΙ.
324 2792 400 2854 Jura
410 2811 474 2852 non
489 2792 700 2854 determinant
714 2796 841 2854 aetatem
855 2792 1040 2872 requisitam
1058 2810 1118 2872 pro
1138 2791 1228 2854 novi·

212 2887 311 2963 tiatu;
328 2888 444 2950 rationi
454 2895 702 2952 consentaneum
717 2894 765 2951 est
776 2889 912 2954 novitios
934 2908 972 2952 ea
992 2894 1086 2952 aetate
1099 2889 1228 2952 admitti

258 3085 282 3134 t.
317 3084 343 3136 S.
360 3085 541 3149 ’Congregatio
563 3100 641 3150 super
661 3089 732 3136 statu
753 3085 921 3150 lteqaluricm
942 3085 1034 3148 edidit,
1052 3087 1096 3138 die
1116 3089 1148 3138 28
1165 3087 1214 3151 jan

158 3159 165 3168 ‘
211 3173 256 3211 an.
270 3161 339 3220 rata,
349 3160 429 3225 jussu
445 3161 485 3210 Pii
499 3161 543 3230 IX,
554 3161 689 3212 decretum
705 3161 737 3210 de
751 3161 905 3224 receptione
922 3162 1088 3212 novitiorum
1103 3163 1137 3213 ad
1151 3163 1224 3214 habi.

210 3239 270 3286 tum
284 3240 310 3286 et
323 3235 525 3299 professionem,
534 3249 588 3300 quo
602 3237 814 3286 determinantur
833 3235 933 3300 regule
949 3237 1095 3299 servande,
1110 3242 1137 3290 et
1153 3252 1225 3288 scru-

211 3311 279 3362 tinia
291 3311 423 3380 facienda,
436 3312 469 3361 ab
490 3313 616 3366 omnibus
633 3311 816 3375 superioribus
838 3312 1032 3376 cujuscumque
1054 3313 1158 3364 ordinis
1177 3328 1225 3366 sen

211 3388 434 3452 congregationis,
450 3389 545 3439 sivein
565 3388 598 3438 iis
610 3387 767 3438 emittantur
779 3391 841 3440 vota
858 3388 998 3448 solemnia,
1011 3389 1068 3440 sive
1081 3390 1223 3454 simplicis,

210 3466 241 3512 ut
258 3465 329 3513 certo
349 3467 452 3514 constet
470 3464 503 3513 de
520 3463 693 3527 qualitatibus
717 3462 955 3530 admittendorum,
968 3471 1027 3517 tum
1044 3464 1078 3516 ad
1099 3465 1224 3517 habitum

209 3551 258 3602 pro
271 3539 413 3600 novitiatu,
427 3542 496 3600 tum,
507 3542 614 3602 peracto
627 3539 769 3600 novitiatu,
785 3540 819 3590 ad
828 3541 1031 3603 professionem.
1045 3540 1116 3591 Illud
1131 3542 1222 3592 decre·

210 3617 269 3662 tum
281 3626 342 3662 cum
352 3615 432 3664 variis
445 3614 668 3664 declarationibus
678 3613 748 3665 datis
758 3629 774 3664 a
786 3616 812 3666 S.
825 3616 852 3666 C.
863 3630 897 3666 ex
908 3617 1013 3680 integro
1025 3617 1142 3669 refertur
1153 3619 1223 3683 apud

211 3687 334 3749 Btzrarri,
350 3689 521 3751 Colleetanea,
533 3703 594 3754 pag.
607 3691 653 3740 884
668 3690 701 3740 ad
716 3692 771 3740 899.
