<?xml version="1.0" encoding="UTF-8"?>
<!DOCTYPE html PUBLIC "-//W3C//DTD XHTML 1.0 Transitional//EN"
    "http://www.w3.org/TR/xhtml1/DTD/xhtml1-transitional.dtd">
<html xmlns="http://www.w3.org/1999/xhtml" xml:lang="en" lang="en">
 <head>
  <title>
</title>
<meta http-equiv="Content-Type" content="text/html;charset=utf-8" />
  <meta name='ocr-system' content='tesseract 3.04.00' />
  <meta name='ocr-capabilities' content='ocr_page ocr_carea ocr_par ocr_line ocrx_word'/>
</head>
<body>
  <div class='ocr_page' id='page_1' title='image "./praelectionesju00murrgoog_0347.png"; bbox 0 0 2568 4272; ppageno 0'>
   <div class='ocr_carea' id='block_1_1' title="bbox 194 272 870 352">
    <p class='ocr_par' dir='ltr' id='par_1_1' title="bbox 194 272 870 352">
     <span class='ocr_line' id='line_1_1' title="bbox 194 272 870 352; baseline 0 -26"><span class='ocrx_word' id='word_1_1' title='bbox 194 272 249 327; x_wconf 75' lang='lat'><strong>334</strong></span> <span class='ocrx_word' id='word_1_2' title='bbox 414 347 417 352; x_wconf 21' lang='grc' dir='ltr'>Ι</span> <span class='ocrx_word' id='word_1_3' title='bbox 530 279 605 329; x_wconf 80' lang='lat' dir='ltr'><strong>rans</strong></span> <span class='ocrx_word' id='word_1_4' title='bbox 625 281 660 328; x_wconf 90' lang='lat'><strong>11.</strong></span> <span class='ocrx_word' id='word_1_5' title='bbox 682 281 870 329; x_wconf 75' lang='lat' dir='ltr'><strong>accurram.</strong></span> 
     </span>
    </p>
   </div>
   <div class='ocr_carea' id='block_1_2' title="bbox 102 391 1272 1180">
    <p class='ocr_par' dir='ltr' id='par_1_2' title="bbox 102 391 1272 1180">
     <span class='ocr_line' id='line_1_2' title="bbox 194 391 1214 468; baseline -0.007 -12"><span class='ocrx_word' id='word_1_6' title='bbox 194 401 262 456; x_wconf 93' lang='lat' dir='ltr'><strong>tum</strong></span> <span class='ocrx_word' id='word_1_7' title='bbox 278 397 318 456; x_wconf 93' lang='lat' dir='ltr'><strong>ad</strong></span> <span class='ocrx_word' id='word_1_8' title='bbox 335 397 367 458; x_wconf 91' lang='lat' dir='ltr'><strong>id</strong></span> <span class='ocrx_word' id='word_1_9' title='bbox 382 396 521 458; x_wconf 84' lang='lat' dir='ltr'><strong>officium</strong></span> <span class='ocrx_word' id='word_1_10' title='bbox 535 396 723 460; x_wconf 90' lang='lat' dir='ltr'><strong>idoneorum</strong></span> <span class='ocrx_word' id='word_1_11' title='bbox 738 396 959 468; x_wconf 85' lang='lat' dir='ltr'><strong>sufficientem,</strong></span> <span class='ocrx_word' id='word_1_12' title='bbox 979 399 1015 454; x_wconf 92' lang='lat' dir='ltr'><strong>ut</strong></span> <span class='ocrx_word' id='word_1_13' title='bbox 1034 391 1119 452; x_wconf 90' lang='lat' dir='ltr'><strong>alios</strong></span> <span class='ocrx_word' id='word_1_14' title='bbox 1138 405 1214 450; x_wconf 90' lang='lat' dir='ltr'><strong>con·</strong></span> 
     </span>
     <span class='ocr_line' id='line_1_3' title="bbox 193 489 1214 574; baseline -0.007 -21"><span class='ocrx_word' id='word_1_15' title='bbox 193 494 339 556; x_wconf 89' lang='lat' dir='ltr'><strong>fessarios</strong></span> <span class='ocrx_word' id='word_1_16' title='bbox 352 495 422 556; x_wconf 91' lang='lat' dir='ltr'><strong>loco</strong></span> <span class='ocrx_word' id='word_1_17' title='bbox 442 495 584 574; x_wconf 77' lang='lat' dir='ltr'>priorum</span> <span class='ocrx_word' id='word_1_18' title='bbox 604 495 796 556; x_wconf 73' lang='lat' dir='ltr'><strong>substituant</strong></span> <span class='ocrx_word' id='word_1_19' title='bbox 813 497 973 556; x_wconf 87' lang='lat' dir='ltr'><strong>transacto</strong></span> <span class='ocrx_word' id='word_1_20' title='bbox 984 489 1146 574; x_wconf 83' lang='lat' dir='ltr'><strong>triennio,</strong></span> <span class='ocrx_word' id='word_1_21' title='bbox 1163 504 1214 546; x_wconf 92' lang='lat' dir='ltr'><strong>ra·</strong></span> 
     </span>
     <span class='ocr_line' id='line_1_4' title="bbox 192 583 1217 673; baseline -0.008 -21"><span class='ocrx_word' id='word_1_22' title='bbox 192 592 399 654; x_wconf 87' lang='lat' dir='ltr'><strong>tionehabita</strong></span> <span class='ocrx_word' id='word_1_23' title='bbox 408 593 601 654; x_wconf 89' lang='lat' dir='ltr'><strong>necessitatis</strong></span> <span class='ocrx_word' id='word_1_24' title='bbox 609 599 789 673; x_wconf 90' lang='lat' dir='ltr'><strong>temporum</strong></span> <span class='ocrx_word' id='word_1_25' title='bbox 800 599 831 654; x_wconf 91' lang='lat' dir='ltr'><strong>et</strong></span> <span class='ocrx_word' id='word_1_26' title='bbox 841 611 913 654; x_wconf 92' lang='lat' dir='ltr'><strong>cum</strong></span> <span class='ocrx_word' id='word_1_27' title='bbox 921 608 1051 652; x_wconf 86' lang='lat' dir='ltr'><strong>assensu</strong></span> <span class='ocrx_word' id='word_1_28' title='bbox 1059 590 1093 650; x_wconf 88' lang='lat' dir='ltr'><strong>S.</strong></span> <span class='ocrx_word' id='word_1_29' title='bbox 1110 583 1217 659; x_wconf 88' lang='lat' dir='ltr'><strong>Sedis,</strong></span> 
     </span>
     <span class='ocr_line' id='line_1_5' title="bbox 102 687 1216 770; baseline -0.008 -19"><span class='ocrx_word' id='word_1_30' title='bbox 102 749 109 768; x_wconf 56' lang='grc'><strong>,</strong></span> <span class='ocrx_word' id='word_1_31' title='bbox 139 715 140 718; x_wconf 47' lang='grc'><strong>“</strong></span> <span class='ocrx_word' id='word_1_32' title='bbox 193 689 314 767; x_wconf 84' lang='lat' dir='ltr'><strong>eligunt</strong></span> <span class='ocrx_word' id='word_1_33' title='bbox 325 690 358 750; x_wconf 90' lang='lat' dir='ltr'><strong>in</strong></span> <span class='ocrx_word' id='word_1_34' title='bbox 378 691 582 752; x_wconf 88' lang='lat' dir='ltr'><strong>confessarios</strong></span> <span class='ocrx_word' id='word_1_35' title='bbox 597 691 783 752; x_wconf 88' lang='lat' dir='ltr'><strong>monialium</strong></span> <span class='ocrx_word' id='word_1_36' title='bbox 796 709 876 770; x_wconf 90' lang='lat' dir='ltr'><strong>quos</strong></span> <span class='ocrx_word' id='word_1_37' title='bbox 890 688 992 767; x_wconf 84' lang='lat' dir='ltr'><strong>magis</strong></span> <span class='ocrx_word' id='word_1_38' title='bbox 1004 687 1146 748; x_wconf 89' lang='lat' dir='ltr'><strong>idoneos</strong></span> <span class='ocrx_word' id='word_1_39' title='bbox 1163 701 1216 744; x_wconf 93' lang='lat' dir='ltr'><strong>co-</strong></span> 
     </span>
     <span class='ocr_line' id='line_1_6' title="bbox 192 781 1214 868; baseline -0.005 -22"><span class='ocrx_word' id='word_1_40' title='bbox 192 791 358 864; x_wconf 84' lang='lat' dir='ltr'><strong>gnoscunt,</strong></span> <span class='ocrx_word' id='word_1_41' title='bbox 375 788 517 868; x_wconf 91' lang='lat' dir='ltr'><strong>illudque</strong></span> <span class='ocrx_word' id='word_1_42' title='bbox 532 789 613 848; x_wconf 88' lang='lat' dir='ltr'><strong>tanti</strong></span> <span class='ocrx_word' id='word_1_43' title='bbox 627 789 779 849; x_wconf 86' lang='lat' dir='ltr'><strong>momenti</strong></span> <span class='ocrx_word' id='word_1_44' title='bbox 792 788 932 848; x_wconf 87' lang='lat' dir='ltr'><strong>cilicium</strong></span> <span class='ocrx_word' id='word_1_45' title='bbox 946 785 1071 846; x_wconf 90' lang='lat' dir='ltr'><strong>tamdiu</strong></span> <span class='ocrx_word' id='word_1_46' title='bbox 1088 781 1214 844; x_wconf 87' lang='lat' dir='ltr'><strong>eisdem</strong></span> 
     </span>
     <span class='ocr_line' id='line_1_7' title="bbox 191 882 1214 966; baseline -0.004 -22"><span class='ocrx_word' id='word_1_47' title='bbox 191 892 376 964; x_wconf 78' lang='lat' dir='ltr'><strong>prorogant,</strong></span> <span class='ocrx_word' id='word_1_48' title='bbox 397 887 548 966; x_wconf 80' lang='lat' dir='ltr'><strong>quamdiu</strong></span> <span class='ocrx_word' id='word_1_49' title='bbox 566 887 598 950; x_wconf 90' lang='lat' dir='ltr'><strong>in</strong></span> <span class='ocrx_word' id='word_1_50' title='bbox 620 887 754 948; x_wconf 83' lang='lat' dir='ltr'><strong>Domino</strong></span> <span class='ocrx_word' id='word_1_51' title='bbox 775 891 990 966; x_wconf 87' lang='lat' dir='ltr'><strong>opportunum</strong></span> <span class='ocrx_word' id='word_1_52' title='bbox 1009 882 1214 944; x_wconf 87' lang='lat' dir='ltr'><strong>existimant.</strong></span> 
     </span>
     <span class='ocr_line' id='line_1_8' title="bbox 191 977 1214 1072; baseline -0.006 -28"><span class='ocrx_word' id='word_1_53' title='bbox 191 983 365 1044; x_wconf 83' lang='lat' dir='ltr'><strong>Concilium</strong></span> <span class='ocrx_word' id='word_1_54' title='bbox 377 983 605 1058; x_wconf 88' lang='lat' dir='ltr'><strong>Avenionense,</strong></span> <span class='ocrx_word' id='word_1_55' title='bbox 616 1005 668 1046; x_wconf 90' lang='lat' dir='ltr'><strong>an.</strong></span> <span class='ocrx_word' id='word_1_56' title='bbox 682 986 771 1059; x_wconf 68' lang='lat'><strong>1849,</strong></span> <span class='ocrx_word' id='word_1_57' title='bbox 789 985 949 1072; x_wconf 89' lang='lat' dir='ltr'><strong>decretum</strong></span> <span class='ocrx_word' id='word_1_58' title='bbox 962 981 1061 1044; x_wconf 82' lang='lat' dir='ltr'><strong>edidit</strong></span> <span class='ocrx_word' id='word_1_59' title='bbox 1078 997 1149 1058; x_wconf 86' lang='lat' dir='ltr'><strong>quo</strong></span> <span class='ocrx_word' id='word_1_60' title='bbox 1164 977 1214 1038; x_wconf 90' lang='lat' dir='ltr'><strong>in·</strong></span> 
     </span>
     <span class='ocr_line' id='line_1_9' title="bbox 190 1070 1272 1180; baseline -0.005 -39"><span class='ocrx_word' id='word_1_61' title='bbox 190 1081 334 1142; x_wconf 88' lang='lat' dir='ltr'><strong>sinuatur</strong></span> <span class='ocrx_word' id='word_1_62' title='bbox 348 1082 380 1142; x_wconf 93' lang='lat' dir='ltr'><strong>id</strong></span> <span class='ocrx_word' id='word_1_63' title='bbox 404 1083 560 1143; x_wconf 82' lang='lat' dir='ltr'><strong>committi</strong></span> <span class='ocrx_word' id='word_1_64' title='bbox 574 1085 752 1162; x_wconf 78' lang='lat' dir='ltr'><strong>prudentia</strong></span> <span class='ocrx_word' id='word_1_65' title='bbox 769 1070 1024 1162; x_wconf 81' lang='lat' dir='ltr'><strong>Episcoporum:</strong></span> <span class='ocrx_word' id='word_1_66' title='bbox 1044 1103 1060 1136; x_wconf 75' lang='lat' dir='ltr'><strong>a</strong></span> <span class='ocrx_word' id='word_1_67' title='bbox 1077 1077 1122 1140; x_wconf 83' lang='lat' dir='ltr'><strong>Si</strong></span> <span class='ocrx_word' id='word_1_68' title='bbox 1138 1095 1215 1136; x_wconf 83' lang='lat' dir='ltr'><strong>cora·</strong></span> <span class='ocrx_word' id='word_1_69' title='bbox 1271 1161 1272 1180; x_wconf 13' lang='grc' dir='ltr'><strong>Χ</strong></span> 
     </span>
    </p>
   </div>
   <div class='ocr_carea' id='block_1_3' title="bbox 94 1171 1211 1260">
    <p class='ocr_par' dir='ltr' id='par_1_3' title="bbox 94 1171 1211 1260">
     <span class='ocr_line' id='line_1_10' title="bbox 94 1171 1211 1260; baseline -0.004 -22"><span class='ocrx_word' id='word_1_70' title='bbox 94 1171 97 1187; x_wconf 87' lang='grc'><strong>’</strong></span> <span class='ocrx_word' id='word_1_71' title='bbox 193 1201 208 1232; x_wconf 78' lang='grc' dir='ltr'><strong>ι(</strong></span> <span class='ocrx_word' id='word_1_72' title='bbox 222 1179 308 1240; x_wconf 86' lang='lat' dir='ltr'><strong>mode</strong></span> <span class='ocrx_word' id='word_1_73' title='bbox 320 1179 394 1260; x_wconf 79' lang='lat' dir='ltr'><strong>fieri</strong></span> <span class='ocrx_word' id='word_1_74' title='bbox 408 1190 516 1260; x_wconf 82' lang='lat' dir='ltr'><strong>potest,</strong></span> <span class='ocrx_word' id='word_1_75' title='bbox 537 1181 717 1243; x_wconf 86' lang='lat' dir='ltr'><strong>ordinarius</strong></span> <span class='ocrx_word' id='word_1_76' title='bbox 739 1180 949 1242; x_wconf 85' lang='lat' dir='ltr'><strong>confessarius</strong></span> <span class='ocrx_word' id='word_1_77' title='bbox 966 1178 1007 1238; x_wconf 90' lang='lat' dir='ltr'><strong>ad</strong></span> <span class='ocrx_word' id='word_1_78' title='bbox 1029 1175 1211 1239; x_wconf 80' lang='lat' dir='ltr'><strong>triennium</strong></span> 
     </span>
    </p>
   </div>
   <div class='ocr_carea' id='block_1_4' title="bbox 191 1272 1272 1457">
    <p class='ocr_par' dir='ltr' id='par_1_4' title="bbox 191 1272 1272 1457">
     <span class='ocr_line' id='line_1_11' title="bbox 191 1272 1272 1377; baseline 0 -45"><span class='ocrx_word' id='word_1_79' title='bbox 191 1299 208 1332; x_wconf 76' lang='lat' dir='ltr'><strong>a</strong></span> <span class='ocrx_word' id='word_1_80' title='bbox 223 1281 348 1338; x_wconf 87' lang='lat' dir='ltr'><strong>tantum</strong></span> <span class='ocrx_word' id='word_1_81' title='bbox 362 1279 562 1357; x_wconf 78' lang='lat' dir='ltr'><strong>approbatur</strong></span> <span class='ocrx_word' id='word_1_82' title='bbox 575 1296 633 1358; x_wconf 91' lang='lat' dir='ltr'><strong>pro</strong></span> <span class='ocrx_word' id='word_1_83' title='bbox 645 1280 759 1340; x_wconf 88' lang='lat' dir='ltr'><strong>eodem</strong></span> <span class='ocrx_word' id='word_1_84' title='bbox 774 1277 978 1351; x_wconf 87' lang='lat' dir='ltr'><strong>monasterio,</strong></span> <span class='ocrx_word' id='word_1_85' title='bbox 995 1273 1106 1337; x_wconf 84' lang='lat' dir='ltr'><strong>saltem</strong></span> <span class='ocrx_word' id='word_1_86' title='bbox 1122 1272 1212 1334; x_wconf 89' lang='lat' dir='ltr'><strong>clau·</strong></span> <span class='ocrx_word' id='word_1_87' title='bbox 1271 1363 1272 1377; x_wconf 11' lang='grc' dir='ltr'>χ</span> 
     </span>
     <span class='ocr_line' id='line_1_12' title="bbox 191 1375 834 1457; baseline 0.011 -27"><span class='ocrx_word' id='word_1_88' title='bbox 191 1395 206 1429; x_wconf 85' lang='grc'>«</span> <span class='ocrx_word' id='word_1_89' title='bbox 224 1393 305 1436; x_wconf 83' lang='lat' dir='ltr'><strong>surae</strong></span> <span class='ocrx_word' id='word_1_90' title='bbox 320 1375 474 1454; x_wconf 89' lang='lat' dir='ltr'><strong>subjecto.</strong></span> <span class='ocrx_word' id='word_1_91' title='bbox 492 1399 508 1432; x_wconf 79' lang='lat' dir='ltr'><strong>a</strong></span> <span class='ocrx_word' id='word_1_92' title='bbox 527 1377 599 1457; x_wconf 80' lang='lat' dir='ltr'><strong>(rit.</strong></span> <span class='ocrx_word' id='word_1_93' title='bbox 617 1377 682 1439; x_wconf 87' lang='lat' dir='ltr'><strong>Vll.</strong></span> <span class='ocrx_word' id='word_1_94' title='bbox 700 1395 770 1456; x_wconf 87' lang='lat' dir='ltr'><strong>cap.</strong></span> <span class='ocrx_word' id='word_1_95' title='bbox 788 1376 834 1456; x_wconf 78' lang='lat' dir='ltr'><strong>n.)</strong></span> 
     </span>
    </p>
   </div>
   <div class='ocr_carea' id='block_1_5' title="bbox 105 1545 1106 1617">
    <p class='ocr_par' dir='ltr' id='par_1_5' title="bbox 105 1545 1106 1617">
     <span class='ocr_line' id='line_1_13' title="bbox 105 1545 1106 1617; baseline -0.001 -7"><span class='ocrx_word' id='word_1_96' title='bbox 105 1545 108 1556; x_wconf 83' lang='grc'><em>“</em></span> <span class='ocrx_word' id='word_1_97' title='bbox 286 1551 456 1612; x_wconf 80' lang='lat' dir='ltr'><strong>Anrrcunus</strong></span> <span class='ocrx_word' id='word_1_98' title='bbox 477 1567 540 1617; x_wconf 80' lang='lat' dir='ltr'><strong>uua.</strong></span> <span class='ocrx_word' id='word_1_99' title='bbox 563 1585 603 1596; x_wconf 92' lang='lat'><strong>·-</strong></span> <span class='ocrx_word' id='word_1_100' title='bbox 623 1555 669 1615; x_wconf 83' lang='lat' dir='ltr'><strong>Da</strong></span> <span class='ocrx_word' id='word_1_101' title='bbox 689 1553 873 1616; x_wconf 78' lang='lat' dir='ltr'><strong>varnsaus</strong></span> <span class='ocrx_word' id='word_1_102' title='bbox 895 1565 1106 1616; x_wconf 70' lang='lat' dir='ltr'><strong>abaciacum.</strong></span> 
     </span>
    </p>
   </div>
   <div class='ocr_carea' id='block_1_6' title="bbox 183 1713 1272 2288">
    <p class='ocr_par' dir='ltr' id='par_1_6' title="bbox 183 1713 1272 2288">
     <span class='ocr_line' id='line_1_14' title="bbox 247 1713 1272 1796; baseline -0.002 -22"><span class='ocrx_word' id='word_1_103' title='bbox 247 1713 400 1775; x_wconf 78' lang='lat'>501.-1.</span> <span class='ocrx_word' id='word_1_104' title='bbox 413 1713 585 1794; x_wconf 85' lang='lat' dir='ltr'><strong>Regulares</strong></span> <span class='ocrx_word' id='word_1_105' title='bbox 600 1717 693 1796; x_wconf 90' lang='lat' dir='ltr'><strong>plura</strong></span> <span class='ocrx_word' id='word_1_106' title='bbox 702 1717 869 1796; x_wconf 82' lang='lat' dir='ltr'><strong>privilegia</strong></span> <span class='ocrx_word' id='word_1_107' title='bbox 880 1715 1014 1777; x_wconf 80' lang='lat' dir='ltr'><strong>assecuti</strong></span> <span class='ocrx_word' id='word_1_108' title='bbox 1025 1719 1114 1786; x_wconf 91' lang='lat' dir='ltr'><strong>sunt,</strong></span> <span class='ocrx_word' id='word_1_109' title='bbox 1128 1729 1206 1792; x_wconf 84' lang='lat' dir='ltr'><strong>prae·</strong></span> <span class='ocrx_word' id='word_1_110' title='bbox 1271 1786 1272 1793; x_wconf 8' lang='grc' dir='ltr'>ἵ</span> 
     </span>
     <span class='ocr_line' id='line_1_15' title="bbox 188 1809 1202 1892; baseline -0.002 -22"><span class='ocrx_word' id='word_1_111' title='bbox 188 1815 236 1870; x_wconf 90' lang='lat' dir='ltr'><strong>ter</strong></span> <span class='ocrx_word' id='word_1_112' title='bbox 253 1813 485 1892; x_wconf 82' lang='lat' dir='ltr'><strong>exemptionem</strong></span> <span class='ocrx_word' id='word_1_113' title='bbox 506 1833 524 1876; x_wconf 91' lang='lat' dir='ltr'><strong>a</strong></span> <span class='ocrx_word' id='word_1_114' title='bbox 539 1813 759 1892; x_wconf 86' lang='lat' dir='ltr'><strong>jurisdictione</strong></span> <span class='ocrx_word' id='word_1_115' title='bbox 775 1809 936 1876; x_wconf 80' lang='lat' dir='ltr'><strong>ordinaria</strong></span> <span class='ocrx_word' id='word_1_116' title='bbox 957 1812 1202 1892; x_wconf 81' lang='lat' dir='ltr'><strong>Episcoporum,</strong></span> 
     </span>
     <span class='ocr_line' id='line_1_16' title="bbox 187 1905 1272 1994; baseline 0 -27"><span class='ocrx_word' id='word_1_117' title='bbox 187 1905 315 1988; x_wconf 76' lang='lat' dir='ltr'><strong>de&#39;qua</strong></span> <span class='ocrx_word' id='word_1_118' title='bbox 339 1929 413 1971; x_wconf 84' lang='lat' dir='ltr'><strong>mox</strong></span> <span class='ocrx_word' id='word_1_119' title='bbox 435 1911 628 1974; x_wconf 87' lang='lat' dir='ltr'><strong>dicebamus.</strong></span> <span class='ocrx_word' id='word_1_120' title='bbox 655 1915 728 1974; x_wconf 85' lang='lat' dir='ltr'><strong>Haec</strong></span> <span class='ocrx_word' id='word_1_121' title='bbox 752 1911 918 1994; x_wconf 80' lang='lat' dir='ltr'><strong>privilegia</strong></span> <span class='ocrx_word' id='word_1_122' title='bbox 940 1910 1150 1972; x_wconf 89' lang='lat' dir='ltr'><strong>continentur</strong></span> <span class='ocrx_word' id='word_1_123' title='bbox 1172 1907 1203 1966; x_wconf 90' lang='lat' dir='ltr'><strong>in</strong></span> <span class='ocrx_word' id='word_1_124' title='bbox 1271 1908 1272 1985; x_wconf 77' lang='lat' dir='ltr'><strong>l</strong></span> 
     </span>
     <span class='ocr_line' id='line_1_17' title="bbox 184 2004 1203 2090; baseline 0.002 -26"><span class='ocrx_word' id='word_1_125' title='bbox 184 2005 328 2084; x_wconf 92' lang='lat' dir='ltr'><strong>pluribus</strong></span> <span class='ocrx_word' id='word_1_126' title='bbox 344 2009 620 2072; x_wconf 87' lang='lat' dir='ltr'><strong>constitutionibus</strong></span> <span class='ocrx_word' id='word_1_127' title='bbox 631 2029 709 2090; x_wconf 89' lang='lat' dir='ltr'><strong>quas</strong></span> <span class='ocrx_word' id='word_1_128' title='bbox 718 2010 879 2088; x_wconf 83' lang='lat' dir='ltr'><strong>regulares</strong></span> <span class='ocrx_word' id='word_1_129' title='bbox 890 2004 976 2070; x_wconf 81' lang='lat' dir='ltr'><strong>More</strong></span> <span class='ocrx_word' id='word_1_130' title='bbox 985 2027 1135 2088; x_wconf 72' lang='lat' dir='ltr'><strong>acapnum</strong></span> <span class='ocrx_word' id='word_1_131' title='bbox 1147 2023 1203 2066; x_wconf 91' lang='lat' dir='ltr'><strong>no-</strong></span> 
     </span>
     <span class='ocr_line' id='line_1_18' title="bbox 185 2102 1203 2186; baseline 0 -24"><span class='ocrx_word' id='word_1_132' title='bbox 185 2103 317 2180; x_wconf 89' lang='lat' dir='ltr'><strong>minant,</strong></span> <span class='ocrx_word' id='word_1_133' title='bbox 334 2107 511 2183; x_wconf 76' lang='lat' dir='ltr'><strong>prasertim</strong></span> <span class='ocrx_word' id='word_1_134' title='bbox 525 2107 558 2167; x_wconf 92' lang='lat' dir='ltr'><strong>in</strong></span> <span class='ocrx_word' id='word_1_135' title='bbox 574 2107 663 2170; x_wconf 90' lang='lat' dir='ltr'><strong>Bulla</strong></span> <span class='ocrx_word' id='word_1_136' title='bbox 678 2107 758 2168; x_wconf 80' lang='lat' dir='ltr'><strong>Sinti</strong></span> <span class='ocrx_word' id='word_1_137' title='bbox 776 2110 827 2182; x_wconf 89' lang='lat' dir='ltr'><strong>IV,</strong></span> <span class='ocrx_word' id='word_1_138' title='bbox 849 2105 1004 2186; x_wconf 75' lang='lat' dir='ltr'><strong>Reqimeicz&#39;</strong></span> <span class='ocrx_word' id='word_1_139' title='bbox 1020 2102 1203 2166; x_wconf 80' lang='lat' dir='ltr'><strong>aniversalis</strong></span> 
     </span>
     <span class='ocr_line' id='line_1_19' title="bbox 183 2199 1199 2288; baseline 0 -26"><span class='ocrx_word' id='word_1_140' title='bbox 183 2199 338 2280; x_wconf 78' lang='lat' dir='ltr'><strong>Ecclesiae,</strong></span> <span class='ocrx_word' id='word_1_141' title='bbox 356 2223 439 2266; x_wconf 88' lang='lat' dir='ltr'><strong>anno</strong></span> <span class='ocrx_word' id='word_1_142' title='bbox 459 2207 537 2266; x_wconf 71' lang='lat'><strong>1474</strong></span> <span class='ocrx_word' id='word_1_143' title='bbox 552 2207 636 2268; x_wconf 88' lang='lat' dir='ltr'><strong>edita</strong></span> <span class='ocrx_word' id='word_1_144' title='bbox 656 2207 679 2283; x_wconf 90' lang='lat'><strong>¹,</strong></span> <span class='ocrx_word' id='word_1_145' title='bbox 699 2213 730 2268; x_wconf 92' lang='lat' dir='ltr'><strong>et</strong></span> <span class='ocrx_word' id='word_1_146' title='bbox 743 2205 777 2266; x_wconf 89' lang='lat' dir='ltr'><strong>in</strong></span> <span class='ocrx_word' id='word_1_147' title='bbox 794 2204 924 2288; x_wconf 88' lang='lat' dir='ltr'><strong>indultis</strong></span> <span class='ocrx_word' id='word_1_148' title='bbox 945 2203 1132 2285; x_wconf 90' lang='lat' dir='ltr'><strong>apostolicis</strong></span> <span class='ocrx_word' id='word_1_149' title='bbox 1149 2220 1199 2262; x_wconf 89' lang='lat' dir='ltr'><strong>re·</strong></span> 
     </span>
    </p>
   </div>
   <div class='ocr_carea' id='block_1_7' title="bbox 143 2377 1202 3804">
    <p class='ocr_par' dir='ltr' id='par_1_7' title="bbox 143 2377 1202 3804">
     <span class='ocr_line' id='line_1_20' title="bbox 232 2377 1202 2444; baseline 0 -19"><span class='ocrx_word' id='word_1_150' title='bbox 232 2379 255 2425; x_wconf 87' lang='lat'><strong>1.</strong></span> <span class='ocrx_word' id='word_1_151' title='bbox 266 2378 340 2427; x_wconf 80' lang='lat' dir='ltr'><strong>Mare</strong></span> <span class='ocrx_word' id='word_1_152' title='bbox 351 2379 477 2443; x_wconf 65' lang='lat' dir='ltr'><strong>Moenum</strong></span> <span class='ocrx_word' id='word_1_153' title='bbox 493 2378 586 2429; x_wconf 89' lang='lat' dir='ltr'><strong>dicunt</strong></span> <span class='ocrx_word' id='word_1_154' title='bbox 600 2379 756 2444; x_wconf 85' lang='lat' dir='ltr'><strong>diplomata,</strong></span> <span class='ocrx_word' id='word_1_155' title='bbox 770 2393 817 2430; x_wconf 86' lang='lat' dir='ltr'><strong>seu</strong></span> <span class='ocrx_word' id='word_1_156' title='bbox 830 2381 981 2444; x_wconf 86' lang='lat' dir='ltr'><strong>pontificias</strong></span> <span class='ocrx_word' id='word_1_157' title='bbox 993 2377 1202 2428; x_wconf 85' lang='lat' dir='ltr'><strong>constitutiones</strong></span> 
     </span>
     <span class='ocr_line' id='line_1_21' title="bbox 181 2452 1201 2520; baseline 0.004 -20"><span class='ocrx_word' id='word_1_158' title='bbox 181 2452 282 2512; x_wconf 79' lang='lat' dir='ltr'><strong>quibus</strong></span> <span class='ocrx_word' id='word_1_159' title='bbox 301 2455 464 2518; x_wconf 87' lang='lat' dir='ltr'><strong>ampliantur</strong></span> <span class='ocrx_word' id='word_1_160' title='bbox 485 2457 512 2504; x_wconf 91' lang='lat' dir='ltr'><strong>et</strong></span> <span class='ocrx_word' id='word_1_161' title='bbox 530 2455 670 2506; x_wconf 83' lang='lat' dir='ltr'><strong>firmantur</strong></span> <span class='ocrx_word' id='word_1_162' title='bbox 689 2455 830 2520; x_wconf 81' lang='lat' dir='ltr'><strong>privilegia</strong></span> <span class='ocrx_word' id='word_1_163' title='bbox 847 2457 1020 2520; x_wconf 81' lang='lat' dir='ltr'><strong>regularium.</strong></span> <span class='ocrx_word' id='word_1_164' title='bbox 1043 2455 1139 2504; x_wconf 82' lang='lat' dir='ltr'><strong>Sixtus</strong></span> <span class='ocrx_word' id='word_1_165' title='bbox 1156 2454 1201 2514; x_wconf 91' lang='lat' dir='ltr'><strong>IV,</strong></span> 
     </span>
     <span class='ocr_line' id='line_1_22' title="bbox 186 2525 1201 2594; baseline 0.002 -18"><span class='ocrx_word' id='word_1_166' title='bbox 186 2525 212 2576; x_wconf 88' lang='lat' dir='ltr'><strong>S.</strong></span> <span class='ocrx_word' id='word_1_167' title='bbox 226 2527 367 2591; x_wconf 86' lang='lat' dir='ltr'><strong>Francisci,</strong></span> <span class='ocrx_word' id='word_1_168' title='bbox 383 2529 537 2594; x_wconf 85' lang='lat' dir='ltr'><strong>ordinisque</strong></span> <span class='ocrx_word' id='word_1_169' title='bbox 555 2532 739 2585; x_wconf 86' lang='lat' dir='ltr'><strong>Minoritarum</strong></span> <span class='ocrx_word' id='word_1_170' title='bbox 753 2531 835 2594; x_wconf 91' lang='lat' dir='ltr'><strong>filius,</strong></span> <span class='ocrx_word' id='word_1_171' title='bbox 850 2535 880 2582; x_wconf 90' lang='lat' dir='ltr'><strong>ut</strong></span> <span class='ocrx_word' id='word_1_172' title='bbox 896 2532 937 2581; x_wconf 87' lang='lat' dir='ltr'><strong>sui</strong></span> <span class='ocrx_word' id='word_1_173' title='bbox 952 2532 1021 2594; x_wconf 83' lang='lat' dir='ltr'><strong>grati</strong></span> <span class='ocrx_word' id='word_1_174' title='bbox 1036 2531 1125 2580; x_wconf 88' lang='lat' dir='ltr'><strong>animi</strong></span> <span class='ocrx_word' id='word_1_175' title='bbox 1138 2543 1201 2593; x_wconf 80' lang='lat' dir='ltr'><strong>erga</strong></span> 
     </span>
     <span class='ocr_line' id='line_1_23' title="bbox 183 2605 1202 2672; baseline 0.003 -22"><span class='ocrx_word' id='word_1_176' title='bbox 183 2605 326 2666; x_wconf 89' lang='lat' dir='ltr'><strong>utrumque</strong></span> <span class='ocrx_word' id='word_1_177' title='bbox 340 2609 500 2667; x_wconf 89' lang='lat' dir='ltr'><strong>perennaret</strong></span> <span class='ocrx_word' id='word_1_178' title='bbox 514 2611 730 2669; x_wconf 88' lang='lat' dir='ltr'><strong>monumentum,</strong></span> <span class='ocrx_word' id='word_1_179' title='bbox 742 2609 839 2672; x_wconf 84' lang='lat' dir='ltr'><strong>gratias</strong></span> <span class='ocrx_word' id='word_1_180' title='bbox 852 2621 868 2656; x_wconf 88' lang='lat' dir='ltr'><strong>a</strong></span> <span class='ocrx_word' id='word_1_181' title='bbox 883 2610 938 2657; x_wconf 89' lang='lat' dir='ltr'><strong>suis</strong></span> <span class='ocrx_word' id='word_1_182' title='bbox 951 2606 1202 2671; x_wconf 74' lang='lat' dir='ltr'><strong>praedecessoribus</strong></span> 
     </span>
     <span class='ocr_line' id='line_1_24' title="bbox 183 2677 1201 2748; baseline 0.005 -22"><span class='ocrx_word' id='word_1_183' title='bbox 183 2678 258 2727; x_wconf 87' lang='lat' dir='ltr'><strong>datas</strong></span> <span class='ocrx_word' id='word_1_184' title='bbox 278 2680 444 2732; x_wconf 87' lang='lat' dir='ltr'><strong>confirmavit</strong></span> <span class='ocrx_word' id='word_1_185' title='bbox 461 2686 488 2732; x_wconf 92' lang='lat' dir='ltr'><strong>et</strong></span> <span class='ocrx_word' id='word_1_186' title='bbox 506 2683 580 2732; x_wconf 87' lang='lat' dir='ltr'><strong>auxit</strong></span> <span class='ocrx_word' id='word_1_187' title='bbox 601 2697 649 2746; x_wconf 89' lang='lat' dir='ltr'><strong>par</strong></span> <span class='ocrx_word' id='word_1_188' title='bbox 670 2684 777 2733; x_wconf 87' lang='lat' dir='ltr'><strong>citatam</strong></span> <span class='ocrx_word' id='word_1_189' title='bbox 796 2677 902 2734; x_wconf 86' lang='lat' dir='ltr'><strong>Bullam</strong></span> <span class='ocrx_word' id='word_1_190' title='bbox 920 2683 1069 2748; x_wconf 72' lang='lat' dir='ltr'><strong>Reqe&#39;mini;</strong></span> <span class='ocrx_word' id='word_1_191' title='bbox 1089 2686 1117 2732; x_wconf 84' lang='lat' dir='ltr'><strong>et</strong></span> <span class='ocrx_word' id='word_1_192' title='bbox 1139 2695 1201 2732; x_wconf 88' lang='lat' dir='ltr'><strong>cum</strong></span> 
     </span>
     <span class='ocr_line' id='line_1_25' title="bbox 181 2753 1201 2822; baseline 0.005 -20"><span class='ocrx_word' id='word_1_193' title='bbox 181 2753 251 2802; x_wconf 89' lang='lat' dir='ltr'><strong>alios</strong></span> <span class='ocrx_word' id='word_1_194' title='bbox 262 2754 342 2804; x_wconf 90' lang='lat' dir='ltr'><strong>etiam</strong></span> <span class='ocrx_word' id='word_1_195' title='bbox 359 2757 466 2807; x_wconf 89' lang='lat' dir='ltr'><strong>ordines</strong></span> <span class='ocrx_word' id='word_1_196' title='bbox 478 2757 660 2808; x_wconf 88' lang='lat' dir='ltr'><strong>Mendicantes</strong></span> <span class='ocrx_word' id='word_1_197' title='bbox 672 2771 771 2822; x_wconf 78' lang='lat' dir='ltr'><strong>magno</strong></span> <span class='ocrx_word' id='word_1_198' title='bbox 786 2760 883 2812; x_wconf 79' lang='lat' dir='ltr'><strong>ellectu</strong></span> <span class='ocrx_word' id='word_1_199' title='bbox 900 2759 1068 2822; x_wconf 83' lang='lat' dir='ltr'><strong>dignaretur,</strong></span> <span class='ocrx_word' id='word_1_200' title='bbox 1083 2758 1201 2808; x_wconf 88' lang='lat' dir='ltr'><strong>similem</strong></span> 
     </span>
     <span class='ocr_line' id='line_1_26' title="bbox 183 2829 1202 2900; baseline 0.005 -21"><span class='ocrx_word' id='word_1_201' title='bbox 183 2829 239 2880; x_wconf 87' lang='lat' dir='ltr'><strong>fere</strong></span> <span class='ocrx_word' id='word_1_202' title='bbox 250 2833 467 2884; x_wconf 81' lang='lat' dir='ltr'><strong>constitutionem</strong></span> <span class='ocrx_word' id='word_1_203' title='bbox 476 2835 706 2896; x_wconf 81' lang='lat' dir='ltr'><strong>Proedicatoribus,</strong></span> <span class='ocrx_word' id='word_1_204' title='bbox 715 2835 872 2897; x_wconf 84' lang='lat' dir='ltr'><strong>Carmelitis,</strong></span> <span class='ocrx_word' id='word_1_205' title='bbox 884 2839 911 2888; x_wconf 87' lang='lat' dir='ltr'><strong>et</strong></span> <span class='ocrx_word' id='word_1_206' title='bbox 920 2837 1045 2886; x_wconf 83' lang='lat' dir='ltr'><strong>Eremitis</strong></span> <span class='ocrx_word' id='word_1_207' title='bbox 1056 2835 1085 2886; x_wconf 87' lang='lat' dir='ltr'><strong>S.</strong></span> <span class='ocrx_word' id='word_1_208' title='bbox 1094 2838 1202 2900; x_wconf 79' lang='lat' dir='ltr'><strong>Augus·</strong></span> 
     </span>
     <span class='ocr_line' id='line_1_27' title="bbox 182 2906 1199 2976; baseline 0.004 -22"><span class='ocrx_word' id='word_1_209' title='bbox 182 2906 233 2955; x_wconf 91' lang='lat' dir='ltr'><strong>tini</strong></span> <span class='ocrx_word' id='word_1_210' title='bbox 251 2909 383 2958; x_wconf 88' lang='lat' dir='ltr'><strong>concessit</strong></span> <span class='ocrx_word' id='word_1_211' title='bbox 397 2923 476 2974; x_wconf 88' lang='lat' dir='ltr'><strong>quam</strong></span> <span class='ocrx_word' id='word_1_212' title='bbox 491 2911 636 2976; x_wconf 75' lang='lat' dir='ltr'><strong>regulares,</strong></span> <span class='ocrx_word' id='word_1_213' title='bbox 653 2912 791 2974; x_wconf 86' lang='lat' dir='ltr'><strong>assumpta</strong></span> <span class='ocrx_word' id='word_1_214' title='bbox 805 2913 970 2976; x_wconf 86' lang='lat' dir='ltr'><strong>metaphora,</strong></span> <span class='ocrx_word' id='word_1_215' title='bbox 985 2913 1058 2961; x_wconf 79' lang='lat' dir='ltr'><strong>Mace</strong></span> <span class='ocrx_word' id='word_1_216' title='bbox 1074 2923 1199 2976; x_wconf 64' lang='lat' dir='ltr'><strong>maenam</strong></span> 
     </span>
     <span class='ocr_line' id='line_1_28' title="bbox 182 2985 1202 3050; baseline 0.002 -18"><span class='ocrx_word' id='word_1_217' title='bbox 182 2986 355 3033; x_wconf 86' lang='lat' dir='ltr'><strong>vocaverunt.</strong></span> <span class='ocrx_word' id='word_1_218' title='bbox 376 3003 388 3029; x_wconf 75' lang='grc' dir='ltr'>α</span> <span class='ocrx_word' id='word_1_219' title='bbox 409 2985 575 3036; x_wconf 77' lang='lat' dir='ltr'><strong>Concursum</strong></span> <span class='ocrx_word' id='word_1_220' title='bbox 595 2987 686 3035; x_wconf 87' lang='lat' dir='ltr'><strong>autem</strong></span> <span class='ocrx_word' id='word_1_221' title='bbox 708 2991 748 3036; x_wconf 93' lang='lat' dir='ltr'><strong>est</strong></span> <span class='ocrx_word' id='word_1_222' title='bbox 768 3000 842 3036; x_wconf 87' lang='lat' dir='ltr'><strong>mare</strong></span> <span class='ocrx_word' id='word_1_223' title='bbox 861 2987 980 3037; x_wconf 88' lang='lat' dir='ltr'><strong>Tridenti</strong></span> <span class='ocrx_word' id='word_1_224' title='bbox 1003 2991 1029 3036; x_wconf 90' lang='lat' dir='ltr'><strong>et</strong></span> <span class='ocrx_word' id='word_1_225' title='bbox 1051 2987 1121 3036; x_wconf 87' lang='lat' dir='ltr'><strong>lines</strong></span> <span class='ocrx_word' id='word_1_226' title='bbox 1144 2985 1202 3050; x_wconf 86' lang='lat' dir='ltr'><strong>ejus</strong></span> 
     </span>
     <span class='ocr_line' id='line_1_29' title="bbox 182 3060 1200 3126; baseline 0.006 -22"><span class='ocrx_word' id='word_1_227' title='bbox 182 3060 345 3120; x_wconf 88' lang='lat' dir='ltr'><strong>«coarctati,</strong></span> <span class='ocrx_word' id='word_1_228' title='bbox 367 3060 404 3110; x_wconf 89' lang='lat' dir='ltr'><strong>ait</strong></span> <span class='ocrx_word' id='word_1_229' title='bbox 422 3061 549 3110; x_wconf 88' lang='lat' dir='ltr'><strong>collector</strong></span> <span class='ocrx_word' id='word_1_230' title='bbox 565 3060 675 3110; x_wconf 85' lang='lat' dir='ltr'><strong>Bullarii</strong></span> <span class='ocrx_word' id='word_1_231' title='bbox 692 3061 913 3124; x_wconf 79' lang='lat' dir='ltr'><strong>capuccinorum,</strong></span> <span class='ocrx_word' id='word_1_232' title='bbox 934 3063 998 3111; x_wconf 92' lang='lat' dir='ltr'><strong>dum</strong></span> <span class='ocrx_word' id='word_1_233' title='bbox 1018 3062 1100 3126; x_wconf 86' lang='lat' dir='ltr'><strong>plura</strong></span> <span class='ocrx_word' id='word_1_234' title='bbox 1120 3063 1150 3112; x_wconf 92' lang='lat' dir='ltr'><strong>in</strong></span> <span class='ocrx_word' id='word_1_235' title='bbox 1168 3074 1200 3110; x_wconf 87' lang='lat' dir='ltr'><strong>eo</strong></span> 
     </span>
     <span class='ocr_line' id='line_1_30' title="bbox 143 3137 1199 3201; baseline 0.009 -21"><span class='ocrx_word' id='word_1_236' title='bbox 143 3146 145 3150; x_wconf 93' lang='lat'>·</span> <span class='ocrx_word' id='word_1_237' title='bbox 180 3152 195 3179; x_wconf 71' lang='lat' dir='ltr'><strong>a</strong></span> <span class='ocrx_word' id='word_1_238' title='bbox 210 3137 446 3186; x_wconf 89' lang='lat' dir='ltr'><strong>conteutaindulta</strong></span> <span class='ocrx_word' id='word_1_239' title='bbox 455 3137 582 3186; x_wconf 86' lang='lat' dir='ltr'><strong>inhabita</strong></span> <span class='ocrx_word' id='word_1_240' title='bbox 593 3137 632 3186; x_wconf 86' lang='lat' dir='ltr'><strong>ibi</strong></span> <span class='ocrx_word' id='word_1_241' title='bbox 643 3138 810 3188; x_wconf 82' lang='lat' dir='ltr'><strong>oecumeniea</strong></span> <span class='ocrx_word' id='word_1_242' title='bbox 821 3139 925 3201; x_wconf 79' lang='lat' dir='ltr'><strong>synoda</strong></span> <span class='ocrx_word' id='word_1_243' title='bbox 934 3141 1046 3188; x_wconf 86' lang='lat' dir='ltr'><strong>luerunt</strong></span> <span class='ocrx_word' id='word_1_244' title='bbox 1059 3138 1105 3188; x_wconf 85' lang='lat' dir='ltr'><strong>vel</strong></span> <span class='ocrx_word' id='word_1_245' title='bbox 1121 3152 1199 3190; x_wconf 86' lang='lat' dir='ltr'><strong>revo-</strong></span> 
     </span>
     <span class='ocr_line' id='line_1_31' title="bbox 181 3211 1199 3278; baseline 0.002 -16"><span class='ocrx_word' id='word_1_246' title='bbox 181 3227 195 3254; x_wconf 86' lang='lat'>«</span> <span class='ocrx_word' id='word_1_247' title='bbox 211 3215 271 3266; x_wconf 86' lang='lat' dir='ltr'><strong>eata</strong></span> <span class='ocrx_word' id='word_1_248' title='bbox 284 3213 327 3262; x_wconf 89' lang='lat' dir='ltr'><strong>vel</strong></span> <span class='ocrx_word' id='word_1_249' title='bbox 339 3211 497 3262; x_wconf 79' lang='lat' dir='ltr'><strong>modificata.</strong></span> <span class='ocrx_word' id='word_1_250' title='bbox 510 3231 523 3257; x_wconf 72' lang='lat' dir='ltr'><strong>a</strong></span> <span class='ocrx_word' id='word_1_251' title='bbox 537 3212 724 3276; x_wconf 86' lang='lat' dir='ltr'><strong>Opportunum</strong></span> <span class='ocrx_word' id='word_1_252' title='bbox 738 3212 821 3276; x_wconf 83' lang='lat' dir='ltr'><strong>igitur</strong></span> <span class='ocrx_word' id='word_1_253' title='bbox 836 3213 912 3264; x_wconf 77' lang='lat' dir='ltr'><strong>duxit</strong></span> <span class='ocrx_word' id='word_1_254' title='bbox 925 3214 1054 3278; x_wconf 79' lang='lat' dir='ltr'><strong>praelatus</strong></span> <span class='ocrx_word' id='word_1_255' title='bbox 1069 3214 1199 3264; x_wconf 86' lang='lat' dir='ltr'><strong>collector</strong></span> 
     </span>
     <span class='ocr_line' id='line_1_32' title="bbox 181 3286 1198 3352; baseline 0.003 -16"><span class='ocrx_word' id='word_1_256' title='bbox 181 3286 286 3338; x_wconf 82' lang='lat' dir='ltr'><strong>Rullum</strong></span> <span class='ocrx_word' id='word_1_257' title='bbox 301 3288 368 3338; x_wconf 83' lang='lat' dir='ltr'><strong>Sixti</strong></span> <span class='ocrx_word' id='word_1_258' title='bbox 382 3289 415 3338; x_wconf 91' lang='lat' dir='ltr'><strong>lV</strong></span> <span class='ocrx_word' id='word_1_259' title='bbox 429 3302 462 3336; x_wconf 82' lang='lat' dir='ltr'><strong>ex</strong></span> <span class='ocrx_word' id='word_1_260' title='bbox 479 3301 532 3336; x_wconf 91' lang='lat' dir='ltr'><strong>una</strong></span> <span class='ocrx_word' id='word_1_261' title='bbox 550 3291 624 3350; x_wconf 90' lang='lat' dir='ltr'><strong>parte</strong></span> <span class='ocrx_word' id='word_1_262' title='bbox 639 3286 696 3336; x_wconf 86' lang='lat' dir='ltr'><strong>lolii</strong></span> <span class='ocrx_word' id='word_1_263' title='bbox 712 3301 745 3336; x_wconf 82' lang='lat' dir='ltr'><strong>ex</strong></span> <span class='ocrx_word' id='word_1_264' title='bbox 759 3287 863 3352; x_wconf 84' lang='lat' dir='ltr'><strong>integro</strong></span> <span class='ocrx_word' id='word_1_265' title='bbox 881 3289 953 3350; x_wconf 84' lang='lat' dir='ltr'><strong>dare,</strong></span> <span class='ocrx_word' id='word_1_266' title='bbox 970 3289 1003 3339; x_wconf 86' lang='lat' dir='ltr'><strong>ad</strong></span> <span class='ocrx_word' id='word_1_267' title='bbox 1018 3290 1091 3339; x_wconf 89' lang='lat' dir='ltr'><strong>latus</strong></span> <span class='ocrx_word' id='word_1_268' title='bbox 1108 3293 1198 3340; x_wconf 88' lang='lat' dir='ltr'><strong>autem</strong></span> 
     </span>
     <span class='ocr_line' id='line_1_33' title="bbox 180 3359 1196 3429; baseline 0.005 -18"><span class='ocrx_word' id='word_1_269' title='bbox 180 3361 295 3415; x_wconf 91' lang='lat' dir='ltr'><strong>alterum</strong></span> <span class='ocrx_word' id='word_1_270' title='bbox 314 3365 431 3418; x_wconf 86' lang='lat' dir='ltr'><strong>inserere</strong></span> <span class='ocrx_word' id='word_1_271' title='bbox 450 3363 644 3425; x_wconf 85' lang='lat' dir='ltr'><strong>revocationes,</strong></span> <span class='ocrx_word' id='word_1_272' title='bbox 664 3361 875 3413; x_wconf 87' lang='lat' dir='ltr'><strong>modificationes</strong></span> <span class='ocrx_word' id='word_1_273' title='bbox 896 3359 977 3429; x_wconf 81' lang='lat' dir='ltr'><strong>&#39;atque</strong></span> <span class='ocrx_word' id='word_1_274' title='bbox 999 3365 1196 3416; x_wconf 82' lang='lat' dir='ltr'><strong>declarationes</strong></span> 
     </span>
     <span class='ocr_line' id='line_1_34' title="bbox 180 3437 1198 3505; baseline 0.002 -17"><span class='ocrx_word' id='word_1_275' title='bbox 180 3451 228 3502; x_wconf 88' lang='lat' dir='ltr'><strong>per</strong></span> <span class='ocrx_word' id='word_1_276' title='bbox 248 3439 392 3490; x_wconf 88' lang='lat' dir='ltr'><strong>decursum</strong></span> <span class='ocrx_word' id='word_1_277' title='bbox 411 3439 541 3502; x_wconf 86' lang='lat' dir='ltr'><strong>temporis</strong></span> <span class='ocrx_word' id='word_1_278' title='bbox 560 3451 575 3488; x_wconf 84' lang='lat' dir='ltr'><strong>a</strong></span> <span class='ocrx_word' id='word_1_279' title='bbox 597 3439 623 3489; x_wconf 89' lang='lat' dir='ltr'><strong>S.</strong></span> <span class='ocrx_word' id='word_1_280' title='bbox 641 3437 709 3488; x_wconf 87' lang='lat' dir='ltr'><strong>Sede</strong></span> <span class='ocrx_word' id='word_1_281' title='bbox 727 3439 819 3488; x_wconf 85' lang='lat' dir='ltr'><strong>iactas.</strong></span> <span class='ocrx_word' id='word_1_282' title='bbox 835 3439 1020 3502; x_wconf 81' lang='lat' dir='ltr'><strong>(Baliarium...</strong></span> <span class='ocrx_word' id='word_1_283' title='bbox 1035 3455 1085 3505; x_wconf 87' lang='lat' dir='ltr'><strong>pro</strong></span> <span class='ocrx_word' id='word_1_284' title='bbox 1105 3441 1198 3492; x_wconf 83' lang='lat' dir='ltr'><strong>ordine</strong></span> 
     </span>
     <span class='ocr_line' id='line_1_35' title="bbox 180 3512 1196 3580; baseline 0.002 -16"><span class='ocrx_word' id='word_1_285' title='bbox 180 3515 367 3566; x_wconf 83' lang='lat' dir='ltr'><strong>Minoritcna...</strong></span> <span class='ocrx_word' id='word_1_286' title='bbox 383 3529 399 3564; x_wconf 87' lang='lat' dir='ltr'><strong>a</strong></span> <span class='ocrx_word' id='word_1_287' title='bbox 416 3517 444 3564; x_wconf 90' lang='lat' dir='ltr'><strong>P.</strong></span> <span class='ocrx_word' id='word_1_288' title='bbox 460 3515 502 3565; x_wconf 83' lang='lat' dir='ltr'><strong>Fr.</strong></span> <span class='ocrx_word' id='word_1_289' title='bbox 518 3513 646 3564; x_wconf 86' lang='lat' dir='ltr'><strong>Michaele</strong></span> <span class='ocrx_word' id='word_1_290' title='bbox 662 3512 923 3578; x_wconf 83' lang='lat' dir='ltr'><strong>Helveto-Tugiense,</strong></span> <span class='ocrx_word' id='word_1_291' title='bbox 942 3516 1051 3566; x_wconf 91' lang='lat' dir='ltr'><strong>Ordinis</strong></span> <span class='ocrx_word' id='word_1_292' title='bbox 1067 3517 1196 3580; x_wconf 82' lang='lat' dir='ltr'><strong>capucci-</strong></span> 
     </span>
     <span class='ocr_line' id='line_1_36' title="bbox 180 3587 1196 3656; baseline 0.003 -18"><span class='ocrx_word' id='word_1_293' title='bbox 180 3601 292 3650; x_wconf 78' lang='lat' dir='ltr'><strong>uorum,¹</strong></span> <span class='ocrx_word' id='word_1_294' title='bbox 302 3594 358 3641; x_wconf 89' lang='lat' dir='ltr'><strong>tom</strong></span> <span class='ocrx_word' id='word_1_295' title='bbox 375 3591 417 3650; x_wconf 91' lang='lat' dir='ltr'><strong>Vl,</strong></span> <span class='ocrx_word' id='word_1_296' title='bbox 433 3604 494 3654; x_wconf 84' lang='lat' dir='ltr'><strong>pag.</strong></span> <span class='ocrx_word' id='word_1_297' title='bbox 512 3588 633 3644; x_wconf 74' lang='lat' dir='ltr'><strong>iss-198.)</strong></span> <span class='ocrx_word' id='word_1_298' title='bbox 657 3587 757 3636; x_wconf 86' lang='lat' dir='ltr'><strong>Giraldi</strong></span> <span class='ocrx_word' id='word_1_299' title='bbox 772 3590 938 3652; x_wconf 85' lang='lat' dir='ltr'><strong>transcripsit</strong></span> <span class='ocrx_word' id='word_1_300' title='bbox 953 3591 1098 3640; x_wconf 90' lang='lat' dir='ltr'><strong>elenchum</strong></span> <span class='ocrx_word' id='word_1_301' title='bbox 1114 3592 1196 3656; x_wconf 86' lang='lat' dir='ltr'><strong>privi-</strong></span> 
     </span>
     <span class='ocr_line' id='line_1_37' title="bbox 179 3663 1198 3730; baseline 0.003 -18"><span class='ocrx_word' id='word_1_302' title='bbox 179 3664 311 3728; x_wconf 79' lang='lat' dir='ltr'><strong>legiorum</strong></span> <span class='ocrx_word' id='word_1_303' title='bbox 326 3680 341 3715; x_wconf 93' lang='lat' dir='ltr'><strong>a</strong></span> <span class='ocrx_word' id='word_1_304' title='bbox 355 3679 429 3715; x_wconf 89' lang='lat' dir='ltr'><strong>conc.</strong></span> <span class='ocrx_word' id='word_1_305' title='bbox 443 3665 512 3714; x_wconf 68' lang='lat' dir='ltr'><strong>trid.</strong></span> <span class='ocrx_word' id='word_1_306' title='bbox 525 3664 723 3726; x_wconf 77' lang='lat' dir='ltr'><strong>abrogatorum,</strong></span> <span class='ocrx_word' id='word_1_307' title='bbox 736 3663 766 3712; x_wconf 86' lang='lat' dir='ltr'><strong>in</strong></span> <span class='ocrx_word' id='word_1_308' title='bbox 781 3677 829 3714; x_wconf 90' lang='lat' dir='ltr'><strong>sua</strong></span> <span class='ocrx_word' id='word_1_309' title='bbox 843 3665 1012 3727; x_wconf 70' lang='lat' dir='ltr'><strong>depositione</strong></span> <span class='ocrx_word' id='word_1_310' title='bbox 1023 3667 1099 3728; x_wconf 84' lang='lat' dir='ltr'><strong>juria</strong></span> <span class='ocrx_word' id='word_1_311' title='bbox 1111 3665 1198 3730; x_wconf 80' lang='lat' dir='ltr'><strong>ponti·</strong></span> 
     </span>
     <span class='ocr_line' id='line_1_38' title="bbox 179 3738 1062 3804; baseline 0.005 -16"><span class='ocrx_word' id='word_1_312' title='bbox 179 3740 242 3802; x_wconf 77' lang='lat' dir='ltr'><strong>ficii,</strong></span> <span class='ocrx_word' id='word_1_313' title='bbox 260 3743 327 3803; x_wconf 88' lang='lat' dir='ltr'><strong>part.</strong></span> <span class='ocrx_word' id='word_1_314' title='bbox 344 3743 365 3802; x_wconf 92' lang='lat' dir='ltr'><strong>l,</strong></span> <span class='ocrx_word' id='word_1_315' title='bbox 380 3745 444 3790; x_wconf 85' lang='lat' dir='ltr'><strong>sect.</strong></span> <span class='ocrx_word' id='word_1_316' title='bbox 461 3741 515 3804; x_wconf 77' lang='lat'><strong>893,</strong></span> <span class='ocrx_word' id='word_1_317' title='bbox 531 3738 672 3802; x_wconf 70' lang='lat' dir='ltr'><strong>appendia</strong></span> <span class='ocrx_word' id='word_1_318' title='bbox 688 3739 724 3786; x_wconf 86' lang='lat' dir='ltr'><strong>ad</strong></span> <span class='ocrx_word' id='word_1_319' title='bbox 737 3741 843 3789; x_wconf 79' lang='lat' dir='ltr'><strong>titulum</strong></span> <span class='ocrx_word' id='word_1_320' title='bbox 858 3741 890 3790; x_wconf 88' lang='lat' dir='ltr'><strong>de</strong></span> <span class='ocrx_word' id='word_1_321' title='bbox 903 3741 1062 3804; x_wconf 75' lang='lat' dir='ltr'><strong>Privilepiis.</strong></span> 
     </span>
    </p>
   </div>
   <div class='ocr_carea' id='block_1_8' title="bbox 0 0 1288 4272">
    <p class='ocr_par' dir='ltr' id='par_1_8' title="bbox 0 0 1288 4272">
     <span class='ocr_line' id='line_1_39' title="bbox 0 0 1288 4272; baseline 0 2"><span class='ocrx_word' id='word_1_322' title='bbox 0 0 1288 4272; x_wconf 95' lang='lat' dir='ltr'><strong> </strong></span> 
     </span>
    </p>
   </div>
  </div>
 </body>
</html>
