2568 4272
162 276 230 322 nur.
254 275 280 321 V.
302 275 338 320 DE
359 272 608 321 obttoarlon'lssus
626 272 741 338 §TUUS
761 273 918 320 nntlolost.
993 266 1044 320 287

19 391 117 452 valde
134 409 260 469 graves,
278 394 309 450 et
320 390 408 468 rigor
422 388 476 450 ille
493 388 665 468 primaevus
681 407 699 450 a
714 390 863 467 praesenti
877 389 1044 468 disciplina

21 488 309 564 multumdifferat,
325 487 370 548 ita
383 487 523 548 utvitam
539 486 718 566 religiosam
729 487 827 548 multo
835 487 1044 550 difficiliorem

20 588 149 661 reddat,
169 587 239 664 cogi
252 605 316 646 non
328 586 460 659 debent;
477 584 552 663 quia
569 606 583 640 u
596 584 637 645 ad
647 583 830 663 hujusmodi
842 585 1044 647 reformatio-

26 703 131 745 cnem
156 684 402 764 suscipiendam,
425 688 498 743 ante
518 682 653 762 professi
670 701 734 742 non
754 683 947 760 obligantur,
972 699 1044 744 cum

23 806 38 839 u
53 783 213 862 praesumi
225 771 456 843 iationabiliter
470 785 609 859 nequeat
627 781 713 858 quod
732 781 774 841 ad
788 781 877 843 illam
893 789 967 847 voto
987 804 1044 847 vo·

23 904 37 936 «
53 880 179 941 luerint
194 897 227 940 se
241 879 381 957 obligare
397 901 426 951 »,
442 877 486 938 ait
504 877 799 954 Schmalzgrueber,
816 895 854 940 un
870 883 973 945 Srnru
985 901 1044 950 uo·

22 993 207 1056 remonon,
225 976 269 1036 n¹·
282 977 384 1037 real.
402 975 447 1036 of.
465 977 591 1050 suarez,
608 975 664 1035 lib.
680 976 717 1049 X,
735 993 805 1055 cap.
822 995 887 1054 rur,
903 998 938 1041 no
952 983 1000 1044 17,

79 1183 98 1261 ἕ
124 1185 160 1242 2.
185 1179 233 1242 De
258 1179 491 1260 obligationibus
511 1179 584 1260 jure
613 1181 757 1241 canom'm
781 1184 879 1244 statui
901 1185 1041 1267 religioso

468 1293 604 1338 annexas.

81 1462 209 1522 Praetcr
229 1458 441 1532 obligationes
464 1475 533 1536 quae
556 1457 674 1520 directe
696 1466 873 1538 sequuntur
892 1481 931 1522 ex
951 1472 1041 1527 voto·

30 1577 93 1618 rum
112 1558 302 1631 emissione,
324 1557 395 1618 aliae
415 1562 499 1628 aunt,
521 1561 585 1616 tres
601 1556 789 1635 prasertim,
810 1578 888 1637 quas
910 1562 1045 1625 subeunt

30 1656 167 1734 religiosi
180 1655 214 1716 vi
223 1673 380 1716 canonum
393 1673 401 1715 x
414 1658 562 1714 tenentur
576 1654 606 1712 1ο
617 1659 741 1732 gestare
754 1655 898 1718 habitum
907 1661 1041 1737 ordinis;

30 1753 209 1816 crocitare
224 1753 365 1814 officium
381 1752 542 1819 divinum
558 1752 590 1811 3⁰
606 1769 732 1812 servare
744 1753 935 1817 clausuram.

85 1853 159 1914 480.
173 1886 214 1894 -
228 1851 254 1910 1⁰
268 1850 374 1921 Quoad
392 1849 539 1909 habitum
549 1848 743 1928 religiosum,
756 1855 1043 1931 urgetGonstitutio

35 1948 67 2011 Ut
82 1949 266 2030 pcrr'culosa,
287 1952 318 2023 2,
340 1951 385 2008 Nu
409 1964 525 2010 cunnrci
544 1963 600 2010 van
617 1963 764 2024 uonnour,
784 1950 815 2009 in
833 1965 887 2028 v10,
910 1971 980 2032 quae
1000 1957 1044 2017 sie

33 2046 146 2108 babet:
167 2071 183 2104 «
201 2049 242 2109 Ut
263 2044 441 2125 periculosa
461 2044 617 2122 religiosis
636 2047 793 2123 evagandi
814 2051 948 2112 materia
969 2055 1041 2115 sub-

33 2168 46 2200 «
60 2145 220 2221 trabatur,
247 2144 417 2204 districtius
443 2143 625 2204 inhibemus
648 2162 687 2204 ne
710 2143 750 2205 de
775 2151 890 2208 cateno
915 2149 1041 2230 aliquis,

35 2267 47 2296 u
59 2259 305 2322 quamcumque·
315 2241 502 2319 religionem
521 2241 616 2302 tacite
634 2241 685 2302 vel
704 2260 851 2321 expresse
870 2247 1042 2324 professus,
1065 2235 1067 2240 ⁵

37 2361 49 2395 u
58 2340 89 2400 in
102 2341 223 2403 scholis
237 2340 288 2402 vel
303 2340 379 2400 alibi
391 2343 508 2400 temere
524 2339 670 2400 habitum
686 2357 751 2400 sua
764 2341 925 2418 religionis
939 2343 1043 2408 dimit-

36 2460 48 2492 «
62 2443 144 2500 tat...
162 2439 198 2500 Si
208 2438 279 2517 quis
289 2439 404 2498 borum
414 2437 602 2498 temerarius
610 2437 747 2499 violator
754 2439 903 2514 extiterit,
916 2460 1047 2505 excom*
1137 2463 1139 2471 ⁴

37 2560 49 2589 l
62 2536 285 2598 municationis
299 2535 488 2596 sententiam
502 2535 571 2612 ipso
585 2535 670 2596 facto
685 2535 836 2600 incurrat.
852 2561 868 2594 »

87 2634 264 2712 Religiosus
278 2633 334 2714 qui
350 2632 497 2693 habitum
512 2631 654 2706 dimittit,
673 2634 866 2710 egrediendo
883 2654 1040 2699 emonas-

35 2731 104 2792 terio
117 2750 192 2793 cum
202 2731 377 2792 intentione
390 2729 480 2790 illum
491 2748 555 2790 non
570 2732 799 2807 reassumendi,
813 2741 941 2796 reusest
950 2755 1040 2815 apos

37 2829 129 2904 tasiae,
146 2829 204 2909 qui
221 2829 366 2890 habitum
387 2827 528 2904 dimittit,
545 2827 596 2888 vel
616 2828 713 2890 etiam
733 2831 774 2890 ad
789 2831 884 2894 breve
902 2839 1039 2913 tempus,

37 2932 114 2988 citra
130 2926 371 3001 monasterium,
387 2925 454 2986 sine
468 2925 653 2986 rationabili
668 2945 774 3002 causa,
791 2935 1042 3009 peccatmorta·

38 3022 110 3098 liter,
129 3024 258 3086 tametsi
272 3024 389 3085 habeat
407 3023 616 3084 intentionem
631 3026 779 3086 servandi
798 3045 890 3088 suurn
907 3033 1036 3090 statum.

87 3125 154 3186 Duo
173 3127 247 3184 sunt
262 3120 413 3198 notanda,
430 3121 471 3182 ad
485 3127 625 3201 mentem
640 3139 711 3201 cap.
730 3122 771 3184 Ut
784 3125 952 3204 periculosa
966 3144 1041 3187 mox

39 3219 153 3293 prolati.
172 3221 205 3279 l⁰
216 3218 396 3281 Bonifacius
410 3218 478 3280 Vlll
492 3217 657 3296 prohibuit
671 3219 729 3279 sub
744 3239 840 3298 poena
855 3240 1039 3282 excommu-

41 3313 195 3380 nicationis
210 3337 250 3377 ne
265 3315 443 3377 dimittatur
457 3315 584 3376 habitus
601 3314 763 3392 religionis
777 3325 867 3379 extra
879 3325 1039 3380 monaste

41 3409 121 3490 rium,
146 3423 181 3476 ut
199 3413 369 3497 permulceo
396 3411 546 3492 evagandi
568 3413 692 3474 occasio
713 3415 922 3477 subtrahatur
945 3433 952 3477 :
976 3435 1040 3478 non

42 3517 161 3585 peccant
176 3513 273 3591 igitur
289 3511 437 3591 graviter,
459 3529 517 3572 nec
537 3528 685 3572 censuras
704 3511 871 3573 incurrunt
888 3513 943 3591 qui
956 3514 1041 3576 intra

43 3604 166 3672 claustra
189 3630 282 3672 suum
307 3609 453 3670 habitum
474 3608 654 3683 dimittunt;
675 3611 709 3668 2⁰
732 3611 842 3670 statuit
859 3611 891 3670 in
912 3611 1040 3692 eosqui

44 3711 145 3786 tenere,
161 3709 195 3772 id
209 3713 268 3784 est,
284 3707 350 3770 sine
367 3707 434 3769 ulla
451 3724 547 3769 causa
560 3705 744 3769 rationabili
757 3707 789 3768 in
807 3709 935 3790 publico
952 3711 1039 3774 iuce-
