2568 4272
963 115 975 148 Ι

219 253 271 310 286
557 262 638 311 unns
651 263 685 310 11.
704 263 894 311 nnoununns.

218 375 324 439 versas
343 378 596 450 constitutiones,
615 383 671 439 aut
693 378 920 452 ordinationes,
945 377 1087 456 exceptis
1108 383 1240 438 tantum

217 475 308 548 votis,
331 494 394 535 non
413 476 564 536 inducere
585 475 817 553 obligationem
842 475 1044 537 conscientia
1061 475 1162 536 etiam
1184 475 1240 536 sub

216 572 343 646 veniali,
360 573 428 632 nisi.
438 573 652 634 adhibeantur
671 573 761 650 signa
784 591 936 652 expressa
961 572 1184 652 obligationis,
1208 578 1242 634 ut

157 710 158 713 =
217 670 286 731 haec
302 675 395 730 sunt:
414 671 446 730 in
460 671 579 730 nomiae
590 669 725 746 Domini,
742 705 781 715 -
795 671 845 732 vel
861 670 894 729 in
910 670 1024 730 virtute
1041 678 1158 730 sanctae
1174 669 1241 730 obe-

171 776 174 783 ’
217 766 348 829 aientia.
364 768 532 828 Probabile
550 773 597 829 est
610 769 737 846 regulas
752 787 816 830 non
835 768 927 829 aliter
945 767 1099 847 explicari
1118 768 1156 826 in
1173 767 1242 828 aliis

217 864 391 926 ordinibus,
877 873 880 879 '

275 962 423 1033 Quamvis
442 963 649 1041 transgressio
668 963 852 1041 regularum
872 981 937 1024 non
953 963 995 1023 sit
1009 967 1187 1041 peccatum
1203 981 1240 1023 cx

214 1075 328 1135 genere
343 1079 411 1132 suo,
425 1060 495 1120 lieri
510 1064 623 1138 potest,
639 1060 762 1121 ratione
776 1061 887 1121 habita
903 1059 1236 1142 circumstantiarum,

216 1160 250 1216 ut
270 1157 310 1216 sit
333 1149 510 1235 peccatum,
540 1177 605 1219 non
634 1163 760 1220 tantum
784 1159 918 1234 veniale,
947 1157 1058 1218 sedet
1082 1157 1238 1231 mortale;

215 1253 353 1332 quando,
369 1274 399 1316 v.
417 1273 461 1332 g.,
479 1273 573 1332 grave
594 1255 819 1316 detrimentum
834 1255 1010 1333 disciplina
1026 1255 1176 1332 regulari
1189 1256 1238 1315 in-

163 1410 166 1414 ,
213 1352 325 1423 fertur,
339 1353 389 1414 vel
401 1352 566 1430 religiosus
583 1353 744 1432 probabili
761 1353 903 1432 periculo
916 1353 1084 1413 amittendi
1100 1352 1239 1430 gratiam

216 1468 281 1511 suae
289 1451 476 1523 vocationis,
487 1456 542 1511 aut
555 1449 718 1530 ejectionis
729 1471 745 1514 c
757 1451 961 1528 monasterio,
977 1469 1009 1511 se
1025 1451 1175 1530 exponit,
1188 1455 1239 1510 aut

217 1547 346 1608 tandem
362 1548 460 1608 violat
475 1549 602 1627 regulas
617 1549 666 1610 sui
680 1549 800 1610 ordinis
816 1567 855 1609 ex
869 1553 1066 1627 contemptu.

222 1643 224 1646 ’
277 1646 309 1707 Si
319 1646 429 1725 regula
439 1665 585 1707 successu
600 1651 779 1726 temporum
795 1652 890 1727 atque
904 1647 1045 1707 moribus
1057 1646 1236 1707 communi-

218 1742 292 1804 tatis
304 1743 596 1822 fucrittemperata,
608 1750 639 1805 et
649 1744 857 1805 nihilominus
867 1743 979 1805 eadem
989 1749 1236 1822 remaneatque

216 1840 319 1900 fuerat
349 1841 453 1919 primo
480 1847 635 1921 tempore,
662 1843 838 1921 eodemque
864 1860 958 1902 sensu
980 1861 999 1902 a
1018 1841 1236 1920 superioribus

216 1937 401 2017 explicetur,
431 1940 511 2000 adeo
536 1945 572 2000 ut
590 1940 748 2018 mitigatio
772 1959 791 2001 a
812 1939 930 2000 saniori
954 1943 1045 2018 parte
1070 1944 1237 2018 reputetur

216 2035 331 2096 laxitas
350 2035 572 2115 improbanda,
596 2038 714 2116 regulae
736 2038 957 2116 standumst,
974 2056 1039 2098 non
1059 2037 1233 2112 habitara-

217 2133 304 2195 ticne
326 2137 580 2213 temperamenti.
604 2137 704 2198 Aliter
724 2137 895 2198 dicendum
910 2136 936 2196 si
951 2135 1123 2222 disciplina
1145 2134 1235 2196 fucrit

216 2230 383 2292 immutata
406 2232 538 2293 decretis
562 2235 595 2295 S.
624 2233 726 2309 Sedis,
749 2239 805 2294 aut
825 2233 969 2310 legitima
996 2231 1233 2303 consuetudine,

142 2321 148 2327 ’
216 2329 276 2390 etsi
288 2331 474 2391 remanserit
494 2331 603 2392 littera
624 2331 849 2410 primaevarum
872 2330 1149 2392 constitutionum.
1174 2331 1234 2391 Hoc
1282 2393 1283 2410 χ

214 2427 249 2486 in
265 2446 339 2489 casu
353 2429 440 2490 valet
458 2428 628 2508 mitigatio,
645 2430 791 2509 quamvis
803 2429 934 2490 inducat
944 2429 977 2488 in
991 2427 1233 2507 congregatione

207 2529 336 2601 astatum
344 2526 449 2586 minus
459 2526 652 2604 perfectum;
667 2527 818 2605 religiosi,
834 2528 910 2587 dum
922 2544 979 2587 sua
989 2531 1063 2586 vota
1073 2525 1231 2597 emittunt,

205 2615 333 2683 leovent
346 2625 559 2686 obedientiam
570 2625 604 2686 in
619 2643 713 2686 seusu
728 2625 862 2686 relativo
873 2625 913 2684 ad
924 2625 1008 2684 hane
1019 2623 1229 2703 disciplinam.

213 2737 274 2780 nec
289 2727 417 2798 possent
429 2719 565 2802 obligari
574 2723 615 2784 ad
629 2723 798 2802 pristinum
809 2723 959 2800 rigorem,
982 2722 1043 2782 nisi
1053 2720 1230 2782 interventu

215 2818 418 2880 auctoritatis
433 2820 464 2879 S.
481 2822 656 2884 Pontificis.

277 2915 425 2976 Liberum
434 2919 562 2996 quidem
572 2925 619 2980 est
628 2919 766 2998 praelatis
776 2919 988 2996 regularibus,
1000 2937 1072 2980 cum
1084 2937 1145 2980 suo
1154 2916 1231 2996 capi·
1281 2879 1282 2932 ἴ

218 3012 297 3087 tulo,
313 3014 489 3094 collapsam
505 3016 722 3096 disciplinam·
732 3017 923 3090 instaurare,
940 3016 1069 3098 quando
1088 3016 1228 3078 laxitates

214 3109 404 3173 introductae
420 3113 610 3175 offendiculo
622 3121 694 3175 sunt
707 3121 738 3176 et
756 3120 888 3194 possunt
898 3119 1042 3176 avertere
1057 3114 1227 3174 ordinema
1279 3163 1281 3168 .

215 3226 273 3268 suo
284 3209 362 3271 line:
378 3210 455 3270 item
472 3212 601 3290 quando
616 3213 801 3273 reformatio
815 3212 997 3274 inducenda
1007 3217 1154 3273 versatur
1166 3217 1227 3271 tan-

218 3311 284 3366 tum
295 3307 378 3368 circa
393 3325 444 3368 ras
461 3326 547 3370 merc
564 3310 791 3384 accidentalcs;
808 3310 963 3388 siquidem
985 3310 1019 3369 in
1042 3327 1100 3370 sua
1114 3309 1227 3388 proles·

219 3404 306 3465 sicne
328 3405 445 3484 singuli
462 3424 496 3465 se
513 3406 659 3485 religioni
678 3409 878 3468 tradiderunt
898 3409 1004 3468 animo
1023 3401 1226 3486 amplectendi
1280 3397 1281 3476 ᾗ

216 3520 288 3580 quae
297 3502 339 3562 ad
349 3504 469 3563 bonum
479 3505 598 3564 ordinis
612 3505 875 3578 conservandum,
887 3505 969 3566 etad
981 3504 1076 3566 linem
1090 3523 1110 3564 a
1121 3502 1223 3564 lunda·

219 3599 341 3661 toribus
353 3601 521 3674 intentum,
538 3602 716 3664 neccssaria
725 3602 943 3681 superioribus
957 3602 1159 3664 videbuntur.
1168 3600 1221 3660 Ve-

216 3713 286 3755 rum
299 3698 325 3756 si
335 3700 531 3784 asperitates,
546 3699 696 3762 diuturna
712 3700 939 3762 consuetudine
955 3704 1150 3780 temperata,
1167 3696 1225 3758 siut
