2582 4278
276 271 342 320 ΔΜ.
362 271 406 320 Vl.
426 269 601 319 conventus
619 268 827 318 ctelruntats.
1003 261 1058 318 i75

63 395 171 472 gestum
189 393 236 450 est
255 387 289 448 in
306 386 390 448 illius
411 385 566 460 absentia,
586 384 658 464 jure
681 384 808 464 quidem
830 383 981 462 subsistit,
1005 383 1061 446 sed

61 487 208 551 rescisioni
223 484 397 548 obnoxium
412 487 530 560 manet,
547 482 575 543 si
589 482 758 544 canonicus
779 483 941 562 neglectus
961 480 1061 544 nulli·

61 591 145 650 mum
158 587 320 665 provocet.
337 581 421 643 Nihil
436 586 520 644 eerte
534 585 601 642 tam
617 580 802 642 adversatur
820 579 876 640 fini
892 578 1061 659 cujuslibet

61 681 168 760 collegii
189 679 406 754 deliberantis,
432 677 575 758 quamsi
597 677 816 738 fraudulenter
836 683 1065 755 removeantur

62 779 174 861 quidam
192 776 389 840 consiliarii:
406 780 601 856 quapropter
623 774 771 844 omnibus
792 775 926 854 negotiis
946 775 1067 837 merito

61 876 223 957 applicetur
237 875 324 955 quod
338 874 377 936 de
392 873 546 936 electione
562 870 742 953 specialiter
756 871 875 934 dictum
890 872 950 933 luit
964 889 971 932 :
985 869 1066 934 Piae

60 975 86 1035 in
98 972 200 1034 talibus
223 971 375 1034 consuevit
396 979 582 1052 contemptus
602 970 692 1030 unice
706 969 805 1031 obesse
818 988 909 1050 quom
927 969 1066 1041 pluralem·

61 1070 245 1132 contradictio
257 1068 452 1152 inpraesenti.
468 1067 554 1150 (Gap.
565 1067 660 1128 Bona
674 1067 832 1141 memoria,
850 1067 900 1145 36,
910 1085 948 1128 nn
962 1070 1065 1130 Eccu-

61 1167 162 1250 riona.)

106 1268 146 1328 De
174 1264 336 1328 canonicis
364 1262 591 1345 praebendariis
622 1263 762 1342 agimus,
792 1266 827 1323 ut
855 1262 1066 1324 excludamus

62 1363 241 1440 honorarios,
266 1363 323 1443 qui
345 1362 455 1441 utique
471 1359 524 1440 jus
547 1378 611 1422 non
632 1360 753 1422 habent
776 1359 906 1422 sedendi
927 1358 959 1420 in
978 1366 1060 1422 coetu

62 1461 221 1540 capitulari,
241 1461 304 1523 nisi
318 1460 400 1522 forte
413 1459 531 1521 alicubi
542 1457 604 1520 hoc
612 1457 666 1538 jas
679 1457 755 1538 ipsis
764 1456 922 1519 tribuatur
936 1457 1067 1520 statutis

63 1558 174 1638 capituli
189 1560 214 1622 ¹.

109 1655 246 1717 Diximus
260 1660 294 1718 2⁰
310 1655 476 1716 Prasstilos
491 1654 523 1715 in
537 1653 695 1716 cioitme...
716 1653 916 1731 Regularitcr
928 1672 992 1716 non
1006 1671 1064 1714 vom

64 1757 157 1814 untur
170 1754 285 1832 procul
298 1753 455 1827 absentes,
471 1769 530 1814 nee
541 1753 600 1832 qui
613 1751 783 1814 difficulter
794 1757 994 1826 vocarentur,
1005 1755 1061 1813 aut

63 1867 118 1912 oum
131 1851 273 1930 periculo
283 1855 539 1930 expectarentur.
550 1850 592 1911 nt
603 1868 675 1912 cum
686 1848 797 1928 regula
809 1848 927 1911 habeat
939 1847 1059 1929 aliquid

64 1947 138 2010 nimis
150 1965 270 2028 vagum
283 1952 314 2009 et
325 1949 493 2024 incertum,
502 1945 555 2026 jus
572 1945 759 2010 canonicum
774 1947 929 2025 quosdam
943 1946 975 2006 in
990 1963 1063 2026 spe·-

64 2045 98 2106 oie
111 2063 194 2108 casus
209 2046 367 2126 expressit
378 2063 436 2126 pro
450 2046 565 2126 quibus
579 2043 687 2106 vocari
698 2044 815 2105 debent
827 2043 984 2119 absentes,
1000 2043 1061 2107 nisi

67 2142 138 2204 aliter
148 2143 312 2206 induxerit
326 2143 533 2218 consuetudo
549 2141 699 2202 nimirum
715 2140 920 2203 :electionem
935 2140 1064 2221 praelati

65 2239 234 2318 faciendam,
255 2241 457 2304 collationem
478 2239 722 2321 praebendavum
740 2253 796 2300 seu
819 2238 1064 2314 beneficiorum„

65 2341 88 2398 et
99 2339 297 2400 cessationem
311 2337 464 2399 edivinia.
477 2337 564 2419 (Gap.
576 2335 651 2399 Cum
666 2336 698 2396 in
713 2335 850 2412 ecclesiia,
867 2337 916 2411 33,
929 2353 968 2398 nn
977 2337 1067 2398 Pan-

64 2450 151 2498 nruors
165 2437 197 2498 in
212 2445 273 2511 v1⁰;
289 2435 367 2510 Quia
377 2443 515 2518 propter,
531 2437 583 2510 li,
595 2451 634 2498 nn
649 2436 840 2509 Exacrrone;
859 2433 1011 2510 Quamvis,
1025 2436 1057 2512 8,

64 2533 421 2615 onrncruOnnixxan.)
1064 2547 1069 2554 ·

103 2631 227 2694 Casibus
238 2631 312 2710 jure
326 2630 493 2711 expressis,
508 2629 564 2710 qui
577 2629 610 2690 in
622 2634 706 2692 statu
716 2629 865 2710 praesenti
876 2630 982 2692 locum
992 2648 1055 2692 nou

64 2724 163 2790 hahent
179 2731 265 2810 apud
280 2747 348 2806 nos,
360 2729 483 2808 ¹addere
504 2727 717 2797 necessarium
735 2728 860 2790 videtur
880 2728 911 2787 l⁰
933 2729 1061 2806 negotia

63 2826 146 2888 ardua
159 2834 188 2889 et
201 2819 317 2906 magni
325 2825 489 2902 momenti,
506 2845 536 2887 v.
552 2843 583 2904 g.
601 2825 824 2887 alienationem
837 2825 993 2887 bonorum
1007 2843 1060 2888 ce-

64 2919 149 2999 pituli,
160 2926 347 2988 electionem
356 2923 466 2986 vicarii
477 2923 659 3003 capitularis
669 2943 676 2998 ;
688 2925 722 2984 2⁰
731 2923 976 2985 deliberationes
986 2942 1064 3007 quee-

63 3017 288 3101 iusingulorum
300 3022 521 3102 prejudicium
537 3021 664 3084 tendere
676 3027 821 3100 possunt;
834 3021 867 3080 3⁰
882 3021 960 3083 alios
976 3027 1059 3083 trac-

64 3119 131 3180 tatus
148 3121 337 3200 capitulares
358 3139 416 3199 pro
431 3119 546 3200 quihus
564 3120 760 3180 consuetudo
781 3119 924 3181 locorum
946 3120 1007 3181 fert
1021 3125 1057 3182 ut

64 3214 187 3280 macutes
206 3224 370 3281 vocentur.
393 3218 503 3279 Plures
524 3217 695 3279 canonista
721 3216 904 3297 hujusmodi
927 3215 1059 3295 negotia

65 3312 254 3378 adnumerant
267 3317 350 3378 inter
365 3333 454 3377 casus
469 3313 633 3394 speciatim
651 3319 811 3394 exceptos,
825 3319 955 3394 propter
968 3313 1055 3394 pari·

65 3411 144 3473 tatem
161 3415 305 3490 redonis,
326 3432 363 3475 eo
378 3412 480 3492 magis
501 3412 589 3493 quod
600 3411 653 3492 jus
674 3412 861 3474 canonicum
882 3416 945 3472 tres
967 3430 1061 3474 casus·

98 3571 117 3621 l.
136 3573 170 3624 cl.
187 3574 344 3624 Thraciarum
368 3570 555 3624 resolutionem
577 3571 605 3624 S.
621 3573 649 3622 C.
666 3575 732 3624 tom.
748 3572 833 3632 XCVI,
857 3585 919 3636 pag.
934 3573 980 3624 543
1001 3572 1058 3636 (an.

66 3641 129 3708 litt),
137 3647 302 3700 ubircfertur
316 3662 347 3699 aa
357 3647 389 3700 de
398 3660 427 3698 re
438 3648 619 3700 controversia
630 3647 700 3700 inter
709 3648 872 3712 Episcopum
881 3648 1060 3700 Ventimilen·

66 3727 110 3772 tom
121 3727 143 3776 st
154 3725 311 3790 capitulum.
