2582 4278
225 281 275 336 i58
589 288 668 338 PARS
686 289 719 336 11.
740 289 867 339 utuntur.

221 405 399 468 Lucrantur
412 423 487 467 vero
507 404 561 484 qui
584 404 769 467 infirmitate
789 405 980 479 detinentur,
1003 405 1058 485 qui
1077 405 1229 487 Episcopo

221 501 404 564 celebrandi
424 501 649 580 pontificaliter
674 502 770 564 etiam
795 503 827 564 in
848 502 918 563 aliis
938 503 1074 564 civitatis
1098 503 1230 566 ecclesiis

221 601 380 676 assistunt,
405 600 459 679 qui
471 619 554 661 curae
566 600 714 663 Ecclesiae
729 600 866 662 choralis
875 600 1092 662 incumbunt¹.

287 699 326 760 ΙΙ.
344 698 454 770 Quoad
473 698 710 760 distributiones
727 698 892 774 manuales,
909 715 980 776 quae
995 697 1147 759 nimirum
1161 697 1233 760 liunt

223 795 390 857 occasione
405 794 538 873 alicujus
550 795 670 857 servitii
684 795 936 870 extraordinarii,
952 801 989 856 ut
1002 801 1081 875 puta
1095 795 1233 857 anniver-

218 891 310 968 sarii,
334 911 389 954 scu
412 891 530 953 lunens
553 893 594 953 ad
621 893 707 972 quod
733 893 876 970 canonici
896 892 1021 954 invitati
1045 898 1131 968 sunt,
1157 892 1232 954 ratio

216 985 369 1052 habende
382 996 430 1052 est
448 990 630 1052 intentionis
645 991 846 1054 donatorum.
863 992 896 1054 Si
908 991 1058 1052 fundator
1068 990 1231 1070 expetierit

217 1085 468 1149 anniversarium
483 1086 666 1149 celebraris
676 1089 828 1168 capitula,
839 1107 903 1150 non
918 1088 1042 1168 adjecta
1051 1087 1231 1150 conditione

216 1189 253 1246 ut
266 1184 443 1246 distributio
467 1185 524 1246 fiat
545 1190 678 1246 tantum.
695 1185 778 1248 inter
798 1191 980 1266 presentes,
1004 1187 1157 1247 standum
1176 1184 1229 1246 erit

185 1279 188 1284 '
216 1282 434 1343 consuetudini
448 1283 591 1344 locorum
609 1301 727 1363 :porro
743 1302 802 1344 usu
819 1285 980 1363 receptum
995 1283 1229 1344 arbitramurut

214 1395 266 1440 res
293 1380 405 1440 eodem
432 1380 526 1440 modo
554 1386 788 1460 componantur
811 1399 931 1459 aspro
957 1378 1227 1441 distributionibus

214 1477 416 1556 quotidianis.
441 1477 644 1539 Meminerint
665 1496 752 1540 vero
767 1483 932 1559 quotquot»
953 1483 1175 1540 convocantur
1196 1482 1228 1538 ut

84 1567 86 1570 ’
142 1653 144 1657 ¹
213 1573 319 1635 officio
333 1574 550 1651 anniversarii,
565 1575 616 1636 vel
630 1575 771 1638 defuncti
785 1575 942 1656 exsequiis
954 1574 1115 1651 intersint,
1130 1573 1223 1637 teneri

212 1669 305 1732 titulo
315 1689 379 1732 non
387 1672 488 1733 solum
500 1671 635 1752 pietatis,
645 1675 701 1734 sed
711 1672 1092 1754 etism,justitiae,adesse
1103 1671 1221 1748 officiis,
1242 1712 1244 1718 -

212 1774 245 1830 et
257 1787 367 1848 preces
377 1787 435 1848 pro
451 1769 601 1834 defuncto
615 1772 729 1834 offerre
743 1772 768 1832 ⁸.
817 1808 820 1816 ·
1123 1787 1127 1800 ·
1273 1829 1274 1832 ,

271 1869 342 1927 sti.
357 1901 397 1914 -
409 1867 463 1928 Vl⁰
481 1866 589 1928 Utrum
600 1877 630 1929 et
642 1877 789 1949 quatem
808 1867 979 1950 Epsieopus
997 1873 1140 1954 uocetur
1152 1864 1224 1927 ioui-
1273 1903 1274 1936 ι

210 1962 318 2045 pilare,
335 1983 373 2025 ne
386 1965 552 2046 capitulum
567 1975 596 2026 et
609 1967 749 2026 ccuout‘cc'
760 1983 812 2028 suo
827 1962 1063 2048 officiodest‘st?
1273 1951 1274 1974 ³

236 2095 240 2102 ·
268 2061 443 2142 Episcopus
453 2063 917 2142 debetpaternomoderamine
931 2069 962 2125 et
972 2063 1088 2124 ellectu
1104 2061 1218 2123 habere

207 2160 398 2240 capitulum,
423 2166 455 2222 et
474 2162 630 2224 dimittere
659 2161 868 2240 dignitatibus
896 2180 1011 2228 curam,
1034 2157 1219 2240 providendi

207 2263 294 2320 recto
323 2258 408 2320 illius
430 2260 585 2338 regimini,
613 2259 701 2340 quod
720 2266 829 2322 tamem
856 2259 1050 2339 pastoralem
1070 2258 1219 2321 sollicitu-

206 2355 314 2418 dinem
338 2357 570 2420 non¹excludit
596 2358 631 2418 Si
653 2356 738 2418 enim
760 2357 934 2436 dignitates
960 2375 1018 2419 suo
1039 2358 1159 2432 officio,
1185 2371 1219 2415 ec

206 2471 271 2534 qua
296 2474 355 2534 par
382 2462 430 2516 est
455 2455 627 2532 diligentia,
663 2455 753 2535 iungi
771 2455 952 2534 negligant3
970 2460 1026 2516 sut
1051 2457 1078 2516 si
1102 2455 1218 2518 ebusus

204 2550 388 2630 irrepserint
417 2554 532 2634 quibus
562 2551 735 2614 evellendis
766 2571 830 2614 non
863 2553 1020 2627 sufficiat,
1047 2554 1217 2638 Episcopus

205 2665 272 2708 non
295 2649 397 2710 solum
415 2651 486 2730 jure
513 2656 632 2731 potest,
661 2649 856 2730 quinetiam
880 2649 987 2712 stricte
1013 2656 1141 2712 tenetur
1165 2665 1218 2709 sue

205 2746 392 2808 auctoritate
424 2748 640 2825 intercedere,
672 2752 708 2808 ut
723 2753 838 2809 cuncta
859 2747 900 2808 ed
921 2749 1142 2827 praescriptum
1168 2763 1216 2807 sc·

205 2861 332 2906 crorum
350 2864 507 2906 canonum
534 2851 780 2926 componantur,
803 2853 958 2924 quantum
982 2845 1058 2906 sinit
1081 2843 1216 2907 conditio
1271 2867 1272 2880 .

204 2945 395 3021 temporum.
411 2943 490 3004 Hinc
505 2943 675 3004 concilium
698 2943 919 3004 tridentinum
935 2943 1037 3005 voluit
1059 2949 1094 3003 ut
1109 2967 1124 2998 a
1139 2939 1216 3019 cepi·

204 3039 283 3102 tule¹
298 3039 528 3101 cathedralium
565 3045 597 3102 et
632 3041 767 3102 aliarum
796 3040 952 3120 majorum
985 3039 1212 3108 Ecclesiarum,

251 3215 274 3264 t.
288 3212 408 3264 Tbesocr.
425 3211 488 3273 lies,
502 3214 567 3261 tom.
586 3210 670 3271 CXXI,
688 3224 748 3276 pag.
766 3212 820 3270 547,
838 3209 970 3260 eruditam
986 3223 1017 3260 ea
1030 3211 1062 3260 de
1074 3223 1103 3260 re
1117 3207 1212 3264 dlecus·
1270 3231 1271 3264 3

204 3288 310 3341 sionem
324 3288 415 3349 habet,
428 3291 455 3336 et
465 3286 644 3338 resolutiones
656 3285 682 3335 S.
699 3284 928 3349 congregationis.

250 3365 275 3412 2.
287 3363 416 3413 Dicuntur
427 3362 630 3413 distributiones
642 3361 712 3411 inter
722 3365 870 3425 presentes,
882 3359 1086 3410 distributiones
1103 3361 1214 3410 extraor-

202 3437 314 3490 dinarias
329 3452 389 3503 quse
403 3452 437 3489 ex
457 3438 606 3489 intentione
626 3438 796 3498 donatorum,
811 3436 1035 3488 interessentibus
1051 3435 1145 3496 officio,
1162 3441 1212 3482 non

203 3514 393 3577 coeterisflunt;
405 3515 452 3565 sed
461 3515 569 3566 easdem
580 3513 781 3564 distributiones
793 3512 963 3577 participant,
971 3515 1103 3576 quatenus
1111 3509 1210 3562 fictione

199 3577 268 3655 iubis
282 3594 425 3653 presentes
439 3589 561 3640 canonici
576 3601 668 3639 curem
683 3587 834 3638 animarum
849 3590 910 3637 actu
921 3590 1084 3645 exercentes,
1099 3583 1150 3635 nisi
1163 3581 1207 3632 ob·

201 3668 255 3718 stet
277 3664 402 3715 voluntas
422 3659 561 3718 testatoris
575 3663 618 3713 vel
643 3662 789 3714 donatoris.
813 3662 904 3712 Conci.
928 3675 961 3714 ex
981 3659 1159 3714 decisiones.
1184 3655 1210 3721 c,

202 3745 233 3795 ¹2
244 3743 311 3806 sept.
327 3743 397 3793 1874.
411 3767 441 3815 ῥ-
452 3741 517 3792 Acta
527 3740 555 3790 S.
566 3739 649 3801 Sedis,
666 3743 722 3790 tom
733 3737 800 3802 Vlll,
814 3753 874 3804 pag.
887 3740 1003 3792 itt-tlt.
