2604 4274
219 263 287 314 tur.
308 263 330 311 1.
351 263 497 314 bustualis
517 263 706 313 arsamum
726 262 866 310 pulvim.
995 250 1047 305 429

18 381 163 452 vatum;
190 377 222 438 id
250 378 357 454 etiam,
382 379 455 459 jure
480 379 621 460 proprio,
651 377 868 441 concedebant
891 373 1048 456 Episcopi,

20 481 130 554 prout
150 475 213 536 sibi
234 482 449 556 opportunum
470 478 656 551 videbatur;
680 476 786 537 sedin
806 474 913 536 Galliis
931 473 1053 534 rariora

22 578 125 634 erant
141 573 328 652 hujusmodi
343 575 518 656 privilegia,
536 595 575 637 ne
593 575 702 636 fideles
717 578 939 637 amoverentur
954 591 973 632 a
990 570 1053 630 suis

23 671 220 750 respectivis
252 673 449 751 parochiis...
480 673 654 736 Concilium
682 672 875 744 Parisiense,
910 669 1055 730 habitum

26 787 110 829 ann.
130 769 222 845 1528,
242 769 381 848 injunxit
400 771 608 850 suffraganeis
624 770 797 850 Episcopis,
815 773 848 830 ut
868 767 976 828 faciles
990 783 1054 827 non
1115 795 1124 808 ι

28 866 95 927 sint
111 867 157 927 ad
169 869 383 929 consecranda
396 869 512 931 altaria
527 868 700 948 portatilia,
719 890 734 925 u
746 872 781 928 ut
793 866 942 944 magisne
954 863 1055 942 magis

32 988 48 1020 «
73 963 218 1026 tollatur
230 965 353 1026 occasio
374 966 555 1027 celebrandi
579 966 689 1028 lllissas
708 965 741 1026 in
760 965 837 1026 loeis
857 982 894 1024 ac
913 960 1058 1024 oratoriis

34 1087 49 1118 α
75 1062 224 1142 privatio.
240 1085 255 1120 s
274 1065 405 1142 Insuper
417 1063 528 1125 statuit
542 1063 663 1125 licitum
676 1082 740 1124 non
754 1064 821 1124 lore
838 1085 853 1118 «
866 1063 898 1122 in
913 1059 1058 1121 oratoriis

35 1183 51 1215 u
75 1159 881 1241 privatis,quaeindomibusprivatoruminterdum
890 1158 1060 1232 habentur,

39 1283 53 1312 α
76 1256 193 1318 missas
209 1257 380 1334 celebrare,
395 1264 552 1337 praetextu
567 1258 810 1338 dispensationis
825 1258 915 1318 Sedis
927 1258 1062 1334 Aposto-

42 1376 55 1412 α
77 1355 165 1431 licoe,
178 1355 238 1416 nisi
247 1356 418 1436 priusvisis
428 1357 468 1417 ab
478 1355 654 1436 Episcopis,
666 1355 836 1436 recognitis
847 1354 938 1418 dictis
948 1350 1060 1413 litteris

42 1472 57 1510 a
78 1452 324 1531 dispensationis
338 1456 360 1514 ¹.
379 1478 395 1511 »

100 1551 182 1612 Gum
205 1569 317 1629 graves
339 1552 454 1613 abusus
475 1571 514 1614 ea
536 1553 575 1614 de
600 1571 633 1614 rc
654 1552 853 1614 induxissent
871 1549 1062 1630 importunae'

40 1649 243 1728 precationes
258 1649 408 1723 fidelium,
423 1657 454 1711 et
466 1650 566 1711 nimia
574 1649 923 1730 indulgentiaplurium
934 1649 1062 1728 Episco-

42 1765 170 1826 porum,
191 1747 297 1825 plures
315 1765 332 1807 e
348 1747 478 1808 diversis
493 1749 675 1828 regionibus
691 1768 710 1809 a
726 1748 860 1810 concilio
882 1746 1064 1808 Tridentino

44 1843 288 1922 postulaverunt
299 1850 333 1905 ut
343 1850 432 1906 tanto
441 1845 526 1907 malo
535 1846 648 1908 efficax
658 1845 833 1908 remedium
843 1843 1061 1916 adhiberetur;

48 1941 258 2020 quamobrem
272 1943 394 2022 prodiit*
405 1944 531 2005 concilii
545 1943 706 2005 decretum
719 1942 803 2003 istud
820 1961 827 2002 :
849 1963 863 2000 u
877 1943 922 2003 Ne
936 1941 1064 2022 patian-

48 2062 63 2095 (ι
85 2044 138 2100 tur
157 2038 329 2122 (Episcopi)
344 2040 475 2120 privatis
489 2042 521 2102 in
542 2041 699 2115 domibus,
719 2048 814 2120 atque
829 2040 959 2101 omnino
974 2044 1064 2100 extra

51 2157 66 2192 a
88 2136 272 2212 Ecclesiam,
292 2143 323 2198 et
339 2138 381 2198 ad
395 2139 538 2199 divinum
553 2144 678 2200 tentum
699 2139 819 2198 cultum
834 2136 979 2198 dedicata
994 2155 1063 2198 ora·

50 2258 65 2292 «
86 2234 179 2308 toria,
191 2235 231 2295 ab
241 2235 353 2296 iisdem
363 2236 537 2298 Ordinariis
550 2237 745 2315 designanda
755 2242 786 2296 et
796 2235 964 2307 visitanda,
977 2253 1065 2295 sanc·

51 2356 75 2389 «v
87 2337 155 2394 tum
171 2333 231 2394 hoc
246 2333 436 2395 sacrificium
452 2353 471 2396 a
486 2335 700 2409 sacularibus,
715 2339 770 2394 aut
785 2332 983 2410 regularibus
996 2331 1065 2412 qui·

56 2452 71 2490 u
90 2431 285 2511 buscumque
325 2432 487 2512 peragi...,
532 2451 594 2494 non
633 2432 832 2494 obstantibus
875 2429 1063 2510 privilegiis,

56 2553 70 2584 n
91 2528 353 2608 exemptionibus,
372 2530 639 2610 appellationibus
654 2550 691 2592 ac
705 2527 985 2592 consuetudinibus
999 2527 1076 2608 qui-¹

54 2626 295 2706 ebuseumqne.
309 2651 325 2683 »
357 2628 453 2708 (Sese.
478 2645 556 2704 xxu,
583 2631 707 2692 Deerat.
734 2627 770 2688 de
791 2626 859 2689 Ode.
881 2636 909 2687 et
924 2625 1010 2688 Ecit.
1032 2626 1065 2686 in

54 2722 157 2785 celebr.
173 2723 299 2804 dlz'ssae.)

111 2823 275 2882 Decretum
290 2823 415 2884 concilii
433 2824 607 2885 Tridentini
625 2842 734 2886 omnes
753 2826 794 2885 ab
809 2823 900 2884 initio
914 2839 952 2883 eo
970 2839 1063 2882 sensu

55 2919 249 2999 interpretati
263 2925 336 2980 sunt
351 2922 436 3001 quod
455 2922 696 2984 interdiceretur
712 2922 872 2984 celebrare
888 2921 1016 2984 Missam
1031 2921 1065 2980 in

57 3019 196 3080 domibus
205 3019 346 3098 privatis,
360 3020 394 3079 iu
404 3019 568 3093 cubiculis,
583 3021 690 3082 aliisve
701 3021 777 3106 locis
786 3021 926 3099 profanis
937 3019 1063 3092 aedinm,

58 3136 110 3178 nec
124 3116 156 3178 id
167 3117 314 3197 Episcopi
328 3117 464 3178 tolerare
481 3118 632 3180 deberent
643 3125 733 3179 extra
746 3137 837 3180 casus
850 3137 937 3178 raros
951 3117 1067 3195 quibus

59 3215 271 3296 urgeretratio
284 3215 460 3293 derogandi
474 3216 548 3276 huic
561 3215 746 3294 disciplinae.
760 3217 800 3276 At
813 3215 907 3275 simul
921 3213 1065 3293 pluribus

59 3329 236 3391 persuasum
255 3313 316 3373 luit
334 3331 398 3373 non
416 3313 561 3374 interdici
578 3315 691 3374 eodem
706 3313 832 3374 decreto
848 3313 987 3373 oratoria
1006 3311 1068 3389 pri·

59 3413 127 3470 vata
144 3409 176 3470 in
195 3411 342 3472 domibus
357 3411 554 3491 privatorum
568 3417 684 3486 erecta,
704 3410 875 3471 dummodo
891 3409 1016 3473 visitata
1035 3413 1067 3469 et

61 3506 231 3588 approbata
250 3514 355 3569 essent
372 3501 413 3570 ab
433 3509 605 3570 Ordinariis
626 3509 781 3583 locorum,
804 3513 836 3570 et
854 3508 923 3569 haec
943 3506 1068 3568 videtur

105 3706 127 3754 l.
144 3702 325 3768 Labbestotl..
337 3705 513 3767 conciliorum,
531 3711 594 3756 tom.
609 3707 673 3768 xlv,
690 3707 743 3758 col.
764 3709 833 3782 ero..
