2582 4278
195 262 262 313 aar.
285 262 304 310 1.
326 261 451 312 aarum
469 262 506 312 ΙΙ
525 260 718 312 oonsrlrurto
738 260 962 310 nostrumnon.
1034 254 1085 310 iii

71 379 218 454 debatur,
234 377 294 438 nisi
308 379 389 440 iortc
403 382 586 440 crearentur
600 375 744 440 canonici
756 375 920 438 honorarii
932 377 975 438 ad
992 376 1083 440 aun-

71 475 217 537 liandum
235 474 395 538 canonicis
411 474 598 548 senioribus,
612 473 664 538 vel
678 474 719 535 ad
732 473 968 536 inserviendum
984 474 1018 536 iu
1029 473 1086 536 mi·

71 573 204 634 neribus
221 572 366 634 servitiis.
388 571 498 646 Hodie,
511 571 588 634 'tum
607 572 692 634 intra
713 571 848 648 ltaliam,
869 577 938 633 tum
959 571 994 632 in
1015 571 1086 634 aliis

71 671 277 749 regionibus,
306 670 473 750 prevaluit
500 669 667 750 disciplina
692 669 821 732 creandi
848 668 1016 732 canonicos
1042 669 1085 732 ad

71 770 230 844 honores;
252 770 291 830 de
309 768 393 830 illius
410 768 610 847 legitimitate
630 787 740 832 omnes
757 767 968 843 consentiunt,
989 767 1085 830 modo

70 871 163 930 caute
178 866 361 930 serveturin
375 866 466 946 praxi
478 865 526 948 (n0
540 865 625 947 386).

130 965 203 1052 382.
219 1000 260 1012 -
277 964 347 1040 Oua
360 965 422 1026 aiat
441 963 518 1026 bono
533 963 712 1046 temporalia
728 962 874 1046 ‘capitolia
894 972 922 1026 et
936 963 1085 1026 coenoman

69 1061 246 1126 ottm'luto?

130 1161 325 1242 Capitulum,
340 1167 497 1240 quatenus
513 1159 682 1242 collegium
697 1159 757 1222 rite
776 1159 966 1234 institutum,
982 1163 1086 1239 potest

69 1259 191 1322 habere
206 1259 395 1339 temporalia
407 1259 502 1332 bona,
516 1277 586 1340 quaa
596 1259 630 1320 in
645 1259 741 1320 totius
756 1257 991 1319 communitatis
1004 1255 1087 1348 mili-

68 1362 167 1418 tatem
183 1356 401 1431 administrat3
417 1362 492 1419 sunt
503 1357 632 1436 insuper
644 1357 730 1420 bona
745 1374 817 1436 quae
832 1356 874 1417 ad
888 1355 1085 1433 singulorum

68 1455 297 1516 canonicorum
309 1455 512 1517 commodum
523 1454 731 1529 destinantur,
747 1453 885 1516 scilicet:
898 1450 1083 1525 Praebeudm

68 1551 305 1614 Dattibuttonea
314 1552 497 1634 quott'dtcna
507 1561 536 1614 et
549 1551 775 1614 dr'stributioaea
789 1549 954 1614 rncnuales.

127 1652 152 1714 Ι.
178 1650 348 1714 pretenta
369 1657 416 1714 est
440 1651 494 1731 jus
516 1651 711 1733 percipiendi
735 1656 907 1732 proventus
930 1650 1086 1713 bonorm

68 1750 296 1828 temporalium
311 1763 381 1830 qua
398 1750 489 1811 titulo
515 1749 730 1824 canonicatus,
756 1767 811 1812 seu
835 1749 989 1822 canoniae,
1014 1753 1087 1810 sunt

69 1863 206 1910 annexa.
224 1847 347 1926 Regula
365 1847 521 1926 generalis
537 1853 583 1908 cst
598 1848 680 1927 puris
696 1853 733 1909 ut
749 1847 854 1911 officio
874 1845 1086 1909 ecclesiastiea
1179 1859 1181 1871 ·

69 1944 248 2024 assignetur
257 1945 377 2007 bonum
386 1946 561 2025 temporale
570 1951 634 2025 ¹qam
648 1945 780 2008 clericus
790 1963 854 2008 suae
865 1941 1087 2006 sustentationi

68 2042 253 2120 provideat;
271 2044 479 2124 quamobrem
487 2043 559 2122 jure
572 2043 734 2105 communi
750 2042 924 2123 praebenda
940 2039 1085 2103 connecti

68 2140 161 2202 debet
175 2140 394 2215 'conculcatui
420 2160 547 2222 unaque
569 2159 641 2204 cum
664 2141 719 2203 illc
743 2140 889 2202 conferri.
914 2163 930 2196 a
949 2141 1019 2200 Non
1038 2141 1086 2200 eat

72 2259 85 2295 a
99 2256 292 2316 congruum,
303 2239 347 2300 ait
360 2239 540 2300 Alexander
556 2240 609 2314 ΙΙΙ,
624 2244 660 2299 ut
673 2239 847 2318 praehenda
857 2241 964 2300 careat
983 2236 1037 2317 qui
1051 2236 1085 2296 in

72 2336 291 2398 «canonicum
306 2337 446 2398 noscitur
462 2355 535 2398 esse
554 2342 711 2416 receptus.
730 2360 746 2394 n
770 2336 857 2416 (ttap.
879 2335 1032 2407 Relatum,
1053 2335 1083 2407 9,

67 2433 103 2493 de
116 2433 323 2513 Puaurtnls.)
337 2434 496 2508 Attamen,
512 2434 734 2496 animadvertit
747 2436 889 2513 Pugnan,
908 2456 923 2489 a
941 2430 1085 2512 quamvis
1179 2444 1181 2448 ·

67 2555 84 2606 a
98 2530 272 2594 eanonicus
282 2537 429 2594 essenon
443 2537 548 2612 potest
561 2532 634 2594 sine
647 2551 701 2611 spe
717 2537 749 2593 et
764 2531 986 2611 expectatione
1000 2545 1084 2609 prm·

69 2649 84 2684 «
98 2627 226 2702 bendae,
243 2629 376 2690 actualis
390 2629 561 2709 praebenda
573 2649 638 2691 non
652 2635 700 2692 est
715 2631 753 2691 de
770 2629 946 2692 substantia
958 2627 1084 2690 canoni·

69 2748 84 2782 (ι
98 2731 201 2788 catus.
223 2749 239 2782 »
260 2725 396 2808 (ln'cap.
415 2726 561 2802 Dilectus,
582 2735 616 2789 n⁰
633 2729 666 2801 8,
683 2728 722 2788 de
739 2730 930 2801 Panaenum,
949 2726 1004 2786 lib.
1029 2725 1083 2800 ΙΙΙ,

67 2823 288 2888 Decretalium.
306 2855 345 2874 --
359 2825 575 2901 Reiffenstuel,
588 2827 660 2888 eo'd.
677 2826 739 2900 tit,
753 2825 792 2888 n¹¹
807 2825 924 2906 ott-65.)
940 2826 1025 2886 Infra
1039 2821 1084 2884 di·

65 2927 163 2984 cetur*
177 2928 339 3002 quatenus
358 2923 392 2984 iu
415 2923 535 2999 Galliis,
558 2924 726 3003 pensiones
747 2925 860 2986 solutae
876 2921 1047 2984 canonicis
1065 2937 1085 2982 a

68 3019 219 3096 gubernio
243 3021 351 3082 locum
372 3025 502 3083 teneant
526 3021 780 3101 praebendarum,
809 3025 855 3098 (n0
882 3021 965 3100 594).
990 3017 1083 3098 Apud

69 3117 246 3178 canonistas
269 3117 373 3185 Grossi
391 3119 512 3198 fructus
536 3119 684 3180 dicuntur
705 3124 877 3200 proventus
902 3115 1082 3198 praebenda

69 3214 256 3291 muclenieis
271 3216 445 3280 obveniunt
460 3215 492 3277 vi
508 3216 557 3278 sui
571 3216 666 3292 tituli,
674 3216 931 3296 independenter
942 3214 983 3275 ab
996 3211 1082 3274 assis·

70 3312 246 3388 tentiatali,
263 3314 359 3375 taliae
376 3315 493 3390 officie,
509 3319 546 3375 ut
557 3315 798 3396 distinguantur
817 3309 1081 3376 adistributioni·

70 3407 342 3490 busquotidiauis,
358 3413 528 3493 dequibus
543 3415 645 3476 nunc'
764 3465 768 3470 .

125 3508 162 3568 ΙΙ.
179 3508 413 3572 Βὶειήῠαιίοηεε
425 3510 608 3592 quotidianae
620 3517 775 3574 vocantur
789 3529 827 3572 aa
839 3528 913 3590 pars
921 3509 1083 3570 fruetuum

71 3597 221 3680 beneficii,
237 3607 443 3670 canonicatus
453 3607 581 3684 scilicet,
597 3609 651 3688 qui
661 3607 881 3690 percipiuntur
893 3627 913 3668 a
925 3602 1086 3670 canonicis

74 3699 186 3762 ratione
196 3701 394 3782 singularum
404 3706 542 3786 partium
558 3707 654 3768 officii
664 3706 773 3780 divini,
786 3706 899 3787 quibus
911 3707 1082 3785 presentes
