2582 4278
223 259 277 312 roo
589 265 663 312 runs
684 263 718 314 11.
740 263 871 312 cinerei.
929 280 931 285 ·
958 237 963 246 ”

221 386 342 442 certum
355 386 403 442 est
416 379 610 443 venerabiles
624 379 753 442 Domini
767 380 959 456 sacerdotes,
977 379 1031 458 qui
1045 383 1135 440 tanta
1151 379 1242 441 solli·
1285 401 1286 412 ¹

222 479 359 540 citudine
376 483 527 558 tantoque
541 477 606 538 zelo
622 479 837 540 instaurandae
854 476 1030 556 disciplinae
1047 495 1162 556 operas
1182 478 1242 538 de·

220 578 333 638 derunt
354 575 544 636 institutioni
574 575 816 638 seminariorum
840 575 872 634 iu
898 573 1019 650 Galliis,
1046 575 1131 635 inter
1159 593 1242 654 quos

219 694 318 736 unum
328 674 494 734 citabimus
509 678 652 734 sanctum
662 672 863 735 Vincentium
878 692 898 733 a
911 673 1022 745 Pau10,
1034 671 1161 752 optima
1177 673 1240 732 fide

218 772 412 833 existimasse
431 790 541 832 senon
558 771 702 833 recedere
720 790 739 832 a
755 776 858 832 mente
879 772 1004 832 Sanetae
1024 771 1126 847 Sedis,
1143 769 1241 830 insti·
1286 795 1287 836 3

220 869 336 930 tuendo
346 869 522 947 etregendo
533 868 702 930 seminaria
711 868 777 930 sine
789 868 1062 930 commissionibus
1071 867 1110 929 de
1122 867 1243 947 quibus

218 967 328 1028 statuit
356 966 534 1040 concilium,
566 967 689 1027 temetsi
722 967 883 1028 decretum
909 965 1039 1027 minime
1071 965 1245 1043 ignorave-

219 1066 293 1128 rint.
307 1066 393 1126 Idem
404 1065 573 1126 dicendum
588 1066 627 1126 de
641 1071 688 1126 tot
696 1065 895 1126 Antistitibus
908 1083 987 1144 quos
997 1064 1137 1125 studium
1147 1065 1244 1126 disci-

219 1163 314 1243 plinae
327 1163 570 1226 commendavit.
590 1163 753 1224 Neminem
769 1163 897 1224 aliunde
911 1163 991 1224 latet
1009 1181 1107 1240 quam
1122 1163 1244 1224 uberes

218 1260 1243 1335 fructusexsuissemineriis‚earationeinstitutis,EoolesiaGal·

218 1360 332 1420 liarum
347 1358 571 1437 reportaverit3
588 1360 627 1419 de
643 1377 705 1437 quo
719 1378 783 1420 non
795 1359 893 1420 semel
905 1358 1079 1438 Episcopis‚
1094 1377 1170 1420 eum
1185 1377 1240 1420 re·

219 1457 370 1518 lationem
389 1460 488 1517 status
506 1474 635 1516 suarum
649 1456 827 1518 dioeceseon
848 1456 1034 1532 afferebant,
1052 1457 1107 1518 SS.
1125 1456 1241 1517 Ponti-

219 1554 294 1615 fices
308 1558 442 1632 paterno
457 1554 571 1614 affectu
586 1554 798 1632 congratulati
812 1558 895 1617 sunt.

277 1654 350 1713 Haeo
364 1651 390 1712 si
402 1656 519 1714 attente
535 1652 782 1728 considerentur,
799 1653 1053 1715 concludendum
1068 1651 1142 1725 erit,
1156 1670 1240 1732 prae-

219 1755 339 1810 sentem
354 1768 460 1810 rerum
475 1751 617 1812 ordinem
637 1756 701 1812 tam
716 1750 866 1820 diuturna
881 1757 912 1812 et
927 1750 1085 1812 constanti
1101 1767 1243 1812 consue·

218 1846 327 1907 tudine
349 1847 522 1924 firmatum,
544 1867 563 1909 e
585 1848 688 1928 prima
708 1847 828 1910 scilieet
850 1848 972 1928 origine
992 1847 1242 1909 seminariorum
1289 1869 1290 1892 1

217 1945 305 2023 apud
325 1963 382 2006 nos
400 1946 440 2005 ad
462 1947 704 2021 Concordatum‚
720 1951 752 2008 et
770 1965 790 2007 a
809 1947 1007 2008 Gonoordsto
1028 1965 1079 2009 an.
1098 1946 1178 2006 1801
1198 1946 1242 2005 ad

218 2047 361 2103 nostram
375 2049 512 2117 aetatem,
526 2048 614 2104 tanto
626 2046 732 2106 fructu
746 2045 788 2105 ad
802 2043 988 2106 clericorum
1000 2043 1240 2104 institutionem

216 2141 429 2214 observatum,
452 2146 546 2221 atque
570 2143 667 2203 tacito
695 2143 807 2204 saltem
839 2160 968 2204 assensu
994 2144 1117 2206 Sauotae
1145 2141 1242 2202 Sedis

216 2239 398 2316 probatum,
415 2243 483 2300 tuto
502 2240 620 2300 servari
639 2257 742 2318 posse,
765 2241 866 2301 donoc
885 2242 1002 2302 Sancta
1021 2239 1117 2301 Sedes
1139 2239 1241 2300 disci·

216 2335 336 2416 plinam
347 2337 558 2398 Ecclesiarum
571 2337 678 2398 Galliae
689 2337 875 2397 mutandam
884 2357 950 2400 esse
958 2336 1165 2417 judicaverit.

265 2541 445 2602 *Anrlcutus
459 2557 493 2604 11.
510 2573 551 2586 ·-·
564 2542 609 2602 DE
624 2557 895 2604 UNIVERSITATIBUS
910 2558 966 2603 SEU
980 2541 1171 2604 Aesontius·

276 2727 347 2787 372.
376 2759 417 2770 -
445 2726 478 2784 1⁰
501 2725 581 2800 Quid
597 2727 658 2787 sint
685 2725 900 2788 Unsbersr'tates
921 2725 1088 2801 catholica,
1118 2733 1238 2808 etqua
1263 2719 1268 2732 '

216 2824 396 2885 auctoritate
410 2822 549 2885 canonice
561 2821 803 2886 constituantur?
894 2812 896 2816 ¹

274 2923 297 2982 Ι.
315 2920 539 2982 Universitates
554 2922 756 3000 appellantur
772 2920 887 2982 scholae
905 2921 1041 3000 publicae
1061 2921 1094 2981 in
1114 2921 1238 3000 quibus

217 3038 307 3082 saera
320 3019 475 3095 doctrina,
496 3019 636 3082 soientiae
650 3019 811 3093 humanae,
826 3024 973 3098 artesque
993 3017 1140 3080 liberales
1165 3024 1236 3080 tra-

217 3117 343 3178 duntur.

274 3215 382 3276 PrIma
401 3215 647 3276 Universitatum
673 3214 764 3275 initia
788 3214 1001 3293 comperimus
1022 3215 1054 3275 in
1083 3214 1237 3276 domibus

215 3313 458 3392 episcopalibus,
475 3312 530 3374 ubi
544 3312 619 3374 olim
635 3313 693 3374 sub
715 3312 899 3391 magisterio
921 3313 1234 3374 Arcbidiaconorum

215 3410 319 3472 cleriei
334 3410 511 3489 disciplina,
523 3409 634 3472 litteris
648 3429 685 3471 ao
700 3409 863 3488 theologia
875 3410 1140 3475 informabantur.
1153 3412 1234 3473 Haec

215 3507 371 3587 deinceps,
389 3509 430 3569 eb
445 3513 557 3570 octavo
573 3507 745 3588 praesertim
761 3507 888 3582 saeoulo,
905 3508 990 3568 felici
1009 3525 1157 3568 successu
1173 3526 1233 3568 ex-

214 3605 300 3666 culta
315 3606 433 3666 suntin
450 3605 646 3668 monasteriis
662 3621 797 3682 quorum
813 3605 950 3682 plurima
965 3605 1141 3666 floruerunt
1159 3611 1230 3666 stu-

215 3703 267 3764 dio
282 3701 469 3779 litterarum,
488 3703 533 3782 ita
554 3702 739 3782 disponente
760 3701 868 3762 divine
889 3701 1092 3764 Providentia
1114 3703 1148 3765 in
1169 3703 1230 3764 bo-
