2642 4270
219 295 271 350 556
481 301 557 354 PARS
577 301 623 348 111.
645 301 703 349 titt
721 297 966 356 beataemariae.

215 419 415 500 antiquitate,
431 437 489 481 nac
504 418 606 480 ubivis
624 417 802 499 reperiatur
817 433 892 497 pars
907 413 1068 494 assignata
1080 413 1225 494 pauperi-

217 518 276 580 bus
291 523 321 580 et
336 518 482 592 labricae;
499 517 570 597 jure
587 516 806 579 concludimus
822 512 980 582 beneficia
994 530 1066 594 quae
1082 529 1123 574 ex
1140 511 1228 576 bouis

122 649 123 652 ¹
217 615 435 678 communibus
447 614 595 695 Episcopi
606 618 786 687 erexerunt,
799 617 835 674 ut
846 615 1000 692 perpetuo
1012 608 1107 672 titulo
1119 607 1228 672 addae.

217 719 359 776 terentur
376 711 483 776 officio'
498 711 656 793 spirituali
674 711 826 790 cujusque
843 708 962 782 clerici,
983 707 1117 770 fundata
1134 705 1226 768 fuisse

217 830 289 874 cum
303 828 398 872 onere
416 829 479 892 quo
494 809 687 889 gravabatur
703 827 807 870 massa
823 804 1017 881 commuuis;
1034 823 1110 884 ergo
1126 804 1229 872 clerici
1310 821 1311 826 ¹

217 909 394 971 debuerunt
407 907 501 969 titulo
512 907 642 986 justitia
657 907 726 970 haec
738 905 824 968 bona
837 905 1021 986 impendere
1034 901 1067 962 in
1082 901 1227 965 Ecclesia

216 1011 247 1068 et
260 1024 436 1086 pauperum
449 1005 659 1068 necessitates.
677 1005 763 1066 Idem
775 1004 916 1066 dicemus
929 1002 969 1064 de
983 999 1146 1063 beneficiis
1159 1017 1227 1081 qua
1310 995 1311 1078 l

215 1110 325 1184 postea
343 1110 448 1166 erecta
468 1108 542 1165 sunt
560 1103 671 1164 iisdem
683 1101 944 1176 'conditionibus3
968 1098 1094 1180 quoties
1112 1097 1228 1166 scilieet
1310 1139 1311 1192 ἐ

191 1219 256 1264 ‚ex
286 1203 401 1264 tabulis
425 1201 619 1263 fundationis
653 1200 854 1263 concluditur
879 1200 1067 1262 donatorem
1095 1195 1227 1258 lundum
1310 1217 1311 1252 t

215 1281 413 1362 constituisse
433 1317 471 1362 ea
490 1300 571 1379 lege,
596 1303 632 1360 ut
651 1298 783 1360 clericus
806 1297 858 1359 cui
878 1294 1072 1377 dispensatio
1097 1295 1227 1358 deman·

215 1397 322 1460 danda
338 1403 417 1475 erat,
434 1396 547 1458 exinde
564 1395 741 1458 necessaria
755 1395 814 1457 sibi
831 1398 1015 1468 assumeret,
1032 1391 1158 1473 reliqua
1169 1393 1225 1454 Ec·

175 1577 178 1580 *
215 1495 317 1557 clesiae
332 1501 363 1556 et
376 1494 569 1575 pauperibus
583 1499 739 1573 erogaret.

274 1594 425 1655 Eamdem
449 1593 675 1671 obligationem
700 1592 828 1680 insitam
850 1591 1011 1654 beneficiis
1033 1589 1131 1653 fuisse
1159 1607 1229 1670 quae

213 1691 337 1753 saeculis
351 1691 615 1770 subsequentibus
629 1695 735 1753 erecta
749 1695 833 1766 sunt,
849 1691 978 1771 quando
992 1688 1115 1752 institui
1131 1706 1230 1768 eoepe-
1310 1739 1311 1744 ,

213 1795 288 1851 runt
309 1790 477 1870 separatim
496 1789 705 1865 xenodochia,
727 1794 759 1850 et
777 1788 931 1868 assignari
949 1788 1034 1851 bona
1054 1785 1229 1868 peculiaria
1310 1795 1311 1804 ’

211 1887 341 1950 fabricis
358 1887 580 1962 Ecclesiarum,
597 1905 661 1948 non
680 1886 844 1966 probatur.
861 1885 1050 1965 Hujusmodi
1065 1883 1231 1949 beneficiis

211 1984 329 2065 potiori
342 1985 413 2063 jure
430 1984 631 2064 applicantur
647 1983 785 2046 rationes
802 2001 882 2063 quas
899 1982 995 2046 modo
1011 1982 1230 2045 referebamus

213 2100 252 2143 ex
267 2082 430 2143 canonista
445 2082 739 2162 Schmalngrueber.

272 2179 385 2242 Omnia
404 2179 532 2258 quidem
549 2181 704 2242 beneficia
723 2179 866 2260 ejusdem
885 2184 960 2242 sunt
977 2177 1103 2260 generis
1120 2177 1229 2259 quoad

211 2277 420 2338 substantiam
434 2278 496 2351 rei;
512 2278 608 2340 variis
622 2283 729 2339 autem
744 2277 979 2340 conditionibus
993 2276 1145 2340 constitui
1158 2287 1231 2356 pos-

211 2379 295 2450 sunt,
314 2375 419 2454 quoad
434 2374 662 2453 obligationem
670 2375 801 2455 justitiae
817 2374 1023 2456 impendendi
1039 2375 1172 2449 fructus²
1190 2392 1229 2436 ex

210 2472 299 2536 varia
311 2472 485 2557 intentione
496 2473 711 2534 fundatorum.
965 2479 967 2484 '

273 2571 453 2634 Constitutis
467 2571 565 2648 igitur
577 2571 750 2648 beneflciis,
767 2576 802 2632 ut
818 2589 903 2633 nunc
918 2575 993 2632 aunt
1007 2571 1094 2652 apud
1106 2588 1178 2644 nos,
1194 2569 1228 2630 in

211 2668 406 2730 dotationem
424 2668 622 2748 personalem
641 2668 757 2744 clerici,
775 2687 840 2730 non
857 2673 1006 2748 putamus
1020 2667 1228 2731 beneficiatos

209 2783 342 2847 peccare
353 2765 623 2846 eontrajustitiam
635 2766 903 2844 commutativam,
916 2765 943 2826 si
954 2765 1116 2846 superflua
1127 2765 1228 2827 bono-

210 2881 281 2924 rum
308 2863 494 2942 impendant
528 2863 560 2925 in
598 2882 689 2925 usum
712 2865 892 2944 profanum.
928 2865 1090 2926 Tenentur
1116 2867 1226 2925 tamen

210 2960 322 3024 eadem
332 2960 492 3040 superflua
503 2979 633 3039 erogare
646 2962 679 3022 in
689 2961 758 3041 pios
768 2980 853 3037 usus,
867 2961 908 3023 ad
916 2965 1055 3024 mentem
1062 2959 1224 3024 Ecclesiae.

269 3055 436 3133 Ceterum,
450 3051 1225 3132 sive'deredditibusbonorumecelesiasticorum,

192 3153 274 3218 'sive
293 3157 331 3219 de
353 3156 566 3218 oblationibus
587 3155 729 3217 fidelium
749 3162 873 3236 agatur,
897 3155 1099 3220 meminerint
1117 3154 1227 3218 clerici
1310 3163 1311 3238 J

207 3254 376 3316 verborum
390 3257 421 3317 S.
438 3254 622 3334 Hieronymi
634 3255 675 3314 ad
686 3254 896 3333 Nepotianum
910 3275 917 3318 :
933 3277 949 3312 u
967 3254 1104 3316 Obsecro
1115 3252 1226 3333 itaque
1310 3249 1311 3252 ’

210 3375 227 3410 a
249 3357 291 3427 te,
322 3358 353 3414 et
380 3358 523 3432 repetens
549 3351 676 3427 iterum,
704 3351 882 3432 iterumque
910 3352 1048 3414 monebo
1071 3369 1111 3412 ne
1133 3350 1227 3412 lucra

163 3481 168 3512 ι
212 3475 227 3508 u
249 3450 356 3514 saeculi
370 3451 402 3511 in
415 3449 531 3514 Christi
544 3449 657 3532 militia
671 3467 795 3529 quaeras
809 3467 817 3510 :
832 3467 889 3511 neo
903 3449 976 3530 plus
990 3449 1109 3512 habeas
1125 3466 1226 3532 quam

211 3573 227 3604 u
248 3549 376 3628 quando
391 3547 523 3610 clericus
538 3565 605 3609 esse
616 3546 738 3627 coepisti
751 3563 759 3608 :
774 3537 1006 3636 negotiatorem
1017 3545 1179 3620 clericum,
1192 3549 1225 3608 ot
1310 3567 1311 3592 r

212 3669 228 3702 a
249 3662 286 3707 ex
303 3646 398 3725 inope
417 3645 695 3719 divitem-factum,
714 3663 754 3706 ex
770 3644 905 3724 ignobili
923 3643 1108 3724 gloriosum,
1129 3642 1224 3725 qnasi

211 3763 234 3819 «A
250 3743 419 3820 quamdam
433 3748 555 3822 pestem
569 3743 643 3822 iuge
659 3763 690 3804 u.
708 3742 817 3824 (Epist.
834 3742 875 3804 ad
890 3739 1128 3824 Nepotianum.)
