2568 4272
174 323 242 370 aar.
264 321 291 367 V.
313 323 351 369 llll
373 321 622 370 ounlaarlonlcos
643 323 758 372 srlrus
779 325 941 373 nullalosl.
1012 319 1105 372 30l¹
1211 364 1217 392 q

102 437 1064 522 QuiexpostulantdispensationemadircdebentEpiscopum

47 536 191 599 dioecesis
201 537 256 599 ubi
266 542 339 598 actu
355 541 606 612 commorantur3
619 537 715 618 hujus
728 539 812 600 enim
828 538 1063 616 ordinarii‚non

49 635 188 709 alterius,
208 633 421 714 jurisdictioni
449 634 625 715 subjacent.
655 635 740 698 Nihil
764 637 859 698 refert
877 638 963 718 quod
989 642 1064 699 vota

50 732 209 810 religionis
223 731 256 792 in
271 732 335 794 alia
348 731 475 794 dioecesi
488 733 660 796 emiserint.

106 832 138 891 3ο
149 829 334 909 Superiores
344 831 624 910 congregationum
638 832 831 910 regularium
844 833 964 896 habent
978 853 1061 896 eom-

52 929 185 990 muniter
208 927 462 1008 jurisdictionem
489 929 695 1009 spiritualem,
719 936 755 991 ut
781 931 904 993 dicetur
924 932 1017 1005 infra,
1033 932 1064 992 vi

53 1027 136 1105 cujus
151 1027 485 1126 possunt‘dispansare
515 1045 612 1106 super
625 1028 707 1089 votis
731 1027 925 1108 simplicibus
952 1030 985 1090 in
1007 1048 1064 1090 sua

54 1125 293 1204 congregatione
314 1124 435 1186 emissis
457 1130 566 1186 autea
590 1131 798 1202 commutare,
816 1132 940 1188 servata
959 1127 1064 1188 forma

54 1223 163 1302 regulis
174 1222 314 1284 instituti
324 1223 509 1302 praescripta
519 1243 526 1297 ;
538 1242 660 1299 verum,
672 1224 755 1304 quod
768 1229 888 1305 spectat
899 1225 940 1285 ad
953 1230 1064 1286 votum

55 1321 240 1394 stabilitatis,
252 1321 383 1400 speciali
391 1321 534 1399 indigent
548 1321 682 1396 indulto,
700 1322 747 1383 uti
761 1341 857 1401 supra
871 1322 1061 1400 notavimus,

57 1425 83 1479 et
92 1419 206 1480 virtute
220 1417 316 1498 hujus
330 1418 455 1493 indulti,
473 1437 537 1479 non
553 1420 734 1499 dispensare
749 1419 856 1481 valent
870 1421 931 1480 nisi
945 1420 977 1480 ic
993 1430 1064 1481 actu

57 1515 230 1576 demissionis
248 1525 374 1578 tantum.
398 1547 436 1560 -
456 1516 587 1590 Quando
604 1516 770 1595 religiosus
790 1537 810 1578 a
828 1536 885 1579 suo
904 1517 1063 1597 superiore

58 1613 219 1675 dimittitur
224 1614 318 1693 juxta
329 1615 448 1676 formas
462 1614 672 1694 praescrIptas,
682 1615 830 1677 eximitur
844 1634 882 1677 eo
895 1615 990 1696 ipsoa
1000 1617 1065 1676 uin·

59 1713 121 1772 culo
145 1711 325 1774 stabilitatis
351 1695 657 1792 quo'communitati
680 1713 862 1789 uniebatur3
881 1713 936 1774 illo
960 1715 1063 1775 soluto

57 1810 184 1886 vinculo,
201 1811 265 1872 alia
283 1816 357 1872 vota
379 1810 430 1871 vel
445 1817 579 1884 cessant,
596 1830 635 1872 ex
651 1811 769 1891 praevia
785 1811 976 1890 conditione,
998 1814 1064 1874 sine

58 1907 115 1969 ulla
124 1909 368 1988 dispensatione,
384 1910 435 1970 vel
449 1909 519 1970 tolli
533 1915 664 1989 possunt
678 1909 718 1970 ab
733 1908 917 1985 Ordinari03
933 1918 1064 1991 excepto

58 2013 123 2067 voto
137 2006 289 2069 eastitatis
303 2008 389 2087 quod
403 2013 582 2069 reservatur
600 2009 631 2070 S.
649 2007 806 2069 Pontifici.
836 2008 990 2070 Habenda
1004 2016 1062 2085 est,

59 2123 91 2163 ea
98 2105 128 2164 in
142 2122 187 2184 re,
204 2105 286 2166 ratio
295 2105 553 2168 constitutionum
567 2105 831 2185 congregationis,
843 2106 870 2166 si
884 2105 942 2168 rite
952 2125 1064 2187 appro-

59 2201 213 2265 bataesint.

110 2303 146 2364 ll.
170 2301 308 2363 Obtenta
334 2301 590 2381 dispensatione,
611 2302 720 2363 sedulo
749 2301 912 2363 attendere
939 2307 1065 2381 oportet

61 2399 108 2458 sub
121 2399 233 2478 quibus
249 2399 481 2461 conditionibus
495 2419 643 2462 concessa
656 2400 762 2462 fuerit.

111 2496 241 2570 Quando
251 2499 282 2560 S.
295 2497 442 2559 Pontifex
452 2498 613 2578 dispensat
624 2497 808 2576 religiosum
822 2498 862 2558 ab
876 2515 971 2559 onere
982 2515 1065 2560 oom-

61 2596 195 2656 morandi
208 2595 242 2656 in
257 2597 449 2658 monasterio
465 2601 496 2657 ct
511 2597 655 2675 gestandi
681 2596 825 2658 habitum
839 2596 969 2671 ordinis,
987 2615 1062 2658 con-

62 2693 199 2756 ditionem
212 2711 295 2774 saepe
309 2693 431 2772 adjicit:
448 2693 544 2774 firmis
555 2693 777 2755 remanentibus
791 2685 867 2780 uotis
880 2693 1063 2757 substantio·

63 2789 127 2852 libas
140 2793 207 2853 citae
222 2790 380 2872 religiosae.
401 2795 488 2853 Tunc
503 2791 657 2870 regularis
671 2791 803 2876 solvitur
817 2792 1064 2870 obligationibus

64 2907 209 2968 quoscum
220 2889 331 2951 ordine
346 2895 563 2966 contraxeram
580 2891 635 2951 scd
646 2895 811 2952 remanent
819 2897 894 2951 vota
903 2890 1064 2969 religionis

65 3004 122 3065 quae
131 2987 427 3063 observaridebent,
437 2994 591 3068 quantum
607 2987 680 3049 sinit
690 2987 791 3048 status
803 2989 1063 3050 rerumilastitas

65 3085 204 3146 servanda
226 3091 273 3148 cst
296 3092 490 3167 :paupertas
522 3086 597 3147 item
619 3093 774 3146 eo³sensu
801 3085 888 3165 quod
910 3085 1064 3162 regularis

66 3183 212 3244 continere
231 3201 264 3244 se
283 3182 397 3244 debeat
413 3183 497 3244 intra
515 3183 628 3244 limites
647 3199 795 3263 congrum
814 3182 1062 3256 sustentationis,

66 3285 154 3340 elnon
163 3280 429 3342 valeatbeneficia
440 3281 653 3342 ecclesiastica
663 3279 795 3360 adipisci
810 3279 929 3357 absque
941 3278 1064 3341 indulto

67 3377 91 3436 S.
104 3377 270 3440 Pontificis.
293 3379 403 3450 Quoad
424 3378 650 3452 obedientiam,
669 3377 842 3458 Episcopus
865 3376 1065 3437 substituitur

67 3473 123 3535 loco
135 3475 258 3555 praelati
272 3476 437 3554 regularis.
1111 3476 1114 3482 '

115 3573 303 3652 Quandoque
315 3574 346 3635 S.
360 3575 507 3636 Pontifex
521 3574 695 3652 largiorem
709 3571 975 3653 dispensationem
992 3589 1064 3633 con-

70 3668 136 3729 cedit
154 3676 185 3732 et
204 3670 405 3752 aliquemad
422 3673 523 3733 vitam
547 3673 731 3735 saecularem
752 3669 885 3744 reducit,
907 3670 1063 3750 impositis

70 3768 209 3830 nonnullis
226 3769 380 3832 exercitiis
390 3760 529 3850 pietatis,
540 3770 735 3833 confessione
746 3767 979 3846 sacramentali,
994 3786 1064 3849 pre·
1141 3837 1144 3842 ,
