2632 4260
162 251 231 303 ter.
251 251 285 303 11.
305 246 503 302 eorulrtotttts
522 244 689 304 stoblslrn
708 243 747 296 tu
766 242 1008 296 onulttrlottult.
1059 237 1089 296 bi

84 369 230 433 tribueret
247 368 341 430 unica
357 365 555 428 ordinatione
571 381 579 427 :
599 367 719 426 etcum
736 359 806 424 herc
821 361 885 424 duo
901 360 964 426 sint
978 366 1095 424 natura

84 488 183 532 rerum
197 467 357 543 distincta,
375 469 408 527 et
420 464 545 526 nullum
562 462 676 524 citetur
689 464 932 528 monumentum
946 460 1093 525 traditio-

82 567 126 629 nis
136 566 222 647 quod
232 584 290 630 uos
299 566 414 628 doceat
425 562 585 628 Christum
595 561 639 622 sic
648 559 852 640 disposuisse,
862 558 913 622 vel
922 557 1095 638 aliquamlo

82 666 232 746 probante
259 663 401 726 Ecclesia
421 662 641 742 episcopatum
663 661 775 726 datum
795 657 891 726 tuisse
916 675 982 723 nou
1004 675 1091 738 pres·

82 767 198 845 bytom,
208 763 282 844 jure
295 763 428 826 dicimus
440 760 675 826 ordinationem
687 759 805 821 factem
815 775 854 821 eo
866 757 961 820 modo
974 755 1095 818 haben·
1110 799 1112 804 ,

83 864 150 924 dem
168 863 237 924 iere
256 861 304 924 uti
323 861 434 924 saltem
454 859 598 934 dubiam,
614 864 646 921 et
663 861 894 938 cousequenter
913 873 1021 924 rursus
1037 855 1095 922 ite·

82 960 222 1037 rendam,
241 960 361 1022 collato
373 959 462 1038 prius
476 958 700 1038 presbyteratu
710 957 733 1018 ¹.

136 1061 207 1124 326.
224 1093 264 1106 -
277 1060 320 1121 11⁰
335 1057 405 1134 Ossa
412 1075 510 1138 ponec
522 1055 591 1120 luter
605 1057 667 1118 erist
679 1064 785 1120 centro
798 1054 954 1120 ordinator
964 1074 1022 1138 per
1034 1055 1093 1120 sol·

83 1169 149 1236 tum,
165 1168 195 1220 et
209 1156 403 1239 quandonam
416 1154 586 1237 Episcopus
597 1156 694 1239 posset
707 1175 775 1217 cum
788 1152 1036 1236 europenses?

132 1257 157 1316 Ι.
174 1255 357 1317 Alexander
365 1256 393 1316 ll
402 1254 567 1334 respondit
579 1254 735 1334 Episcopo
748 1253 926 1318 consulenti
938 1253 1023 1316 circe
1036 1253 1097 1314 cle-

81 1357 175 1417 ricum
192 1355 250 1434 qui
266 1355 470 1417 diaconatum
489 1360 521 1415 et
538 1353 794 1434 presbyteratum
808 1357 1002 1433 susceperat,
1020 1353 1095 1413 sub-

83 1455 266 1515 diaconatus
282 1453 393 1516 ordine
408 1453 622 1534 pretermisso
639 1471 647 1513 ε
666 1476 682 1510 n
753 1451 907 1515 Chariteti
925 1457 989 1514 tuae
1004 1470 1096 1512 men-

84 1577 96 1608 «
110 1553 225 1614 damus
247 1558 284 1613 ut
306 1553 347 1613 ab
369 1551 474 1613 officio
496 1551 666 1614 sacerdotii
692 1570 766 1614 eum
791 1551 974 1631 prohibeas,
997 1551 1097 1614 donec

85 1676 97 1706 «
110 1651 259 1731 proximo
279 1656 416 1730 quatuor
431 1654 614 1730 temporum
628 1650 752 1730 jejunio
772 1651 1020 1712 subdiaconatus
1036 1650 1096 1712 mi·

84 1773 97 1805 «
110 1749 278 1814 nisterium
298 1749 358 1810 sibi
375 1749 436 1810 rite
454 1749 612 1828 imponas,
633 1755 664 1810 et
682 1749 727 1810 sio
746 1750 898 1830 deinceps
916 1748 957 1810 ad
975 1748 1098 1828 majora

84 1872 97 1902 «
110 1847 220 1910 officia
229 1865 302 1908 eum
314 1846 418 1908 redire
428 1847 596 1910 concedas.
610 1870 626 1906 u
639 1848 730 1928 (Gap.
743 1846 935 1924 Sollicitudo,
947 1846 1097 1928 dictur.)
1120 1843 1121 1847 ’

134 1946 187 2007 'bix
197 1945 254 2007 illo
266 1949 356 2008 textu
368 1945 587 2006 concludimus
600 1947 752 2008 clericum
766 1946 948 2009 ordinatum
962 1964 1020 2026 per
1033 1945 1098 2008 sal·

81 2051 141 2106 tum
171 2062 183 2106 ε
200 2047 233 2106 l·
247 2062 312 2106 non
329 2061 422 2125 posse
443 2044 622 2106 ministrare
640 2046 674 2107 in
694 2046 804 2107 ordine
821 2045 867 2108 sic
880 2045 1100 2124 irregulariter

82 2147 247 2224 suscepto;
270 2145 304 2204 2⁰
323 2143 365 2204 ad
386 2142 530 2206 altiorem
558 2143 727 2206 ascendere
751 2144 924 2224 prohiberi.
953 2147 1023 2206 Non
1051 2148 1098 2205 est

82 2248 189 2304 tamen
209 2241 373 2322 suspensio
394 2242 523 2322 proprie
547 2241 642 2318 dicte,
666 2242 822 2322 siquidem
844 2261 909 2304 non
932 2242 1098 2322 reponitur

82 2339 160 2402 inter
173 2339 324 2402 censurae¹
337 2339 453 2401 relatas
468 2358 488 2401 a
502 2341 726 2402 constitutione
739 2340 920 2422 Apostotr'cc
935 2339 1036 2402 Sedis.

19 2501 20 2504 ,
137 2439 178 2502 ll.
196 2438 371 2518 Episcopus
386 2437 568 2517 dispensare
587 2443 693 2519 potest
710 2457 782 2500 cum
800 2438 957 2519 promotis
969 2438 1100 2519 persal-

83 2543 156 2613 tnm‚
166 2536 267 2598 sinon
277 2536 1098 2618 ministraverint‚utordinespostpositosrecipient‚

84 2637 219 2716 maj0rss
238 2634 307 2714 jam
322 2639 485 2714 susceptos
504 2635 620 2697 exinde
643 2641 826 2712 exerceant,
849 2653 887 2697 ec
909 2635 1040 2697 tandem
1057 2635 1098 2696 ad

83 2733 259 2812 superiores
272 2732 455 2812 promoveri
468 2733 606 2795 valeant.
623 2733 730 2814 (Gonu.
745 2733 900 2808 Trident„
912 2752 987 2796 sess.
1004 2751 1097 2808 xxm,

84 2849 217 2910 cepxru,
230 2830 267 2892 de
280 2830 432 2911 Reform.)
443 2833 514 2892 Non
524 2831 686 2912 dispensat
695 2851 768 2894 cum
778 2833 893 2894 clerico
904 2838 940 2893 ut
954 2833 1098 2894 ordinem

84 2929 281 3010 superiorem
308 2929 451 3008 recipiat,
477 2947 537 2990 nec
564 2930 709 2992 ordinem
736 2936 918 3011 susceptum
942 2935 1097 3003 exercent,

85 3032 254 3106 antequam
271 3027 377 3088 ordini
392 3026 605 3106 pretermisso
619 3028 763 3090 initiatus
778 3029 889 3105 luerit3
906 3027 1099 3109 dispensatio

85 3130 190 3188 autern
198 3125 274 3186 data
285 3124 325 3184 ad
334 3125 480 3186 effectum
488 3125 680 3205 suscipiendi
688 3127 1097 3207 ordinemproetermissum,

85 3223 160 3284 alias
170 3222 420 3302 dispensationes
434 3223 597 3286 includere
612 3225 726 3287 merito
744 3225 959 3305 presumitur,
975 3224 1035 3286 nisi
1045 3242 1099 3285 su·

86 3321 188 3397 perior
209 3319 324 3381 limitet
343 3320 491 3382 effectum
511 3323 740 3398 concessionis;
758 3323 826 3385 haec
841 3323 924 3383 enim
940 3321 1003 3382 sibi
1017 3321 1098 3382 iuvi-

87 3436 153 3480 cem
176 3423 421 3481 connectuntur.
453 3419 547 3481 Retio
569 3421 721 3482 canonica
748 3440 804 3481 cur
830 3421 1034 3482 interdictum
1060 3420 1101 3479 sit

87 3517 269 3582 exercitium
284 3517 404 3580 ordinis
417 3518 565 3592 suscepti,
582 3524 629 3580 est
643 3520 868 3598 pretermissio
882 3518 1002 3580 ordinis
1018 3518 1099 3579 inie-

105 3775 107 3778 .
134 3722 156 3770 t.
165 3720 262 3774 Bened.
273 3720 338 3780 xtv,
351 3720 441 3773 const.
456 3721 485 3772 lc
496 3725 634 3786 portame,
652 3724 762 3782 §tlt-tt,
777 3735 821 3775 su.
833 3725 904 3774 tito.
