2604 4274
88 275 89 278 ’
203 251 257 306 412
471 257 544 304 PARS
562 257 610 303 111.
632 256 689 303 llllS
709 255 953 304 nceunsllsulcn.

203 393 335 456 peceare
348 373 486 452 graviter
500 373 555 452 qni
570 373 750 450 frequenter
764 371 903 433 officium
917 375 1036 444 mutat;
1053 369 1228 432 venialiter

104 497 106 504 ·
204 492 279 535 vero
295 473 350 552 qui
364 477 466 532 mutat
485 489 569 543 rare,
591 470 687 531 modo
710 469 844 530 mutatio
866 487 930 530 non
952 469 1008 530 fiat
1025 469 1058 528 in
1079 467 1227 529 officium

204 571 388 632 notabiliter
407 567 531 629 brevius
554 573 651 647 atque
671 567 737 628 sine
759 583 870 644 causa3
890 585 965 628 nam
981 567 1008 627 si
1029 567 1086 627 liat
1109 583 1152 628 ex
1166 565 1229 627 ali·

204 765 333 837 tudinis,
345 781 470 842 magnae
485 751 719 842 defatigationis
731 761 783 822 vel
797 759 943 840 specialis
952 761 1133 824 devotionis
1148 777 1226 839 erga

103 875 108 894 ‘
204 861 342 940 aliquem
352 863 514 934 Sanctum,
534 879 598 920 non
613 864 696 921 esset
711 865 880 938 peceatum
897 857 1033 934 veniale,
1049 861 1149 940 juxta
1169 877 1227 936 pa·

204 966 312 1022 tronos
323 959 416 1038 hujus
429 958 599 1038 opinionis.
976 979 978 982 ·

265 1057 399 1135 salpe.
414 1057 452 1116 de
465 1055 603 1135 Lignori,
620 1054 729 1116 relatis
742 1059 879 1135 quatuor
894 1053 1110 1134 opinionibus
1126 1054 1226 1116 dicit:

206 1179 222 1212 «
237 1155 345 1218 Prima
358 1155 410 1215 vix
425 1154 570 1214 sustineri
582 1158 703 1232 potest;
721 1153 860 1214 secunda
870 1159 902 1214 et
913 1153 1009 1215 tertia
1021 1152 1100 1214 satis
1110 1153 1229 1232 proba·

209 1275 224 1312 o
235 1253 314 1314 biles
332 1251 494 1325 videntum
516 1251 571 1341 sed
590 1257 738 1330 quartam
753 1251 925 1330 aequiorem
941 1255 1030 1330 puto.
1047 1244 1069 1306 »l
1083 1249 1138 1331 (N0
1154 1249 1224 1321 iul,

206 1349 434 1428 Ouarr'tcr,3⁰.)
451 1349 526 1409 lnde
537 1349 640 1409 varias
652 1348 780 1410 deducit
791 1367 903 1410 causas
913 1353 1102 1411 excusantes
1117 1367 1139 1409 a
1151 1348 1230 1408 reci·
1299 1408 1300 1412 ,

203 1449 323 1511 tatione
339 1447 436 1508 officii
449 1447 531 1507 inter
545 1465 623 1526 quas
636 1452 803 1509 enumerat
817 1465 924 1508 casum
938 1467 1002 1526 quo
1016 1445 1135 1526 aliquis
1151 1464 1225 1506 eum
1299 1469 1300 1476 ¹

204 1545 289 1624 socio
305 1545 417 1605 recitet
430 1543 581 1606 officium.
600 1544 807 1606 Rationabilis
825 1563 921 1606 causa
934 1545 997 1624 ipsi
1009 1543 1138 1605 videtur
1153 1543 1225 1622 ipsa

204 1643 348 1718 societas,
365 1660 438 1702 cum
449 1640 590 1702 Christus
599 1643 751 1704 Dominus
765 1640 880 1703 dixerit
894 1659 902 1703 τ
917 1665 933 1698 «
951 1641 1011 1704 Ubi
1022 1650 1094 1702 sunt
1105 1639 1226 1702 duone!

204 1751 263 1804 tres
270 1739 445 1820 conprepoti
456 1739 489 1800 iu
503 1740 621 1800 nomine
634 1758 709 1814 meo,
728 1739 771 1800 ibi
783 1759 849 1800 som
861 1739 894 1801 in
908 1739 1004 1802 medab
1020 1759 1135 1801 eorum.
1156 1763 1172 1796 s

262 1838 363 1900 Cardo
385 1837 580 1899 difficultatis
599 1836 632 1898 in
652 1854 689 1898 eo
712 1838 871 1898 vertitur:
887 1838 963 1917 quid
987 1843 1156 1900 censeatur
1179 1838 1222 1898 ad

106 1951 108 1955 ’
204 1935 422 2009 substantiam,
444 1935 520 2014 quid
542 1934 583 1996 ad
605 1935 738 1995 formam
760 1935 987 1997 accidentalem
1007 1935 1166 2014 pertinere
1186 1934 1221 1994 in

202 2033 306 2094 officio
321 2033 449 2094 divino?
463 2032 636 2094 Dicendum
655 2037 803 2112 putamus
820 2033 978 2112 pertinere
995 2033 1042 2115 ad
1064 2033 1216 2093 substan-

203 2130 280 2192 tiam
300 2129 396 2192 oflicii
414 2149 476 2190 non
496 2129 599 2190 solum
620 2130 705 2207 quod
723 2134 865 2190 servetur
882 2130 1040 2192 ordinatio
1060 2128 1219 2209 generalis

203 2227 354 2294 Breviarii
373 2227 478 2306 quoad
489 2226 743 2287 distributionem
754 2228 960 2306 psalmorum,
977 2229 1150 2303 orationes,
1163 2228 1225 2289 lec-

202 2325 304 2387 tiones
319 2326 434 2406 quibus
444 2325 581 2386 oilicium
599 2325 816 2402 componitur;
831 2327 886 2386 sed
898 2327 994 2387 etiam
1005 2327 1101 2407 quod,
1111 2345 1222 2388 serra-

203 2423 243 2484 tis
254 2423 371 2501 regulis
388 2422 586 2482 rubricarum
605 2422 767 2497 Breviorii‚
783 2423 840 2483 fiat
854 2424 911 2484 tali
926 2424 976 2484 die
989 2425 1028 2484 de
1043 2423 1217 2496 dominica,

205 2520 262 2582 tali
276 2521 326 2581 die
340 2522 379 2580 de
395 2520 474 2580 festo
494 2519 613 2594 Sancti,
632 2519 696 2580 alia
710 2519 759 2580 die
775 2520 814 2581 de
828 2522 917 2596 feria,
935 2527 1021 2582 etc...
1037 2523 1113 2582 llaec
1133 2521 1221 2582 enim

203 2617 296 2677 simul
312 2636 384 2679 eum
399 2617 537 2677 formula
554 2617 705 2679 Breviorii
720 2617 864 2698 praeoipit
879 2621 911 2682 S.
930 2619 1026 2681 Sedes
1040 2625 1072 2679 et
1088 2619 1131 2680 ob
1147 2637 1219 2682 mo·

190 2713 302 2784 xtivum
329 2732 436 2791 grava
460 2714 579 2775 seilicet
601 2718 637 2775 ut
659 2714 773 2776 debitis
802 2715 995 2796 temporibus
1019 2715 1223 2778 celebrentur

204 2811 353 2889 mysteria
377 2811 408 2871 S.
437 2811 613 2884 Trinitatis,
640 2811 755 2874 Christi
775 2813 911 2888 Domini,
941 2815 976 2875 Β.
1001 2814 1120 2889 Mariae,
1148 2833 1219 2875 me·

202 2907 303 2968 moria
317 2909 518 2983 Sanctorum,
548 2914 609 2969 etc.
635 2909 859 2981 Quamobrem
874 2911 1092 2972 concludimus
1119 2911 1218 2972 delic-

202 3007 270 3064 tum
285 3021 351 3065 esse
370 3009 494 3066 mutare
516 3006 637 3084 absque
658 3005 780 3068 ratione
798 2991 975 3082 sufficienti,
994 3009 1089 3070 etiam
1107 3009 1216 3086 semel,

177 3182 179 3186 ι
201 3100 342 3163 osticium
360 3101 433 3176 diei,
452 3103 484 3162 in
503 3102 590 3163 aliud
607 3101 770 3164 moraliter
783 3105 905 3183 aequale
927 3107 1033 3186 quoad
1054 3106 1219 3186 quantita·

201 3203 278 3262 tem.
292 3233 333 3245 -
344 3199 500 3261 Delictum
515 3205 622 3262 tamen
638 3219 703 3261 non
721 3201 937 3264 existimamus
952 3209 1119 3282 peecatum
1134 3221 1218 3265 mor·

200 3297 276 3370 tale,
293 3298 319 3358 si
336 3297 405 3360 haee
418 3297 551 3358 mutatio
567 3298 669 3358 rarius
686 3299 754 3375 fiat,
777 3299 930 3378 quianon
944 3305 1091 3363 censetur
1109 3300 1217 3379 gravis

201 3395 398 3474 perturbatio
416 3395 549 3469 ordinis;
567 3395 632 3456 imo
656 3397 768 3458 suadet
792 3398 963 3460 auctoritas
979 3403 1025 3460 tot
1047 3378 1216 3460 doctorum

203 3511 268 3556 non
287 3513 355 3556 esse
367 3498 532 3574 peecatum
540 3493 676 3570 veniale,
688 3494 714 3554 si
723 3495 779 3556 fiat
793 3497 983 3578 quandoque
994 3497 1116 3559 ratione
1131 3498 1222 3559 obse

201 3593 269 3672 quii
287 3610 364 3671 erga
378 3591 584 3672 superiorem,
607 3592 658 3653 vel
678 3592 840 3656 charitatis
857 3613 933 3674 erga
946 3595 1077 3671 socium,
1094 3602 1152 3659 aut
1167 3595 1215 3658 sui

202 3689 376 3765 solaminis,
391 3689 432 3751 ad
447 3694 586 3751 mentem
598 3691 630 3752 S.
645 3689 784 3769 liguori.

69 663 72 668 ’
164 686 269 749 ‘qua
278 665 459 730 rationabili
469 683 575 738 causa,
592 682 706 744 nempe
721 664 826 737 studii,
842 663 974 738 itineris,
988 664 1124 725 infirmae
1142 663 1229 724 vale·
1297 674 1298 698 ¹
