2568 4272
238 240 291 296 326
579 246 653 296 PARS
673 246 708 295 11.
730 246 917 296 andastaua.

237 362 337 426 videri
354 363 462 443 possit.
484 362 662 426 consulitur
681 341 775 424 simul
794 363 941 424 ordinum
961 362 1185 442 religiosorum
1198 363 1246 424 uti·

236 461 320 523 litati
332 466 363 523 et
377 461 615 522 ordinariorum
630 460 786 540 dignitati.

296 557 389 620 Noto.
402 558 564 632 -Quaein
579 558 830 638 praeeedentibus
843 558 928 620 dicta
938 559 1058 620 suntde
1070 561 1248 637 potestator

236 657 332 719 saeris
351 657 524 720 canonibus
545 661 665 718 asserta
676 656 884 736 Episcopisin
899 656 1059 734 regulares
1077 660 1246 735 exemptos,

235 773 300 816 non
317 756 518 835 applicantur
531 753 665 818 Vieariis
687 754 887 834 Apostolieis,
912 753 975 816 nisi
997 754 1030 816 id
1053 772 1116 834 per
1130 752 1248 814 ludulta

235 852 463 914 obtinuerint1.

294 952 364 1012 198.
379 986 418 996 -
430 951 484 1011 ΙΙΙ0
496 949 567 1026 Qua
575 950 616 1012 sit
619 949 796 1032 jurisdictio
806 949 956 1032 Episcopi
963 951 994 1012 ia
1006 948 1249 1032 congregationes

234 1047 410 1110 monialium
421 1046 651 1130 exemptarum?

295 1146 561 1224 congregationes
576 1145 764 1208 monialium
776 1151 931 1226 exempta
943 1145 1164 1226 subjiciuntur
1174 1143 1249 1222 Epis

234 1260 327 1324 eope,
344 1244 613 1322 quemadmodum
629 1243 896 1322 congregationes
910 1243 1063 1322 virorum,
1081 1243 1118 1304 in
1135 1242 1173 1302 iis
1187 1259 1247 1320 qua

232 1341 273 1402 ad
286 1341 504 1403 fundationem
517 1342 593 1402 novi
608 1346 780 1410 conventus
792 1342 983 1402 referuntur.
997 1343 1164 1404 Praeterea
1172 1338 1247 1418 Epis

233 1456 332 1519 oopus
340 1438 394 1518 jus
406 1439 504 1500 hahet
521 1457 528 1499 :
546 1439 577 1498 1ο
588 1438 746 1518 probandi
760 1439 957 1519 postulantes
972 1444 1004 1500 et
1017 1439 1160 1502 novitias
1173 1441 1246 1498 ante·

114 1603 115 1608 ,
205 1545 209 1565 '
233 1554 329 1616 quam
345 1537 553 1598 admittantur
570 1537 609 1597 ad
627 1537 773 1601 habitum
789 1537 961 1617 religionis,
982 1541 1014 1599 et
1029 1538 1070 1598 ad
1087 1533 1246 1616 professio

232 1635 322 1708 nem;
355 1637 386 1694 2⁰
415 1633 602 1714 invigilandi
630 1653 724 1714 super
752 1635 910 1712 clausura,
940 1641 974 1696 et
1000 1653 1099 1713 super
1128 1651 1244 1696 aoeessu

232 1736 455 1794 extraneorum
466 1732 506 1793 ad
518 1732 711 1794 monasteria
719 1733 924 1809 monialium
937 1735 969 1796 3ο
980 1731 1160 1794 adsistendi
1173 1730 1243 1792 alee-

231 1828 310 1891 tioni
338 1828 568 1909 superiorissae3
598 1835 630 1890 1ο
659 1830 817 1910 probandi
845 1831 1053 1895 confessarios
1081 1830 1141 1909 qui
1164 1825 1242 1890 electi

229 1926 347 1988 fuerint
361 1945 380 1987 a
395 1927 538 1989 Praelatis
549 1927 768 2006 regularibus;
788 1933 820 1990 et
833 1928 1008 2009 deputandi
1024 1924 1241 1990 confessarium

230 2024 528 2099 extraordinarium,
557 2025 740 2087 saeeularem
762 2031 818 2088 aut
843 2025 1033 2104 regularem,
1057 2020 1240 2104 quandoid

229 2121 437 2202 neglexerunt
451 2122 579 2186 Praelati
592 2124 766 2202 regulares,
780 2123 831 2184 vel
842 2123 946 2203 gravis
956 2128 1049 2202 urget
1059 2123 1127 2184 alia
1139 2135 1239 2190 eausa,

229 2221 261 2279 5⁰
275 2218 462 2298 invigilandi
477 2219 742 2282 administrationi
756 2221 913 2283 bonorum
929 2219 1170 2300 temporalium.

288 2319 333 2384 De
349 2317 450 2378 tribus
464 2315 605 2380 articulis
612 2317 772 2398 prioribus
790 2317 910 2380 dietum
923 2323 971 2380 est
984 2336 1091 2397 supra.
1111 2313 1238 2398 (111·161,

228 2416 299 2490 167,
318 2415 404 2496 190).

286 2513 311 2574 1.
336 2511 443 2588 Quoad
455 2511 670 2592 confessarium
684 2513 862 2576 monialium
876 2513 1097 2594 exemptarum,
1112 2512 1181 2574 haee
1194 2507 1239 2567 de·

226 2609 317 2672 finita
330 2616 404 2672 sunt
418 2631 438 2674 a
452 2611 483 2672 S.
501 2611 593 2674 Sede.

262 2773 264 2776 ,
287 2708 318 2767 1ο
333 2709 516 2770 Necessaria
529 2714 577 2771 est
590 2709 779 2788 approbatio
794 2709 943 2789 Episcopi
957 2707 1158 2770 confessarils
1170 2719 1238 2783 quos

225 2804 355 2868 Praelati
364 2807 525 2884 regulares
533 2807 787 2888 deputant,adeo
797 2807 982 2870 utinvalida
990 2808 1031 2868 sit
1040 2803 1205 2877 absolutio,
1216 2798 1237 2859 si

225 2902 305 2965 desit
312 2903 382 2966 haeo
390 2904 589 2984 approbatio,
603 2905 689 2984 quod
702 2905 998 2986 intelligendumest
1009 2904 1048 2966 de
1063 2904 1142 2984 ipsis
1152 2900 1236 2964 etiam

223 3001 366 3064 Proelatis
385 3002 597 3080 regularibus,
616 3003 642 3064 si
679 3008 836 3080 attentent
861 3002 1006 3083 excipere
1035 2999 1234 3065 confessiones

223 3099 411 3182 monialium
420 3099 481 3160 sibi
489 3099 716 3179 subjectarum.
728 3101 903 3182 Episcopus
911 3097 1194 3177 removerepotest,
1202 3105 1233 3149 ex

223 3215 319 3260 eausa
332 3197 525 3274 rationabili,
538 3198 747 3278 confessarios
765 3199 932 3278 deputatos
950 3203 981 3259 et
996 3194 1198 3276 approbatos,
1211 3183 1231 3244 si

223 3295 401 3375 superiores
416 3295 572 3357 admoniti
590 3314 643 3356 eos
667 3313 831 3358 removere
856 3296 1042 3370 detrectent,
1064 3311 1126 3354 nee
1150 3283 1231 3350 ratio·

222 3411 297 3456 nem
310 3411 375 3456 suae
394 3393 666 3456 determinationis
676 3398 804 3455 tenetur
819 3393 998 3472 significare
1013 3384 1227 3471 superioribus.

270 3560 335 3611 l.1d
349 3561 471 3625 sequitur
485 3575 517 3612 ex
531 3561 668 3626 responsis
684 3560 758 3611 haud
773 3561 855 3612 semel
872 3561 942 3614 datis
960 3575 975 3611 a
990 3561 1017 3612 S.
1035 3560 1120 3622 Cong.
1133 3557 1164 3606 ds
1176 3553 1226 3625 Pro·

136 3693 141 3701 ⁸
222 3635 351 3700 paganda.
361 3636 533 3700 (Collertaneu
541 3637 657 3687 derret...
671 3635 697 3686 S.
710 3635 912 3686 Sedisaduaum
925 3637 1104 3691 operar-sm
1116 3620 1227 3676 nticula

221 3709 373 3762 dilationum
384 3711 421 3762 ud
432 3715 543 3777 eeteros,
555 3725 619 3778 pag.
633 3714 672 3772 12,
686 3719 722 3761 n¹·
742 3709 780 3770 lt,
795 3709 833 3768 tt,
848 3705 899 3768 16.)
