2632 4260
290 193 301 218 e

232 251 267 302 28
599 253 672 301 PARS
690 254 724 301 ll.
746 251 879 302 chutici.

231 373 441 446 discebantur,
449 372 639 452 spondentes
649 388 682 432 se
692 369 772 431 nibil
780 369 998 450 postulaturos
1010 371 1249 433 adsuisustent-

232 471 390 546 ationem
411 471 444 532 3⁰
469 469 519 532 vel
538 468 666 531 tandem
687 469 742 550 qui
757 487 789 530 se
809 467 902 530 simili
925 473 1018 550 pacto
1035 487 1112 549 erga
1130 489 1248 550 paren·
1309 494 1310 558 ξ

228 575 278 632 tes
299 570 545 649 obligaverantssr
560 571 699 631 Censura
729 587 794 629 non
833 567 969 647 amplius
989 568 1075 647 riget
1114 587 1153 630 ex
1183 587 1248 648 quo

230 669 305 729 Pius
325 668 365 730 IX
386 667 484 728 edidit
503 666 767 730 Constitutionem
786 665 968 748 Apostclc'ce
990 663 1102 745 Sedc's,·
1121 668 1176 728 sed
1194 668 1249 729 lex

229 766 299 847 ipsa
319 770 445 841 manet3
466 764 623 844 undequi
642 764 699 826 tali
720 764 832 830 frande
853 769 1027 839 uterentur,
1051 764 1190 843 graviter
1213 766 1248 828 in

228 864 400 927 Ecclesiam
416 864 636 944 delinquerent
647 863 670 925 ¹.

289 963 359 1024 324.
376 997 416 1008 -
429 965 511 1024 Nota
523 964 565 1023 1⁰.
581 963 686 1041 Supra
696 961 878 1024 monuimus
888 962 1019 1024 clericos
1032 963 1171 1024 alienare
1181 982 1248 1025 non
1310 943 1311 998 Ὗ

228 1079 320 1142 posse
334 1059 461 1122 titulum
475 1077 578 1140 neque
594 1059 842 1123 ecclesiasticum
857 1079 960 1141 neque
974 1061 1247 1141 patrimonialem,

228 1159 397 1222 sinevenia
409 1159 575 1239 llpiscopi3
591 1161 631 1220 de
641 1177 706 1239 quc
719 1159 764 1221 ita
776 1160 886 1221 statuit
901 1177 990 1221 cone.
1009 1160 1095 1221 Trid.
1113 1183 1129 1217 «
1145 1161 1250 1223 Patri-

230 1283 246 1316 «
262 1258 441 1321 monium...
464 1257 613 1338 deinceps
633 1257 765 1319 alienari
786 1263 842 1319 aut
864 1257 1032 1336 exstingui,
1054 1257 1105 1319 vel
1126 1259 1248 1322 remitti

231 1383 246 1412 «
261 1357 442 1418 nullatenus
463 1356 572 1436 possit,
594 1355 662 1418 sine
681 1355 811 1418 licentia
829 1356 986 1436 Episcopi,
1008 1356 1109 1419 donec
1127 1359 1248 1420 benefi.

231 1455 345 1517 ocium
359 1455 518 1518 sufficiens
530 1455 594 1516 sint
605 1455 725 1536 adepti,
741 1455 792 1517 vel
807 1454 934 1516 aliunde
949 1455 1091 1536 babeant
1103 1456 1187 1518 unde
1201 1457 1248 1518 vi-

229 1577 244 1610 «
261 1571 335 1614 vere
354 1553 487 1634 possint.
504 1576 520 1610 n
536 1553 613 1615 lade
623 1552 663 1615 S.
679 1553 889 1632 Gangregatic
904 1553 944 1614 de
964 1552 1170 1636 Prcpnpunda
1184 1553 1246 1635 fida

227 1652 387 1714 concludit
400 1652 433 1713 in
445 1651 648 1713 Instructione
660 1670 735 1714 mox
749 1657 935 1728 memorata,
954 1674 970 1708 u
987 1653 1074 1731 quod
1088 1653 1114 1714 si
1128 1653 1246 1714 amisso
1312 1731 1313 1734 Ἴ

229 1776 244 1808 «
259 1751 363 1826 titulo,
375 1751 456 1814 alter
469 1751 498 1812 ei
508 1768 572 1812 non
582 1750 803 1823 substituatur,
815 1750 963 1813 sacerdos
975 1748 1063 1812 haud
1074 1755 1246 1831 propterea

228 1855 402 1911 «remanet
423 1866 611 1930 suspeusns3
633 1848 688 1910 sed
707 1847 866 1910 Ordinarii
885 1853 1034 1911 tenentur
1052 1849 1245 1930 compellere

227 1971 244 2006 «
259 1948 422 2010 ordinatos
436 1947 477 2009 ad
496 1947 625 2010 alterius
643 1946 729 2009 tituli
745 1946 1016 2026 subrogationem,
1034 1954 1128 2028 prout
1147 1949 1245 2010 sacris

228 2071 243 2103 κ
258 2046 433 2110 canonibus
447 2047 627 2108 consultum
640 2051 724 2108 est...
738 2045 863 2107 Pariter
877 2047 1054 2110 sacerdotes
1067 2047 1242 2126 regulares,

227 2169 243 2204 a
259 2144 315 2226 qui
329 2149 405 2208 rota
420 2146 573 2208 solemnia
588 2149 825 2225 nuncuparunt,
842 2149 937 2225 atque
952 2163 991 2208 ex
1008 2145 1184 2226 apostolica
1197 2146 1246 2206 in·

226 2267 243 2301 e
258 2243 422 2323 dulgentia
439 2244 473 2304 in
492 2242 607 2306 saeculo
626 2241 733 2305 vivere
746 2241 983 2322 permittuntur,
1000 2243 1051 2305 vel
1070 2244 1125 2324 qui
1139 2243 1245 2306 edide-

225 2366 243 2400 α
257 2349 332 2405 runt
354 2347 429 2404 vota
451 2341 608 2422 simplicia
628 2346 660 2403 et
681 2359 701 2403 a
721 2341 786 2402 suis
808 2341 1103 2422 congregationibus
1124 2343 1243 2420 egressi

225 2465 242 2498 «
257 2446 340 2519 sunt,
377 2460 417 2503 ne
453 2459 525 2502 curn
557 2439 679 2521 proprii
707 2440 823 2519 gradus
853 2439 1009 2502 dedecore
1043 2440 1242 2503 emendicare

227 2565 242 2596 «
257 2543 423 2619 cogantur,
441 2539 483 2599 ad
500 2537 560 2600 sibi
576 2537 616 2600 de
634 2537 728 2600 titulo
747 2537 900 2600 canonico
915 2538 1145 2618 providendum
1163 2538 1243 2600 obli-

226 2661 242 2694 «
257 2642 409 2716 geritur...
430 2661 446 2694 n

283 2737 365 2798 Nota
382 2739 425 2798 2⁰.
447 2737 482 2797 ln
503 2735 611 2799 Galliis
630 2740 749 2800 statuta
767 2738 948 2800 dioecesana
966 2737 1150 2816 praefiniunt
1169 2739 1242 2816 quis

222 2835 364 2896 redditus
375 2853 499 2896 annuus
509 2835 691 2914 requiratur
700 2835 741 2896 ad
750 2835 1007 2897 constituendum
1014 2833 1154 2910 titulum,
1167 2834 1242 2898 licet

221 2932 262 2994 sit
280 2951 337 3014 per
355 2951 389 2994 se
405 2933 599 2995 insufficiens
618 2934 660 2995 ad
680 2933 752 2994 vita
769 2934 1041 2996 sustentationem.
1060 2933 1123 2997 Sed
1139 2937 1241 2996 status

221 3032 446 3111 plerorumque
465 3031 652 3094 elericorum
670 3032 727 3113 qui
744 3049 803 3094 nec
822 3032 1006 3112 pensionem
1025 3037 1157 3107 certam,
1180 3051 1240 3094 nec

221 3130 356 3192 fundum
374 3129 563 3208 frugiferum
578 3148 617 3192 ex
635 3147 694 3191 sua
708 3130 831 3192 familia
848 3129 967 3192 habere
983 3135 1114 3210 queunt,
1135 3148 1241 3193 neces·

221 3229 348 3290 sitatem
362 3228 497 3303 induxit,
514 3234 551 3291 ut
568 3247 665 3308 supra
693 3228 843 3303 diximus,
853 3234 900 3296 ‚ut
913 3228 1025 3308 {clerici
1045 3227 1241 3308 {ordinentur

222 3325 281 3388 sub
295 3344 334 3388 ea
348 3327 446 3389 tacita
458 3326 640 3388 conditione
653 3327 739 3406 quod
752 3327 926 3389 ministerio
938 3326 997 3388 sibi
1009 3327 1239 3389 committendo

220 3424 252 3484 in
266 3424 394 3488 dioecesi
406 3442 519 3505 operas
531 3443 604 3488 suas
618 3406 740 3486 dahsrnt
752 3425 776 3488 ².

268 3587 290 3634 l.
306 3583 344 3634 De
359 3584 450 3634 Cenat.
462 3583 616 3650 Apostolicrr
627 3585 703 3635 Sedis
715 3585 820 3636 dicetur
829 3585 858 3634 iu
872 3586 918 3637 lv·
940 3587 1015 3650 purte
1030 3584 1237 3635 Pralectionum.

273 3663 297 3711 2.
313 3661 344 3710 ln
354 3660 476 3711 Ecclesia
490 3661 630 3712 blaxicana
641 3661 732 3726 praxis
746 3663 786 3711 est
800 3674 817 3711 a
831 3661 958 3712 diuturno
968 3664 1088 3725 tempore
1099 3664 1131 3710 ut
1145 3659 1239 3711 elerici

220 3735 468 3796 ordinenturtitulo
483 3736 729 3790 Administrationis
748 3737 781 3788 ad
798 3733 924 3788 obeuntia
942 3735 1037 3787 munia
1057 3733 1240 3787 ecclesiastica
