2582 4278
234 295 301 343 lnr.
323 295 357 342 11.
380 255 618 344 untvehelrtres
639 292 695 340 SEU
717 291 885 339 tolosum.
1014 283 1061 336 {tlt

63 431 127 473 num
149 411 295 474 Ecclesiae
316 411 513 486 universalis,
546 411 674 491 qnando
701 407 848 488 Episcopi
872 407 1059 486 plerumque

62 529 114 571 non
132 509 331 570 sufficiebant
348 509 538 570 institutioni
562 508 761 571 clericorum.
787 505 929 570 Tandem
947 509 1059 566 erectae

60 607 171 669 suntin
192 607 361 686 praecipuis
380 608 510 668 urbibus
529 606 646 668 scholee
673 605 808 685 publicae
835 604 876 665 ad
897 622 976 683 quas
998 603 1059 663 viri

59 704 138 784 periti
151 704 337 780 dialecticae,
350 705 585 784 Scripturarum
601 710 632 765 et
644 702 824 781 theologie,
841 701 959 763 multos
969 701 1059 762 disci·

58 803 137 882 polos
150 807 349 864 attraxerunt
363 822 371 877 3
390 821 429 863 ex
443 803 506 864 illis
520 808 627 864 autem
647 800 762 865 scholis
777 800 966 879 prodierunt
983 800 1059 862 Uni-

56 902 208 961 versitates
221 901 417 974 Parisiensis,
437 900 656 974 BononiensiS,
673 898 941 977 Salmanticensis,
957 901 1059 960 Lovo-

57 998 169 1072 niensis,
194 997 393 1074 OxoniensiS,
420 1003 451 1060 et
477 998 585 1078 plures
606 997 690 1080 aliae,
721 996 1061 1078 quarumpraecipuas
1118 1030 1129 1040 -

57 1101 177 1168 tantum,
194 1096 329 1157 honoris
346 1115 452 1170 causa,
472 1096 719 1157 memoramus¹.

105 1203 139 1263 11.
156 1201 385 1264 Universitates
405 1203 533 1282 proprie
551 1202 653 1278 dicta,
677 1219 747 1280 quae
766 1201 915 1261 nimirum
930 1203 1059 1262 tradunt

56 1318 164 1360 sacram
179 1299 383 1379 disciplinam
399 1300 643 1381 Scripturarum,
661 1298 842 1378 theologiae,
859 1298 942 1377 juris
962 1317 1059 1360 cano-

56 1397 116 1473 nici,
143 1404 219 1472 etc,
251 1417 324 1458 cum
346 1399 467 1460 caeteris
491 1398 639 1459 humenis
664 1397 813 1472 scientiis,
838 1415 902 1458 non
927 1401 1059 1476 possunt

58 1495 192 1556 constitui
205 1496 398 1574 regulariter
409 1497 469 1558 nisi
482 1496 668 1558 auctoritate
683 1495 831 1556 Ecclesiae
844 1514 852 1569 ;
868 1493 920 1556 cui
934 1512 1057 1556 sacrum

60 1591 120 1652 idei
134 1593 316 1672 depositum
336 1595 539 1656 commissum
563 1598 611 1655 est
633 1611 705 1655 cum
727 1593 907 1671 magisterio
925 1593 1058 1654 docendi

58 1690 191 1752 veritates
208 1691 377 1766 revelatas,
399 1692 494 1755 simul
510 1697 542 1752 et
558 1691 717 1753 doctrinas
731 1711 803 1753 cum
822 1690 867 1752 eis
881 1691 1060 1753 necessario

56 1805 210 1866 connexas,
230 1794 388 1869 quatenus
402 1789 611 1852 adrevelutas
625 1789 815 1852 referuntur.

103 1895 179 1973 lpsae
192 1897 346 1958 humanae
356 1897 494 1958 scientiae
510 1898 689 1958 subduntur
701 1896 881 1957 auctoritati
896 1896 1052 1973 Ecclesia,

55 1997 194 2069 quatenus
215 2012 223 2054 :
243 1996 274 2055 1⁰
295 1995 434 2057 Ecclesia
448 1996 556 2057 lumen
579 1995 654 2056 fidei
673 1994 855 2056 hominibus
875 1997 1003 2074 praelert
1023 1995 1055 2056 in

54 2090 174 2152 tenebris
186 2091 322 2154 inscitiae
338 2093 422 2155 circa
435 2094 588 2174 originem
609 2099 640 2154 et
659 2093 755 2153 finem
775 2093 921 2153 ultimum
937 2111 1054 2167 rerum,

54 2203 81 2245 ac
101 2194 184 2250 certo
208 2189 321 2251 delinit
340 2192 532 2271 quaestiones
554 2191 696 2252 'morales
719 2209 790 2270 quae
814 2191 1053 2253 difficultatibus

52 2282 538 2364 inextricabilibusobvolvuntur,
551 2290 577 2350 si
593 2289 673 2351 ratio
688 2290 829 2350 humana
847 2289 907 2350 sibi
926 2288 1056 2349 dimissa

53 2391 210 2458 praesumat
232 2403 270 2446 ea
288 2385 454 2447 discutere.
471 2389 504 2446 2⁰
519 2387 646 2448 ,Iudicat
666 2387 705 2447 de
720 2387 890 2461 erroribus,
909 2387 947 2446 de
966 2385 1052 2446 falsis

52 2481 371 2563 conclusionibusquae
380 2477 1054 2546 cultoresscientiarumhdmanarumabusu

52 2577 166 2639 rationis
179 2585 211 2641 et
228 2580 420 2659 ignorantia,
437 2582 621 2644 inducerent
641 2589 753 2643 contra
770 2582 918 2644 veritates
935 2582 1052 2642 revela-

51 2679 98 2735 tas.
115 2667 215 2739 «Non
231 2679 368 2756 pertinet
382 2680 424 2740 ad
438 2697 520 2750 eam,
538 2681 628 2742 aits.
649 2681 798 2754 Thomas,
815 2680 952 2759 probare
964 2681 1051 2758 prin-

53 2794 64 2824 «
76 2772 152 2852 cipio
167 2775 304 2836 aliarum
319 2777 532 2850 scientiarum,
548 2778 602 2838 sed
613 2779 756 2857 judicare
768 2779 807 2838 de
821 2778 876 2839 eis.
894 2779 1052 2858 Quidquid

52 2872 153 2932 renim
177 2874 210 2933 in
241 2873 310 2935 aliis
337 2876 473 2937 scientiis
497 2875 656 2936 invenitur
678 2877 805 2937 veritati
828 2874 923 2954 hujus
952 2876 1050 2958 (fidei)

53 2989 64 3020 n
76 2967 208 3033 scientim
224 2990 416 3052 repugnans,
428 2979 530 3035 totum
542 2973 772 3035 condemnatur
787 2980 823 3035 ut
836 2975 962 3037 lalsum.
974 2974 1050 3035 lude

52 3065 185 3129 «dicitur
207 3071 235 3131 ll
261 3071 415 3148 Corinth„
442 3089 473 3147 x,
491 3075 521 3145 1,
543 3071 669 3133 consilia
692 3071 875 3134 destruentes
891 3081 920 3134 et
936 3089 1051 3132 omnem

54 3162 264 3228 cottitude'nem
272 3168 461 3230 extollentem
474 3188 504 3230 se
514 3168 656 3230 adversus
665 3171 821 3232 scientium
835 3169 902 3231 Dei.
918 3193 933 3226 »
950 3169 1049 3250 (Pars,

52 3259 74 3316 1ι
97 3262 211 3334 Quaest.
234 3266 259 3337 Ι,
278 3271 336 3328 art.
353 3283 394 3341 v1,
418 3268 469 3327 ad.
493 3265 538 3348 2.)
561 3267 714 3329 Catholici
732 3269 829 3346 igitur
849 3266 1053 3329 scientiarum

87 3443 107 3492 l.
118 3445 207 3506 Quum
221 3459 277 3497 non
289 3446 446 3510 debeamus,
459 3461 507 3512 pro
523 3449 611 3512 operis
624 3449 756 3510 instituto,
773 3449 914 3513 originem,
929 3461 1051 3512 progres-

51 3523 119 3570 suet
128 3520 283 3574 discrimine
292 3523 501 3576 Universitatum
519 3524 716 3590 praecipuarum
727 3539 862 3586 enarrare,
875 3523 1052 3574 indicabimus

51 3591 175 3647 latonam
200 3598 380 3651 Universitatts
395 3599 588 3662 Portsieneim
608 3600 660 3651 vol.
679 3600 779 3661 in·lol.;
801 3600 873 3659 item,
892 3599 1004 3650 Htetoire
1020 3599 1053 3650 de

51 3663 197 3724 ltlniversite
211 3673 243 3725 de
259 3675 345 3738 Puris,
358 3689 407 3740 pcr
423 3675 538 3738 crevier,
557 3676 640 3728 lvol.
658 3676 736 3737 in-le,
751 3677 799 3726 uhi
816 3675 900 3727 multa
913 3676 1052 3741 reperiun-

53 3743 88 3792 tur
101 3746 132 3798 de
143 3749 364 3804 Universitotibus
380 3751 482 3814 Gallie,
499 3752 588 3815 ltalia,
609 3752 754 3816 ltispaniae,
768 3755 825 3804 etc:

881 3855 909 3910 6.
