2582 4278
92 2075 104 2093 ⁶
215 2107 233 2140 «
254 2082 389 2160 tulo,.et
406 2085 450 2144 sic
467 2089 572 2164 potest
588 2101 775 2160 convocare,
797 2083 1051 2163 justa-existente
1077 2100 1189 2156 causa,
1203 2082 1233 2140 in
1272 2087 1273 2136 i

147 277 148 281 Ἰ
212 207 263 260 172
577 212 650 259 rins
670 211 704 258 11.
727 209 858 259 cannot.

197 378 200 383 .
270 329 283 354 *
297 329 367 390 420.
385 329 462 397 -10
474 327 525 388 At
537 335 624 408 quem
631 327 787 406 pertineat
797 333 903 388 eatam
913 325 1117 405 capitularem
1130 342 1239 386 convo·

211 425 304 489 ecre?

269 523 447 602 Capitulum
462 527 664 597 convocatur,
681 527 750 582 tum
765 521 805 583 ab
820 520 992 600 Episcopo,
1011 525 1082 582 tum
1106 539 1130 580 a
1140 519 1240 600 digni·

211 626 289 694 tate,
303 622 425 682 ratione
440 620 551 682 hahita
566 619 708 681 materia
726 618 765 680 de
781 637 845 698 qua
859 619 964 696 agitur
981 624 1011 680 et
1026 621 1238 680 statutorum.

269 720 292 780 1.
304 719 476 797 Episcopus
490 722 594 796 potest
604 734 778 779 convocare
789 715 965 795 capitulum
979 715 1111 796 quoties
1126 733 1241 794 oppor-

209 822 320 878 tunum
332 813 456 894 judicat
469 815 557 876 illius
577 814 745 877 consilinm
763 814 939 892 exquirere,
959 815 992 874 in
1012 813 1158 891 negotiis
1174 830 1241 892 qua

209 915 388 976 referuntur
402 913 443 973 ad
453 913 572 974 honum
589 912 744 974 dietata
761 911 849 976 Idem
864 916 969 990 potest
987 911 1132 972 vicarius
1145 927 1240 989 gene·

210 1011 296 1086 ralis,
312 1029 367 1072 seu
379 1016 545 1090 prasente,
562 1029 620 1073 seu
635 1010 767 1071 absente
787 1008 958 1089 Episcopo,
972 1009 1003 1069 vi
1024 1007 1240 1086 delegationis

214 1108 357 1188 specialis
369 1109 409 1168 ab
427 1108 585 1188 Episcopo
600 1113 749 1188 accepta.

267 1205 443 1267 Concilium
471 1204 691 1266 Tridentinum
719 1204 863 1266 decernit
878 1204 1015 1284 ¹quidem
1046 1202 1234 1283 capitulum

209 1303 449 1365 convocandum
465 1304 545 1381 lore,
560 1303 690 1371 mente
701 1302 871 1382 Episcopo,
884 1303 927 1362 ab
939 1302 981 1362 iis
991 1303 1031 1363 de
1041 1301 1193 1381 capitulo
1203 1300 1238 1362 ad
1272 1331 1273 1396 1

209 1403 289 1482 quos
303 1401 341 1460 de
359 1401 432 1480 jure
453 1401 504 1462 vel
519 1400 558 1462 de
583 1400 812 1462 consuetudine
826 1404 968 1478 spectat3
988 1398 1043 1460 sed
1065 1399 1101 1460 id
1125 1398 1238 1460 statuit
1272 1397 1273 1438 1

212 1496 252 1558 de
280 1497 426 1576 capitulis
450 1497 616 1576 exemptis.
641 1499 699 1564 lta,
716 1497 945 1576 interpretatur
967 1497 1000 1558 G.
1025 1499 1141 1572 Petra,
1168 1500 1236 1576 post

139 1624 141 1628 ’
210 1597 341 1673 Eagnan
362 1601 394 1657 et
411 1596 562 1669 Barbose,
580 1618 598 1652 u
620 1612 660 1656 ea
676 1595 793 1658 aalide»
806 1594 941 1669 milone,-
962 1595 1077 1674 inquit,
1104 1592 1234 1674 quisin

219 1713 235 1751 o
256 1692 402 1771 capitulis
416 1693 571 1773 exemptis
583 1692 927 1756 laculnsccnvecenai
941 1691 1095 1752 tribuitur
1110 1697 1235 1752 tantum

219 1811 240 1849 n.
254 1790 423 1870 Episcopo,
437 1791 470 1852 in
490 1790 620 1870 reliquis
636 1781 792 1852 nomnen
808 1795 854 1851 cst
867 1789 1045 1852 necessaria
1063 1788 1236 1850 111111111-

214 1911 230 1945 u
252 1892 311 1962 tas,
326 1889 402 1968 quia
413 1905 483 1950 eam
497 1888 597 1952 hebet
611 1908 631 1949 a
637 1887 710 1968 jure
724 1888 899 1962 communi,
909 1905 1076 1968 ¹(puramque
1090 1903 1235 1949 commu·
1272 1913 1273 1930 ,

215 2007 230 2044 a
251 1985 336 2046 nicet
348 1985 477 2059 vicario,
492 1986 695 2066 qniproinde
707 1985 961 2065 jurisdictionem
981 1985 1129 2047 hebetia
1144 1983 1229 2063 capi·

217 2203 232 2240 a
253 2181 292 2242 iis
307 2181 440 2259 negotiis
462 2181 495 2242 in
520 2183 635 2262 quibus
650 2182 753 2262 juxta
771 2199 845 2252 suas
863 2182 1030 2243 facultates
1043 2181 1150 2260 judex
1170 2195 1231 2240 esse
1272 2207 1273 2256 ς

215 2299 230 2340 a
251 2284 366 2359 potest.
389 2278 601 2360 n(Cornment.
627 2280 661 2342 in
678 2283 724 2342 pn
747 2283 851 2350 Gonst.
870 2281 904 2341 S.
927 2277 1039 2340 Leonis
1056 2278 1081 2353 I,
1102 2282 1181 2339 sect.
1199 2292 1227 2348 11,

211 2396 245 2438 nr
260 2379 310 2440 52.
326 2381 416 2440 Tem.
429 2379 442 2439 1
456 2377 607 2452 Ferraris,
624 2386 658 2438 v⁰
672 2377 861 2458 Capitulum,
870 2381 934 2438 ert.
947 2393 969 2450 1,
982 2386 1018 2436 n⁰
1031 2378 1080 2436 16.
1094 2373 1228 2436 Aliunde
1272 2405 1273 2478 p

211 2475 381 2536 concilium
396 2475 617 2536 Tridentino-m
639 2475 781 2536 declarat
802 2493 840 2535 ea
860 2491 931 2554 qua
954 2474 987 2536 in
1007 2475 1108 2535 hoece
1129 2469 1230 2551 capite

212 2571 331 2646 statuit,
361 2571 467 2632 locum
498 2591 562 2634 nou
583 2571 745 2634 habereut
772 2572 805 2634 in
826 2572 865 2640 iis
885 2571 1031 2634 Ecclesiis
1054 2572 1087 2632 in
1117 2569 1229 2650 quibus
1272 2603 1273 2636 2

215 2667 409 2747 «Episcopi,
433 2673 488 2730 aut
513 2679 624 2731 eorum
649 2669 770 2744 vicani,
798 2686 848 2736 cx·
863 2668 1157 2744 constitutionibus,
1184 2663 1228 2725 vel
1272 2655 1273 2736 ζ

215 2790 230 2820 u
251 2765 436 2845 privilegiis
460 2772 517 2841 aut
537 2768 832 2842 consuetudinibus,
860 2784 916 2829 seu
944 2784 1148 2848 quocumque
1169 2763 1227 2825 alio
1272 2765 1273 2832 ἲ

215 2886 231 2920 u
249 2861 483 2942 juremsjorem
495 2863 616 2926 habent
628 2869 831 2945 potestatem,
851 2865 1076 2927 auctoritatem
1091 2861 1226 2944 etjaris·
1272 2939 1273 2944 ἵ

214 2985 230 3019 n
246 2961 428 3035 dictionem,
445 2977 541 3040 quem
553 2961 586 3022 in
598 2964 747 3041 prasenti
761 2964 889 3024 decreto
901 2963 942 3024 sit
950 2963 1223 3042 comprehensum,
1272 2969 1273 2974 ’

213 3082 230 3116 n
253 3059 368 3139 quibus
381 3064 491 3120 sancta
507 3059 646 3138 synodus
659 3079 724 3121 non
738 3060 873 3121 intendit
894 3061 1060 3139 derogare.
1081 3085 1096 3115 n
1118 3061 1223 3128 Porro,
1272 3129 1273 3138 ἵ

213 3147 439 3220 consuetudine
461 3157 613 3218 diuturna
636 3165 668 3218 et
690 3159 827 3232 statutis,
842 3157 999 3237 *Episcopi
1018 3159 1126 3220 valent
1144 3154 1224 3217 dele·

213 3273 289 3333 gare
303 3254 367 3316 suis
378 3253 502 3316 vicariis
517 3254 704 3317 facultatem
718 3256 917 3318 convocandi
932 3256 1109 3336 capitulum
1126 3251 1225 3316 cathe-

214 3348 477 3414 dralisEccl'esiae.
1127 3414 1133 3428 ‚
1212 3349 1215 3360 ¹

273 3451 311 3512 11.
324 3452 445 3512 Praeses
455 3450 587 3529 capituli
597 3451 806 3530 potestatium
816 3451 896 3514 iliud
907 3471 1092 3526 convocare,
1103 3445 1222 3530 quando
1272 3487 1273 3510 2

214 3545 320 3627 agitur
334 3546 372 3606 de
387 3546 525 3626 propriis
541 3547 677 3626 negotiis
691 3548 791 3628 ipsius
804 3550 954 3630 capituli;
971 3556 1004 3612 et
1017 3550 1043 3610 si
1058 3555 1220 3610 convocare
1272 3559 1273 3562 ’

214 3643 366 3722 negligat,
392 3645 577 3706 convocatio
597 3646 638 3706 ab
658 3664 698 3727 co
721 3646 791 3707 lieri
815 3653 919 3727 potest
938 3649 994 3728 qui
1014 3651 1060 3710 est
1078 3647 1110 3706 in
1128 3638 1218 3722 poda
1272 3635 1273 3638 '
