2604 4274
133 273 201 320 aar.
223 270 245 318 1.
265 269 354 318 oeldo
375 271 411 320 ΕΤ
430 270 532 320 lsshlld
554 269 651 318 blunt
670 269 791 319 barlen.
822 345 826 354 Ι
915 265 968 320 ³95

83 355 194 450 l'unite'
221 386 395 465 liturgique
429 387 507 448 dans
528 387 558 447 le
579 386 756 449 Patriarcat
777 387 970 463 d'Occident‚

79 488 158 549 roins
173 503 254 566 pour
266 485 312 546 les
327 485 434 548 oltices
446 485 548 546 divins
559 487 581 545 ¹.
603 507 619 542 »

81 641 88 654 .
112 594 229 654 -1110
255 591 335 666 Quos
360 591 591 670 reformationes
611 592 772 653 tentaverit
793 593 825 653 in
847 591 974 674 leturpr'o

79 711 132 752 *um
166 689 356 771 officioram,
392 708 427 750 oc
452 688 569 751 demum
602 689 806 772 compleverit,
837 689 977 752 Ecclesia

79 787 251 850 oosaerolo
265 787 338 850 xv⁰l
387 827 389 832 -

79 898 183 957 'sancta
197 895 293 956 Sedes
307 892 485 954 tentamina
497 892 730 954 reformationis
744 893 813 954 iniit
828 893 885 955 sub
900 895 982 957 Pon-

79 1015 85 1054 ι
99 993 214 1056 Leonis
227 993 265 1067 X,
280 990 449 1053 Clementis
463 992 521 1054 VII
535 996 567 1052 et
580 990 671 1052 Pauli
685 991 737 1051 ΙΙΙ.

79 1090 266 1170 ›Xoptavit
278 1090 451 1150 reformare
464 1088 604 1149 officium
620 1090 809 1166 Romanum,
825 1093 911 1169 quod
924 1091 983 1153 sibi
1088 1169 1089 1175 ἵ

79 1189 297 1269 imperfectum
311 1187 414 1248 visum
429 1186 488 1247 fuit
503 1185 626 1248 ratione
641 1187 808 1248 latinitatis
823 1193 854 1248 et
878 1189 982 1251 detec-

79 1288 181 1363 itices3
203 1305 241 1347 ea
262 1284 380 1365 quippe
400 1289 493 1346 atate
515 1283 753 1345 instaurationis
773 1285 1004 1362 humanarum,

79 1404 159 1458 rum,
185 1385 293 1463 plures
313 1383 551 1462 exprobrabant
569 1381 659 1442 libris
678 1381 834 1460 liturgicis
854 1383 987 1446 saeculo-

79 1481 308 1563 praeteritorum
340 1480 415 1559 styli
447 1479 665 1540 deformitates
696 1485 728 1541 et
761 1481 988 1560 prolixitatem.

79 1603 85 1641 ι
101 1579 237 1661 proinde
257 1577 415 1639 commisit
434 1577 576 1642 llerrerio
597 1595 697 1638 novos
712 1577 848 1656 hymnos
863 1578 988 1655 edendi,

80 1681 215 1740 excusos
239 1676 381 1738 Clemens
411 1677 466 1738 Vll
490 1673 691 1754 approbavit,
718 1676 932 1756 permittendo
956 1682 991 1739 ut

79 1783 108 1838 et
126 1775 274 1837 sacerdos
286 1774 326 1835 iis
339 1773 387 1834 uti
398 1773 518 1834 valeret
529 1773 562 1832 in
575 1772 760 1835 recitatione
774 1774 869 1835 officii
881 1774 990 1835 divini.

79 1876 274 1954 hymnorum
293 1870 481 1951 compositio
501 1869 575 1931 novi
595 1870 691 1931 etiam
710 1871 861 1932 Breviorii
879 1872 992 1934 editio·

79 1972 255 2045 nducebat,
272 1971 358 2048 quod
377 1969 520 2030 Clemens
535 1967 589 2030 Vll
603 1985 623 2028 a
637 1968 818 2047 Ouignoncs
836 1969 996 2032 Cardinali

85 2068 209 2132 Sancta
234 2066 341 2130 Crucis
360 2066 468 2146 parari
488 2069 520 2127 et
544 2065 657 2126 confici
681 2067 789 2128 voluit.
816 2068 997 2146 Quignones

80 2187 98 2229 n
117 2167 316 2230 Breviorium
332 2164 438 2244 reipsa
457 2163 602 2235 confecit,
618 2164 703 2243 quod
719 2183 784 2226 non
796 2165 901 2226 minus
914 2185 997 2228 rece·

111 2286 131 2327 a
159 2265 247 2325 libris
274 2262 445 2341 liturgicis,
478 2260 540 2322 huc
570 2279 671 2341 usque
704 2262 872 2338 adhibitis,
903 2281 998 2343 quam

85 2364 189 2424 orium
206 2360 350 2423 Ferrerii.
373 2359 482 2420 Dicere
499 2359 636 2420 sufficiat
648 2359 807 2421 Breviario
826 2361 999 2422 detraxisse

87 2479 157 2521 nam
183 2464 306 2539 partem
334 2456 593 2535 antiphonarum,
622 2441 906 2535 responsoriorum,
929 2476 997 2520 ver-

89 2609 91 2623 ,
111 2556 328 2628 homiliarum,
351 2558 382 2615 et
402 2553 534 2630 singulis
548 2552 646 2628 boris,
670 2572 710 2614 ne
725 2560 857 2636 excepto
873 2552 1000 2635 quidem

91 2685 93 2710 ·
115 2659 283 2722 nocturne,
306 2657 370 2712 tres
390 2649 611 2712 tantummodo
627 2650 766 2730 psalmos
781 2652 1000 2733 assignavisse.

93 2761 168 2822 ,ulus
183 2761 224 2822 Ill
243 2757 439 2819 Breviorinm
454 2756 498 2817 sic
513 2757 679 2818 reductum
695 2757 885 2840 approbavit
899 2778 935 2820 ac
951 2759 1004 2821 illo

94 2859 102 2920 i
113 2859 295 2919 facultatem
308 2854 462 2917 concessit
472 2855 619 2916 omnibus
632 2855 754 2917 clericis
767 2856 823 2936 qui
834 2857 1004 2936 petierunt,

97 2963 131 3018 ut
152 2957 205 3016 vix
224 2954 386 3034 prodierat
409 2953 494 3032 quod
512 2952 580 3034 jam
602 2953 634 3014 in
657 2953 832 3034 permultas
853 2955 1008 3018 Ecclesiae

99 3055 173 3118 entis
187 3055 345 3133 perlatum
365 3056 447 3112 esset
461 3055 492 3111 et
507 3053 707 3131 adoptatum.

101 3159 204 3216 tamen
219 3157 330 3211 notare
345 3154 391 3210 est
403 3149 501 3210 libros
515 3148 690 3228 liturgicos,
707 3151 772 3213 sive
785 3151 929 3228 Ferrarii,
947 3151 1010 3214 sive

114 3251 302 3330 Ouignones,
324 3263 487 3326 nunquam
507 3247 601 3308 fuisse
622 3250 815 3330 approbatos
833 3269 890 3329 pro
908 3250 1012 3311 officio

105 3369 141 3426 to,
157 3365 213 3408 neo
227 3345 374 3408 Ecclesia
387 3343 588 3406 universalia
602 3345 718 3407 Sancta
730 3346 809 3407 Sede
821 3347 1012 3426 propositos.

119 3447 218 3508 Aliam
228 3441 497 3516 reformationem,
513 3441 554 3502 ad
564 3443 784 3523 praescriptum
798 3449 941 3505 veterum
953 3450 1017 3506 tra-

110 3563 161 3608 am
175 3541 403 3620 liturgicarum,
419 3539 526 3619 plures
540 3545 732 3620 exoptarunt
746 3541 801 3622 qui
816 3561 873 3602 sua
887 3548 962 3604 vota
976 3541 1017 3606 ad

113 3734 257 3798 lutranger,
269 3728 436 3784 Institutione
445 3727 612 3796 liturpiqoes,
629 3732 696 3782 tom.
712 3731 733 3794 l,
750 3731 827 3795 ebap.
843 3744 888 3798 ιη,
901 3747 964 3799 pag.
981 3735 1027 3786 333
