2582 4278
228 267 278 321 {12
594 273 669 321 PARS
687 273 722 320 11.
745 273 873 321 chamot.

222 390 332 470 judici,
350 395 424 466 eta,
441 395 476 451 ut
489 389 652 469 scripturae
667 389 709 450 ad
722 408 812 450 suam
829 389 1083 468 jurisdictionem
1099 411 1156 454 seu
1174 394 1242 454 offi-

226 490 310 551 cium
334 488 504 550 attinentes
531 488 596 549 vim
624 487 764 549 habeant
795 488 829 548 in
855 489 925 549 loro
955 493 1097 552 externo.
1131 490 1242 552 Clerici

226 582 367 662 ejusdem
389 581 536 644 Ecclesiae
557 581 737 644 beneficiati
755 600 819 642 non
841 588 973 661 possunt
994 582 1113 645 habero
1136 583 1244 664 hujus·

225 673 311 742 mo'di
336 680 476 758 sigillum
507 697 692 752 commune,
719 679 780 739 nisi
808 679 948 741 efficiant
979 682 1159 761 capitulum
1183 683 1240 743 rite

226 778 443 840 constitutum.
458 777 543 858 (Cap.
557 776 993 855 Dilecta,ll,naErcuss1aos
1007 780 1241 858 rnnmronuu.)

287 879 319 936 4⁰
331 875 377 936 Et
388 875 426 936 ab
440 874 579 936 Ecclesia
588 874 687 936 calcal
693 849 813 955 publico
827 875 1021 940 addicuntur.
1033 877 1087 938 Est
1101 877 1243 938 officium

227 991 395 1035 commune
406 979 437 1034 et
448 973 613 1052 proprium
627 973 714 1034 omni
726 974 945 1036 communitati
959 975 1161 1050 clericorum,
1175 993 1242 1054 qua

227 1071 380 1132 venitsub
395 1071 522 1133 nomine
537 1071 679 1150 capituli.

286 1171 326 1231 ΙΙ.
341 1170 521 1248 Capitulum
541 1169 659 1248 duplex
676 1169 880 1248 distinguitur
901 1189 909 1232 :
926 1170 1014 1232 aliud
1028 1171 1180 1234 Ecclesiae
1193 1191 1242 1234 ea·

228 1268 393 1345 thedralis,
411 1267 497 1328 aliud
511 1267 658 1328 Ecclesia
674 1267 859 1345 collegialis.

289 1365 469 1445 Capitulum
483 1365 630 1426 Ecclesiae
646 1366 835 1427 cathedralis
847 1367 926 1427 illud
941 1374 1148 1448 nuncupatur
1161 1369 1241 1448 quod

228 1469 368 1526 erectum
383 1463 473 1524 estin
486 1464 625 1524 Ecclesia
647 1465 833 1536 cathedrali,
858 1471 894 1526 ut
917 1467 1056 1526 officium
1079 1467 1241 1546 publicum

131 1645 133 1648 y
229 1561 319 1622 chori
332 1561 505 1647 persolvat,
517 1562 672 1641 Episcopo
688 1562 857 1623 auxilietur
867 1563 900 1623 in
912 1563 1066 1641 regimine
1088 1564 1240 1636 dioecesis,

230 1665 336 1738 atque,
349 1659 422 1720 sede
435 1665 577 1734 vacante,
592 1660 684 1720 illum
694 1660 840 1739 suppleat
853 1660 887 1720 in
900 1660 962 1722 hoc
977 1662 1150 1740 regimine;
1166 1659 1241 1722 illud

230 1757 344 1818 merito
367 1757 515 1818 dixerunt
538 1764 683 1819 senatum
709 1763 741 1818 et
759 1758 925 1819 consilium
943 1759 1101 1840 Episcopi.
1121 1763 1243 1840 Reprae·

230 1859 335 1916 sentat
351 1855 583 1935 presbyterium
598 1857 683 1934 quod
699 1855 776 1916 olim
791 1875 938 1919 unacum
954 1857 1124 1936 Episcopo,
1142 1864 1175 1919 et
1188 1856 1243 1917 sub

232 1953 328 2014 ductu
355 1953 507 2032 praesuliS,
527 1954 699 2015 Ecclesiam
723 1955 862 2032 regebat,
887 1955 953 2022 sine
979 1974 1042 2034 quo
1071 1955 1244 2035 Episcopus

230 2051 311 2112 nihil
326 2051 536 2112 determinare
549 2033 766 2113 consueverat.
789 2073 804 2110 u
817 2053 1030 2134 Quamquam,
1047 2055 1091 2115 ait
1103 2057 1142 2114 P.
1162 2053 1241 2114 Tho·

233 2172 249 2205 a
271 2149 399 2222 massin,
414 2149 504 2210 nulla
515 2154 596 2210 esset
608 2150 784 2210 communis
795 2151 869 2211 vitae
879 2151 1105 2212 societasinter
1115 2151 1241 2212 clericos

235 2270 250 2303 a
270 2248 482 2308 Ecclesiarum
505 2246 734 2308 cathedralium
753 2266 812 2327 per
826 2249 932 2327 priora
949 2249 1078 2324 saecula,
1096 2268 1156 2310 nec
1171 2249 1247 2309 intm

233 2367 249 2402 «
272 2363 315 2421 se,
332 2365 390 2406 nec
404 2364 477 2406 cum
491 2346 659 2425 Episcopo,
677 2345 897 2406 coalescebant
914 2350 1022 2407 tamen
1042 2348 1089 2407 illi
1103 2348 1137 2407 in
1152 2353 1243 2408 unum

233 2466 248 2499 a
266 2444 435 2522 ¹quoddam
450 2443 551 2504 veluti
569 2461 683 2523 corpus
700 2461 774 2504 cum
793 2462 840 2519 e0,
856 2450 888 2505 ct
907 2444 940 2503 in
953 2450 1083 2526 partem
1095 2444 1244 2505 sollicitu-

234 2563 251 2596 ι(
273 2541 366 2616 dinis,
389 2546 483 2620 atque
503 2541 536 2601 in
556 2540 682 2620 imperii
703 2541 784 2602 sacri
799 2542 971 2620 quamdam
990 2542 1177 2603 societatem
1191 2559 1239 2601 vc-

237 2660 252 2694 «
275 2637 443 2700 niebant...
459 2638 567 2700 Clarus
583 2642 734 2700 Romana
748 2639 897 2701 Ecclesiae
911 2640 1047 2700 formam
1061 2658 1128 2718 prae
1145 2658 1177 2700 sa
1190 2639 1243 2698 lert

240 2755 254 2794 a
276 2735 343 2813 ejus
365 2737 441 2797 cleri
464 2738 519 2816 qui
540 2736 615 2798 olim
639 2737 771 2814 singulis
794 2737 827 2797 in
851 2737 1086 2798 cathedralibus
1106 2734 1243 2798 Ecclesiis

241 2853 256 2892 a
276 2832 431 2913 Episcopo
450 2835 669 2913 copulabatur.
696 2837 825 2896 Constat
844 2835 928 2895 enim
943 2835 1078 2896 Romani
1093 2831 1245 2897 Pontinus

241 2955 255 2985 ι(
271 2931 372 2991 clerus
386 2931 577 3010 presbyteris
597 2932 801 3012 diaconisque
816 2932 1044 3008 cardinalibus,
1063 2951 1135 2993 cum
1150 2928 1246 2993 Ponti·

240 3051 256 3084 «
277 3029 389 3104 ficc‚et
399 3030 456 3089 sub
467 3031 619 3091 Pontifice
629 3029 887 3110 conspirantibus
897 3036 929 3091 et
938 3029 1207 3091 collaborantibus
1215 3026 1242 3084 in

242 3147 257 3184 a
278 3126 475 3203 consistorio,
490 3127 529 3188 de
542 3128 679 3206 negotiis
693 3129 841 3190 omnibus
856 3145 926 3207 quae
942 3146 981 3188 ex
993 3128 1141 3188 universo
1157 3122 1244 3188 chris·

244 3246 258 3283 α
279 3224 366 3286 tiano
385 3225 462 3286 orbe
484 3227 618 3286 Romam
635 3227 827 3288 referuntur.
844 3249 861 3281 »
878 3223 988 3305 (Vetus
1006 3235 1037 3286 et
1050 3223 1139 3288 Nova
1151 3218 1244 3284 Dc'sci-

237 3322 334 3402 plc'oc,
350 3328 434 3402 part.
451 3323 475 3397 l,
490 3323 545 3386 lib.
563 3325 615 3400 ΙΙΙ,
633 3343 702 3402 cap.
720 3323 790 3404 vu.)

299 3422 335 3482 In
359 3440 396 3482 eo
416 3426 502 3483 statu
515 3423 678 3501 hucusque
692 3421 883 3484 remansisse
898 3421 1042 3501 Capitula
1061 3414 1245 3483 cathedralia

242 3535 281 3578 ax
303 3518 447 3596 pluribus
474 3520 669 3600 argumentis
694 3519 891 3594 deducimus,
907 3519 1068 3599 imprimis
1081 3533 1129 3580 'ex
1151 3521 1247 3577 tenore

243 3616 513 3679 Concordatorum
524 3622 556 3678 et
568 3635 608 3678 ex
621 3616 898 3678 constitutionibus
911 3617 1077 3674 occasione
1088 3605 1248 3670 Concorda-

244 3718 349 3776 torum
364 3714 456 3776 datis.
479 3714 622 3788 Piusvll
637 3715 794 3776 rationem
807 3713 908 3785 aliert,
925 3711 958 3769 in
973 3709 1064 3769 Bulla
1080 3701 1246 3770 Cllrr‘stt'Do·
