2582 4278
203 263 258 319 {54
428 251 433 260 '
571 269 645 319 rsus
664 269 700 318 u.
720 267 853 320 cunam.
878 330 883 340 .
1269 182 1274 371 ²

202 403 279 468 pore
295 406 358 467 quo
378 405 443 448 non
461 387 567 448 adhuc
590 389 681 447 erant
704 384 874 448 seminaria
892 384 932 444 ad
955 381 1208 444 informationem
1273 374 1274 382 '

202 485 293 561 cleri,
315 503 374 546 nee
396 483 577 546 invaluerat
598 483 707 564 praxis
731 482 937 546 collationum
960 497 1031 560 quac
1055 479 1209 540 habentur
1276 505 1277 532 i

202 582 289 645 inter
301 583 481 644 sacerdotes
496 583 535 643 de
546 581 642 642 variis
656 580 885 660 quaestionibus
899 577 1067 659 theologica
1081 582 1116 638 et
1125 577 1214 656 scrip
1276 591 1277 614 ³

203 686 371 756 turanum3
388 679 475 742 haud
496 680 629 741 dubium
653 678 731 758 quin
753 679 849 740 etiam
869 696 953 738 nunc
971 694 1124 754 magnam
1147 675 1214 736 inde

203 777 307 841 clerus
330 777 502 838 utilitatem
528 781 721 856 reportaret,
749 775 775 837 si
798 775 950 840 lectiones
970 773 1082 834 fiarent
1109 791 1130 833 a
1151 770 1214 833 viro
1277 787 1278 821 1

203 875 353 955 periliore
383 874 438 954 qui
467 873 628 936 auditores
658 873 779 937 alliciat
809 879 840 936 et
864 873 1042 952 Scripturas
1066 869 1213 951 explanet
1270 868 1274 911 ²

182 1017 185 1032 .
203 976 298 1035 modo
310 972 510 1034 sacerdotum
520 972 653 1035 utilitati
665 971 918 1034 accommodato.

263 1068 527 1147 Poenitentiarius‚
544 1069 686 1149 legitime
703 1069 875 1138 insulatus
885 1069 1016 1130 habeta
1030 1066 1100 1146 iure
1116 1064 1213 1127 iacul-

201 1172 300 1230 tatem
317 1166 468 1228 audiendi
481 1167 705 1241 confessiones,
728 1172 760 1230 et
774 1165 1027 1247 jurisdictionem
1047 1164 1090 1224 ad
1109 1161 1211 1224 absol·

201 1266 339 1327 vandum
354 1283 374 1326 a
387 1265 538 1346 peccatis.
556 1266 626 1328 Non
642 1270 748 1345 potest
757 1272 864 1328 tamen
879 1263 1042 1326 absolvero
1057 1281 1078 1324 a
1092 1259 1277 1324 casibus
1273 1304 1277 1338 ,

200 1361 234 1424 in
248 1362 376 1425 dioecesi
390 1362 568 1439 reservatis,
585 1363 646 1424 nisi
664 1363 839 1443 Episcopus
855 1361 1025 1442 specialem
1044 1377 1143 1440 super
1155 1358 1212 1420 hoc
1272 1375 1280 1415 .1

199 1458 426 1522 facultatem
398 1477 429 1521 cr
440 1460 643 1522 concesserit.
662 1463 801 1524 Tenetur
813 1477 923 1522 omnes
937 1459 1046 1520 fideles
1059 1459 1104 1520 ad
1119 1475 1154 1519 se
1163 1473 1210 1517 ve·
1275 1455 1276 1518 ἶ

200 1557 322 1619 aientes
336 1557 488 1638 recipere,
505 1563 536 1619 et
556 1557 700 1638 integras*
714 1556 1076 1620 illommconiassiones
1091 1554 1209 1618 audire.
1275 1567 1281 1636 jI

135 1650 137 1654 ⁴
200 1655 302 1716 Debet
324 1654 434 1716 sistere
457 1655 490 1716 in
513 1673 572 1718 sua
586 1656 675 1718 seda
692 1655 922 1718 confessionali·
937 1653 1024 1716 lestis
1044 1651 1212 1716 solemnio-
1276 1649 1281 1704 '1

199 1751 298 1827 ribus,
324 1757 355 1813 et
380 1757 525 1832 tempore
546 1753 819 1834 Quadragesimae,
836 1759 869 1816 ct
886 1754 1060 1828 Adventus,
1079 1749 1212 1830 aliisque
1277 1819 1278 1840 χ

200 1848 313 1910 diebus
328 1849 457 1930 quando
471 1849 551 1912 solet
562 1869 630 1914 asse
640 1850 743 1931 major
754 1850 896 1914 fidelium
905 1851 1116 1914 concursus¹.
1275 1847 1279 1875 ⁴

212 1948 333 2008 Hac
347 1948 511 2027 pensanda
529 1953 602 2010 sunt
617 1948 714 2028 juxta·
729 1949 940 2010 Eccleslmum
961 1947 1165 2010 necessitates
1182 1948 1210 2008 et
1276 1938 1282 2028 l

199 2045 501 2107 consuetudines„
939 2084 943 2093 -

258 2151 346 2214 *titt
360 2149 543 2227 -1v00ue
556 2161 654 2216 nesea
668 2162 809 2216 moueat
823 2151 980 2216 canonicos
993 2171 1012 2216 o
1023 2155 1087 2216 sais
1098 2151 1210 2234 obliqu-
1279 2148 1280 2159 ’

196 2247 354 2310 ttoaibeu?
468 2331 470 2336 Ι
768 2267 791 2284 ¹·

256 2349 398 2423 Quatuor
432 2349 631 2430 potissimum
658 2344 773 2411 'causae
800 2349 944 2411 eximunt
977 2349 1149 2412 canonicos
1172 2345 1208 2408 ah

195 2464 291 2508 onere
311 2448 502 2528 residentia,
528 2451 560 2510 et
577 2447 761 2509 assistentia
784 2447 900 2508 debitae
924 2447 1032 2523 choro,
1054 2447 1200 2510 scilicet:

195 2543 346 2618 officium,
362 2545 541 2620 infirmitas,
570 2544 733 2607 servitium
752 2545 1041 2626 quadragenarium
1064 2543 1203 2608 ecclesia

196 2639 319 2702 chorali
333 2643 524 2719 praestitum,
538 2648 570 2704 et
583 2642 767 2704 vacationes
781 2641 885 2722 ajone
901 2659 1068 2705 concessae.

254 2747 279 2808 l.
304 2747 437 2810 Ratione
455 2747 554 2829 officii
576 2748 760 2811 eximuntur
778 2766 790 2810 ’ς
818 2749 934 2810 launo
948 2749 1103 2811 ‘canonici
1130 2765 1205 2830 quos
1282 2777 1283 2780 ¹

192 2843 365 2924 Episcopus
375 2847 507 2908 assumit
513 2847 546 2908 in
557 2846 767 2908 ministerium
781 2847 945 2926 publicum
960 2845 1123 2924 regiminis
1133 2846 1207 2906 dioe·

193 2941 283 3008 cesis.
300 2943 347 3004 Ex
360 2962 429 3022 cap.
446 2943 499 3005 Aul
509 2944 706 3022 cellantiam,
723 2945 959 3007 tacueramus
974 2959 1033 3007 uon
1048 2959 1201 3006 naamam.

198 3041 292 3102 siloc
309 3045 367 3118 ast,
389 3041 433 3103 ait
455 3043 595 3120 Eagnan‚
616 3041 816 3122 privilegium
836 3043 973 3122 speciale
993 3042 1153 3123 Episcopi,
1169 3043 1204 3101 ut

195 3160 211 3193 a
233 3138 331 3218 possit
345 3157 476 3224 proauo
492 3140 617 3202 servitio
636 3139 682 3202 nti
696 3155 792 3220 opera
806 3139 944 3202 duorum
966 3139 1198 3212 canonicorum,

195 3256 212 3293 u
234 3236 329 3300 etiam
350 3223 416 3299 sine
436 3255 591 3299 consensu
610 3234 803 3318 capitulife't
819 3254 884 3299 non
902 3237 1038 3318 probata
1056 3236 1200 3300 Ecclesia

195 3355 212 3389 «
233 3333 379 3397 utilitate.
398 3357 414 3416 ρ)
431 3334 479 3416 (ln
494 3353 564 3415 cap.
593 3333 629 3397 de
650 3333 781 3410 Catero,
801 3347 837 3396 n·
860 3337 890 3414 5,
912 3336 982 3397 eod.
1010 3334 1070 3416 tit.)
1087 3335 1200 3398 Textus

190 3427 273 3514 juris
287 3433 397 3494 statuit
411 3431 632 3495 tantummodo
647 3433 687 3495 de
700 3434 824 3496 duobus
839 3433 999 3496 canonicis
1015 3449 1023 3495 ε
1048 3429 1205 3508 nihilomi-

162 3545 253 3599 ,nus
279 3534 386 3592 tamen
425 3530 450 3592 si
478 3530 519 3592 ob
548 3529 693 3618 dioecesis
731 3531 982 3612 amplitudinem,
1014 3531 1200 3614 Episcopum

242 3727 264 3776 l.
278 3725 403 3788 Ferraria,
418 3726 704 3792 coementatorum,
719 3741 754 3790 rx,
770 3743 797 3782 n.
815 3731 894 3782 45-78.
