2604 4274
250 228 302 282 388
520 233 596 282 PARS
615 231 663 280 111.
685 234 741 281 RES
762 231 1001 281 aocoosmsrlob.

250 351 305 432 qui
326 368 409 410 nunc
429 353 582 422 servatur,
608 349 690 429 quod
713 348 826 428 cuique
848 354 994 428 apertum
1017 352 1064 408 est
1088 367 1123 408 ex
1150 347 1253 426 capiti-

249 449 443 511 busur-xvru
458 447 662 525 Regularum.

308 546 362 607 lll.
377 548 510 608 Sanetus
523 545 709 605 Benedictus
722 544 858 606 liberum
869 544 999 624 reliquit
1014 544 1184 606 abbatibus
1198 563 1254 605 mo·
1279 551 1280 554 ’

186 707 188 710 ,
249 643 459 705 nasteriorum
470 642 591 721 aliquid
601 641 770 703 immutare
782 643 814 702 in
825 642 1025 703 ordinatione
1042 642 1141 702 divini
1155 642 1251 714 officii,

251 742 392 821 aliasque
402 741 551 802 lectiones
561 739 762 813 substituere,
776 741 801 801 si
815 745 1029 820 opportunum
1039 739 1250 819 judicaverint.

249 839 368 900 Eadem
385 839 530 898 libertate
546 838 717 899 utebantur
731 844 806 900 tunc
826 839 978 918 temporis
999 838 1159 917 Episcopi,
1182 857 1251 916 pra-
1280 915 1281 924 ἵ

249 937 358 997 sertim
379 935 537 1014 majorum
563 935 696 998 sedium.
723 936 843 997 Exinde
863 937 951 998 venit
973 937 1093 996 rituum
1117 935 1250 1006 varietas,

250 1052 322 1112 quae
338 1034 468 1094 diversis
481 1032 617 1110 liturgiis
630 1033 785 1111 originem
799 1033 896 1095 dedit.

310 1134 360 1194 lv.
385 1133 421 1192 ln
443 1131 584 1192 Ecclesia
605 1131 751 1192 orientali
777 1131 837 1191 fuit
859 1132 936 1193 olim
956 1131 1087 1211 liturgia
1114 1131 1250 1192 attributa

249 1233 359 1290 sancto
386 1230 518 1303 laccho,
550 1246 646 1307 quam
674 1228 781 1307 plures
799 1229 914 1290 eruditi
942 1229 1127 1290 existimant
1146 1229 1249 1290 fontem
1281 1211 1282 1252 ¹

250 1326 392 1386 omnium
411 1326 623 1404 liturgiarum,
644 1343 715 1404 quae
734 1326 767 1386 in
779 1327 905 1387 Oriente
922 1326 1096 1400 habentur;
1115 1327 1249 1388 nimirum

248 1424 384 1501 liturgiae
400 1424 589 1497 Grmcnrnm,
605 1425 827 1498 Armenorum,
840 1424 1083 1498 Maronitarum,
1096 1431 1171 1497 elc.,
1187 1429 1247 1498 etc,

250 1539 332 1600 quae,
348 1521 422 1583 lieet
435 1521 467 1580 in
482 1521 588 1580 multis
602 1521 780 1596 dissimiles,
804 1521 843 1582 ab
861 1522 972 1584 eadem
988 1522 1109 1600 origine
1121 1522 1249 1600 primitus
1282 1537 1283 1580 l

248 1623 477 1698 processerunt.
502 1618 645 1697 Liturgia
663 1617 770 1681 Graec
793 1619 908 1680 dieitur
932 1620 1062 1698 liturgia
1090 1621 1124 1682 S.
1146 1619 1246 1692 Basilii,

247 1722 280 1777 et
308 1719 339 1779 S.
366 1716 593 1796 Chrysostomi,
624 1717 699 1796 quia
725 1721 859 1796 uterque
891 1719 998 1796 plures
1034 1723 1142 1796 partes
1166 1717 1248 1778 divini

250 1814 348 1875 officii
361 1817 393 1874 et
406 1813 515 1876 Missas
528 1814 696 1890 ordinavit,
709 1819 740 1875 et
755 1813 833 1875 alias
845 1814 879 1874 in
893 1815 997 1876 forma
1012 1814 1178 1875 concisiori
1190 1832 1247 1876 con·

251 1912 359 1974 traxit.
1283 1903 1284 1930 ³

309 2009 467 2088 liturgias
496 2011 687 2088 Graecorum,
719 2013 930 2072 Armenorum
963 2016 994 2071 et
1023 2010 1244 2082 Maronitarum,

250 2109 282 2170 S.
305 2108 486 2187 Apostolica
510 2108 606 2169 Sedes
627 2108 766 2186 integras
789 2107 940 2170 custodiri
961 2107 1074 2181 voluit,
1098 2111 1246 2186 postquam

248 2205 323 2267 libri
338 2206 453 2285 quibus
471 2207 673 2268 continentur
692 2208 820 2268 fuerunt
835 2205 1004 2268 emendati.
1025 2207 1080 2268 SS.
1098 2205 1246 2266 Pontifices

248 2304 453 2365 instituerunt
471 2305 756 2384 congregationem
777 2305 949 2385 specialem
968 2303 1172 2384 praepositam
1188 2320 1245 2363 cor·

250 2403 382 2464 rectioni
397 2403 552 2464 librorum
565 2402 786 2482 liturgieorum
799 2403 946 2465 Ecclesia
962 2401 1135 2464 orientalis.

309 2502 344 2561 In
370 2501 550 2576 Occidente,
576 2506 692 2580 praeter
719 2500 880 2578 liturgiam
910 2502 1103 2574 Romanam,
1134 2517 1198 2578 qua
1220 2496 1244 2557 in

249 2603 316 2658 toto
331 2598 395 2658 fere
408 2599 627 2677 patriarchatu
642 2602 750 2661 Romae
765 2598 943 2677 pravaluit,
961 2605 1023 2659 tres
1040 2596 1110 2656 aliae
1124 2597 1244 2668 fuerunt,

249 2694 458 2756 Ambrosiana
487 2697 616 2770 scilieet,
646 2696 807 2758 Gallicana
836 2701 868 2756 el
902 2695 1049 2768 Gothico,
1073 2712 1129 2754 seu
1160 2695 1244 2754 Moza·

253 2791 372 2853 rabica.

307 2889 508 2952 Ambrosianus
524 2890 620 2968 vulgo
639 2891 829 2953 adscribitur
848 2897 957 2953 sancto
980 2892 1146 2954 Barnabae.
1165 2893 1243 2969 Igno·

248 2992 337 3048 ratur
350 3005 426 3048 vera
442 2986 528 3048 illius
547 2988 662 3065 origo:
681 2989 848 3049 indubium
869 2994 915 3050 est
933 2989 1149 3050 introductam
1167 2988 1244 3048 fuisse

247 3085 280 3145 in
300 3084 439 3146 Ecclesia
461 3085 688 3148 Mediolanensi
706 3086 800 3165 longe
823 3092 896 3148 ante
920 3088 1143 3166 pontificatum
1162 3083 1244 3146 saneti

247 3183 416 3259 Ambrosii,
431 3182 520 3262 cujus
535 3188 652 3244 tamem
670 3184 798 3246 nomine
819 3185 1013 3262 designatur,
1038 3185 1116 3264 quia
1136 3187 1244 3244 sanctus

247 3279 300 3341 ille
310 3281 448 3342 Antiates
459 3281 575 3342 multas
585 3300 676 3343 curas
689 3281 841 3342 sollicitus
850 3281 995 3342 adhibuit
1009 3287 1044 3342 ut
1058 3282 1147 3342 illam
1157 3297 1244 3342 emen·

248 3379 339 3439 daret
347 3398 383 3440 ac
393 3378 568 3458 perficeret,
581 3376 734 3458 illamque
742 3379 887 3458 plurimis
904 3379 1042 3458 hymnis
1054 3378 1243 3446 orationibus,

246 3482 279 3538 ct
292 3476 393 3537 Missis
406 3476 527 3537 ditavit.
544 3476 724 3538 Alexander
735 3479 787 3551 VI,
805 3477 1033 3539 Constitutione
1047 3477 1137 3538 Rom.
1152 3473 1244 3536 Ponti·

246 3572 393 3652 fieis,=an.
407 3575 486 3636 llos
499 3573 595 3648 edita,
609 3574 748 3636 firmavit
764 3575 848 3636 clero
864 3574 1094 3638 Mediolanensi
1105 3575 1157 3652 jus
1167 3589 1244 3652 peru-

246 3669 340 3745 gendi
355 3670 475 3746 Missas,
493 3671 715 3744 Carmanios,
727 3678 858 3749 cantus,
876 3673 1002 3752 aliaque
1020 3671 1127 3734 officia
1143 3669 1243 3742 divina,
