2582 4278
283 234 351 284 tur.
372 235 413 282 IV.
437 234 611 283 retrusam
630 233 832 284 beRICOltUM.
1030 230 1061 284 81

61 349 135 430 cipiis
162 352 307 410 veterum
340 351 549 432 interpretum
582 352 835 431 Scripturarum‚
867 371 907 412 ex
941 352 1062 431 origine

61 447 195 508 historica
206 447 455 526 immunitatum,
470 455 501 510 et
510 450 582 530 jure
595 449 743 510 naturali.

110 546 139 603 l⁰
150 543 310 624 Principio
321 547 459 626 peucrub'
470 556 603 608 ueterum
618 548 813 628 interpretum
828 546 1063 628 Scriptururum

59 642 88 702 de
103 643 278 704 auctoritate
292 645 439 726 pru'neipt‘s
455 645 617 706 stabularis.
635 649 783 706 Doctores
803 644 945 725 priorum
963 664 1060 706 seecu-

58 742 147 801 lorum
161 741 216 819 qui
233 743 439 804 commentati
455 749 529 804 suut
545 743 643 804 verba
659 744 690 804 S.
708 743 801 804 Pauli
818 761 825 804 :
843 741 944 804 Omnis
959 743 1062 804 auimo

56 837 238 918 potestatibus
257 839 480 902 sublimioribus
493 840 615 902 subdito
631 841 682 916 sit,
701 846 757 902 aut
776 840 830 920 qui
845 840 1063 902 disseruerunt

60 936 90 996 de
103 935 468 1000 officiischristianorum
478 958 554 1019 erga
563 938 779 1016 magistratus,
793 938 942 1000 dixerunt
953 957 1063 999 omues

58 1033 279 1112 Christifideles,
292 1035 414 1098 clericis
427 1037 557 1098 minime
573 1037 725 1115 exceptis,
740 1036 867 1097 subesse
882 1036 1065 1097 auctoritati

59 1129 192 1210 principis
218 1134 379 1194 saecularis
407 1135 440 1195 in
461 1135 499 1194 iis
520 1151 590 1214 quae
613 1135 654 1194 ad
678 1134 824 1195 ordinem
855 1134 1063 1212 temporalem

59 1227 231 1304 relemutur,
247 1239 280 1292 et
297 1231 432 1310 obligari
446 1231 571 1311 legibus
592 1231 746 1294 civilibus.
766 1232 910 1292 «Beatus
925 1231 1064 1310 Aposto-

64 1345 74 1382 ιι
89 1324 141 1400 lus,
158 1327 202 1388 ait
214 1329 249 1390 S.
264 1330 402 1390 Joannes
417 1329 671 1409 chrysostomus,
694 1329 869 1390 ostendens
885 1329 947 1390 hoc
959 1329 1063 1389 omni·

63 1444 73 1477 u
89 1422 139 1482 bus
153 1423 307 1504 imperari
320 1427 536 1488 sacerdotibus
547 1432 578 1488 et
588 1427 768 1501 monacbis,
783 1417 848 1487 non
859 1426 1064 1487 saecularibus

61 1541 71 1574 (ι
89 1523 214 1597 tautum,
232 1524 296 1586 hoc
316 1525 356 1585 ab
377 1524 507 1586 exordio
532 1525 675 1596 declarat
694 1524 801 1586 diceus
816 1543 823 1585 :
841 1522 943 1586 Omnis
960 1524 1063 1584 enema

63 1639 74 1672 s
86 1620 277 1696 potestatibus
298 1621 523 1683 sublimioribus
540 1620 661 1684 subdita
681 1623 730 1684 sit.
751 1623 816 1683 Etsi
836 1621 997 1702 apostolus
1012 1622 1062 1698 sit,

63 1737 73 1770 r
90 1716 138 1776 etsi
158 1721 368 1800 evangelista,
389 1727 446 1783 aut
459 1721 631 1800 propheta,
652 1721 711 1781 etsi
728 1721 830 1801 quivis
845 1720 925 1780 alius
938 1739 945 1794 3
960 1738 1062 1799 neque

66 1833 77 1866 s
93 1813 166 1874 enim
180 1816 252 1878 haec
267 1818 420 1897 subjectio
433 1819 586 1897 pietatem
603 1817 765 1880 subvertit.
780 1839 794 1876 u
816 1818 847 1879 S.
866 1817 1019 1897 dolosius,
1030 1819 1063 1878 in

63 1909 183 1988 Epistola
203 1915 248 1976 ad
272 1917 492 1988 Anastasium,
517 1916 623 1977 dixit:
649 1937 664 1974 u
682 1915 841 1988 Quantum
865 1915 1001 1995 pertinet
1023 1917 1064 1976 ad

64 2029 75 2061 r
90 2009 223 2072 ordinem
237 2013 375 2092 publicar
385 2014 573 2094 disciplinae,
587 2019 813 2092 cognoscentes
823 2014 991 2094 imperium
1005 2014 1063 2074 tibi

63 2127 73 2159 s
91 2125 216 2186 superna
241 2111 445 2191 dispositione
463 2111 627 2187 collatum,
643 2111 767 2189 legibus
782 2112 843 2173 tuis
859 2112 920 2192 ipsi
935 2131 1062 2192 quoque

66 2222 76 2259 n
90 2213 192 2282 parent
207 2208 371 2288 religionis
385 2210 549 2272 Antistites
566 2212 589 2271 ¹.
607 2233 621 2268 u

107 2305 135 2361 2⁰
146 2303 271 2386 Oripine
280 2307 425 2369 bistorz'cu
434 2308 671 2370 immunitatum.
684 2307 827 2367 Primum
837 2308 1062 2368 documentum

64 2405 160 2461 certum
186 2405 360 2484 disciplina
386 2407 425 2466 de
449 2406 651 2474 immunitate
677 2405 835 2484 reperitur
857 2405 889 2465 iu
911 2405 1062 2483 rescripto

63 2493 239 2563 Constantini
255 2505 295 2564 ad
308 2504 481 2564 Anuliuum
496 2503 723 2583 proconsulem
737 2503 860 2578 Africae,
876 2522 927 2563 an.
940 2503 1010 2578 313,
1029 2502 1062 2562 in

63 2609 110 2670 quo
128 2598 276 2662 nimirum
298 2602 470 2682 imperator
489 2601 621 2664 clericos
648 2601 759 2661 eximit
777 2602 817 2661 ab
835 2601 983 2662 oneribus
1000 2620 1061 2679 pu·

63 2688 143 2770 blicis,
155 2715 193 2758 ne
204 2699 404 2760 deducantur
415 2719 434 2760 a
446 2700 511 2760 suis
522 2699 635 2761 officiis
651 2717 726 2776 erga
741 2701 854 2774 Deum,
867 2699 921 2759 scd
933 2698 1061 2759 liberius

63 2805 86 2846 se
103 2791 273 2857 devoveant
288 2797 394 2858 divino
410 2796 597 2859 ministeriu.
616 2799 705 2858 Hunc
726 2795 958 2874 legislationem
979 2815 1059 2874 pau·

64 2884 261 2966 lisperdeindc
272 2895 473 2956 immutatam
483 2885 681 2956 Justiuianus
692 2894 813 2972 redegit
823 2894 856 2954 in
867 2913 924 2954 suo
935 2894 1058 2968 Codice,

65 2989 90 3042 ut
101 2989 202 3050 eadem
224 3011 282 3072 per
299 3012 407 3054 omues
422 2999 528 3074 partes
542 2993 670 3071 imperii
691 2997 880 3053 servaretur.
905 2992 1015 3053 Clerici
1030 2998 1061 3052 et

66 3080 191 3148 Monachi
205 3109 312 3152 coram
328 3093 435 3172 judice
455 3091 665 3153 ecclesiastico
682 3109 714 3151 se
737 3090 889 3151 sistebant
904 3090 938 3150 iu
958 3089 1059 3150 causis

66 3177 185 3246 civilibus
198 3193 230 3248 et
243 3208 349 3250 coram
360 3189 466 3268 judice
480 3189 623 3250 saeculari
634 3189 666 3248 in
682 3207 756 3249 casu
773 3186 1013 3267 appellationis;
1026 3185 1058 3246 iu

67 3280 146 3342 causis
159 3304 231 3348 vero
244 3287 460 3350 criminalibus
471 3307 519 3348 res
534 3288 574 3348 ad
586 3287 727 3348 tribunal
741 3285 992 3348 ecclesiasticum
1010 3285 1059 3348 vel

104 3459 295 3526 theubatum.
313 3465 356 3526 IV,
372 3465 423 3516 ool.
440 3466 509 3516 list.
522 3464 622 3514 Eadem
637 3463 809 3526 reperiuntur
823 3461 853 3510 iu
867 3458 966 3510 litteris
981 3461 1059 3523 Papus
1082 3483 1084 3488 ·

75 3527 213 3600 Summum,
229 3541 262 3590 au
276 3541 377 3603 insse,
390 3539 466 3602 totu,
480 3541 530 3592 001.
552 3542 620 3592 nec
640 3539 705 3590 vine
726 3537 874 3600 aprunum
894 3535 920 3587 s,
941 3537 1060 3600 cregoru

74 3604 153 3673 brui,
170 3615 214 3668 us.
230 3619 273 3678 111,
288 3620 336 3682 sp.
356 3621 395 3678 ss,
408 3618 473 3668 airus
491 3620 530 3668 cr.
548 3617 614 3668 uem
638 3617 685 3682 sp.
709 3613 827 3678 cregoru
843 3613 867 3662 11
882 3614 916 3663 aa
934 3615 1058 3664 neonem.

21 3701 22 3716 2
77 3680 181 3750 bubbet.
193 3693 246 3752 vu,
262 3695 313 3744 col.
330 3697 358 3744 18
374 3697 447 3746 et26.
