2582 4278
200 251 235 304 92
568 257 646 310 PARS
666 256 701 304 11.
721 256 847 305 chamot.

258 377 425 436 Decretum
438 373 564 436 concilii
578 375 678 434 multa
693 371 915 453 complectitur
928 388 997 450 qua
1012 373 1053 434 ad
1067 373 1212 436 alumno·

199 491 270 532 rum
285 472 518 546 admissionem,
541 472 582 532 ad
596 471 752 534 rationem
772 471 949 532 studiorum
971 475 1003 530 et
1026 469 1213 550 disciplina,

202 571 328 632 tandem
341 570 383 630 ad
396 571 540 648 regimen
554 569 717 649 spirituale
727 575 759 632 et
771 569 945 649 temporale
960 567 1122 632 seminarii
1136 571 1216 632 rete-

198 674 323 732 runtur.

257 768 282 829 Ι.
298 766 344 828 De
363 766 553 828 alumnorum
572 766 749 830 admissione
771 767 942 828 statuitur:
976 788 991 826 u
1010 766 1218 846 Recipiantur

200 888 214 920 u
232 865 288 953 qui
301 865 342 926 ad
356 865 522 926 minimum
540 865 706 930 duodecim
719 884 830 938 annos,
847 870 929 926 etex
943 865 1084 945 legitimo
1101 865 1216 924 matri-

164 1025 167 1031 ,
202 985 217 1018 o
228 962 338 1023 monio
351 962 418 1023 nati
429 962 507 1036 sint3
522 981 559 1024 ac
572 963 677 1042 legere
691 969 723 1024 et
735 962 872 1024 scrihere
890 967 1107 1042 competenter
1120 980 1216 1022 nove·

205 1081 220 1116 u
233 1060 307 1134 rint,
326 1067 357 1122 et
372 1079 506 1140 quorum
520 1061 644 1124 indoles
659 1067 690 1122 et
700 1062 847 1124 voluntas
861 1079 950 1140 spem
964 1061 1077 1122 afferat
1092 1079 1147 1122 eos
1162 1079 1215 1122 ec·

202 1183 217 1212 «
232 1158 413 1220 clesiasticis
426 1159 608 1220 ministeriis
625 1164 780 1239 perpetuo
795 1159 1010 1222 inservituros.
1031 1161 1216 1238 Pauperum

202 1260 338 1316 «autem
358 1257 441 1320 filios
459 1257 616 1337 praecipue
636 1257 710 1336 eligi
723 1259 792 1319 vult
813 1258 935 1338 (sancta
958 1257 1124 1336 'synodusJ3
1152 1274 1212 1317 nec

201 1377 216 1410 u
232 1359 339 1415 tamen
354 1355 504 1416 ditiorum
522 1355 672 1429 excludit,
691 1357 786 1417 modo
806 1374 864 1416 suo
879 1359 1008 1435 sumptu
1025 1353 1167 1429 alantur,
1183 1359 1215 1414 et

201 1475 215 1506 «
234 1451 374 1544 studium
388 1469 454 1530 prae
467 1470 500 1513 se
514 1453 618 1514 ferant
631 1456 696 1515 Deo
710 1458 740 1515 et
753 1453 898 1515 Ecclesiae
913 1451 1174 1517 inserviendi...»

119 1625 121 1628 Ι
257 1549 362 1609 Verba
376 1548 502 1610 concilii
510 1549 650 1612 indicare
661 1551 807 1612 videntur
821 1569 930 1613 omues
944 1550 1090 1612 alumnos
1106 1549 1217 1629 cujus-

198 1645 244 1706 vis
258 1646 359 1708 aetatis
373 1647 407 1708 in
422 1649 534 1709 eodem
556 1648 724 1709 seminario
748 1647 881 1724 institui,
896 1649 970 1710 licet
985 1648 1100 1710 divisos
1118 1647 1153 1708 in
1168 1653 1216 1708 tot

199 1744 313 1804 classes
328 1750 407 1824 quot
418 1745 575 1826 Episcopo
589 1745 759 1818 videbitur,
772 1745 866 1824 juxta
878 1763 1058 1821 numerum,
1073 1749 1215 1821 aetatem,

199 1859 235 1901 cc
249 1840 283 1901 in
302 1841 469 1923 disciplina
483 1844 696 1906 ecclesiastica
715 1861 929 1924 progressum.
951 1844 1013 1906 Sed
1026 1859 1117 1907 mens
1135 1861 1217 1904 con-

199 1938 262 2002 cilii
276 1957 340 2002 non
352 1941 412 2002 fuit
424 1941 593 2022 prohibere
610 1941 780 2022 quominus
796 1942 890 2021 plura
904 1941 1100 2020 erigerentur
1114 1939 1216 2002 eolle-

199 2035 266 2114 gia;
282 2038 345 2100 alia
358 2040 391 2098 in
405 2041 546 2102 favorem
562 2059 744 2120 puerorum,
761 2039 848 2102 aliud
865 2058 941 2102 vcro
955 2039 1217 2120 proadoleseen-

198 2134 282 2196 tibus
296 2136 351 2215 qui
368 2136 538 2216 theologiae
558 2139 698 2212 student,
721 2156 758 2198 ac
778 2137 923 2217 proxime
943 2137 1155 2217 disponuntur
1175 2135 1217 2197 ad

198 2251 304 2294 sacros
316 2235 451 2296 ordines,

258 2332 477 2395 Gonditionem
496 2333 676 2414 appositam
695 2335 734 2396 de
755 2335 904 2414 legitimis
924 2333 1076 2397 natalitiis
1094 2349 1215 2412 puero-

198 2448 269 2491 rum
283 2430 329 2492 ita
337 2433 526 2494 servandam
539 2431 630 2493 duxit
644 2432 676 2496 S.
690 2433 899 2512 Congregatio
914 2437 960 2507 ut,
975 2451 1049 2494 ann.
1067 2431 1157 2506 less,
1174 2429 1216 2488 ad

198 2526 329 2588 dubium
343 2529 553 2608 propositum,
569 2531 771 2611 responderit
783 2531 908 2612 spurios
923 2528 1136 2592 admittendos
1148 2545 1216 2588 non

199 2623 264 2684 fore
279 2624 321 2684 ab
334 2625 489 2706 Episcopo
504 2627 536 2690 ic
549 2628 734 2704 seminariis,
750 2649 790 2692 ne
805 2629 944 2709 exceptis
957 2627 1084 2708 quidem
1096 2625 1154 2704 qui
1166 2643 1218 2685 su-

198 2739 256 2800 per
270 2721 395 2784 defectu
409 2726 564 2787 natalium
579 2726 845 2807 dispensationem
865 2725 1059 2788 obtinuerint
1076 2724 1117 2784 ad
1132 2723 1215 2784 reci-

199 2818 350 2897 piendum
368 2821 532 2895 beneficia,
553 2824 776 2887 canonicatum
797 2829 828 2886 et
842 2823 1041 2902 dignitatem,
1057 2820 1119 2883 nisi
1137 2839 1213 2900 spe·

197 2917 310 2978 cialem
323 2917 453 2998 insuper
472 2921 597 2984 veniam
616 2923 756 2984 habeant
774 2921 974 3002 ingrediendi
992 2918 1212 2982 seminarium.
1287 2925 1288 2994 t

197 3014 350 3094 (Giraldi,
365 3015 619 3099 Eapositiojaris
628 3019 791 3100 pontificii,
803 3025 886 3101 part.
903 3021 943 3095 114
959 3024 1037 3081 sect.
1049 3017 1150 3096 cv111.)

255 3113 359 3176 Aliam
378 3115 590 3178 conditionem
612 3137 745 3198 pensare
763 3119 873 3180 sedulo
890 3118 993 3197 juvat,
1010 3121 1045 3178 ut
1059 3115 1214 3177 nimirum
1287 3105 1288 3176 l

196 3211 317 3272 alumni
325 3231 391 3292 prae
401 3231 434 3274 se
444 3214 547 3275 ferant
555 3215 645 3295 signa
653 3216 828 3278 vocationis
837 3217 877 3278 ad
887 3220 1004 3277 statum
1014 3213 1213 3285 clericalem;
1287 3263 1288 3298 p

197 3309 280 3370 unde
299 3311 411 3373 merito
429 3311 614 3373 deducimus
630 3319 770 3375 mentem
785 3313 911 3376 concilii
923 3313 1103 3374 nullatenus
1116 3311 1215 3372 fuisse
1287 3317 1288 3398 t

195 3407 272 3467 utin
287 3409 576 3490 eodemseminario
592 3411 743 3474 clericiac
753 3411 827 3472 laici
842 3411 971 3472 insimul
982 3409 1212 3471 instituantur:

197 3508 352 3585 expressis
365 3508 448 3569 enim
462 3507 567 3569 verbis
582 3508 721 3570 decrevit
740 3509 823 3571 lilios
837 3509 987 3570 ditiorum
1000 3527 1064 3570 uon
1078 3526 1147 3570 essa
1160 3508 1216 3570 ad·
1287 3513 1288 3558 ἑ

197 3603 378 3680 mittendos,
392 3607 452 3668 nisi
464 3605 594 3668 studium
606 3625 673 3688 pra
687 3625 717 3668 se
730 3607 833 3686 seram
845 3607 909 3670 Deo
919 3617 948 3669 et
959 3605 1103 3668 Ecclesia
1116 3607 1214 3667 inser·

196 3700 307 3763 ciendi.
322 3703 511 3766 Commixtio
525 3705 679 3766 laicorum
695 3724 766 3767 cum
783 3704 902 3768 clericis
916 3706 950 3766 in
964 3703 1139 3767 seminariis
1154 3704 1215 3764 mi·
1287 3763 1288 3780 ¹
