2588 4276
216 261 269 315 228
556 267 632 316 rins
651 267 686 316 11.
705 266 888 316 irruentibus,

215 385 248 456 s
264 393 422 471 Pontifex,
440 399 471 454 et
493 391 648 472 legislatio
664 393 763 455 civilis
779 393 862 456 circa
881 394 1039 454 bonorum
1053 395 1209 473 proprieta-
1284 409 1285 412 ’

215 498 326 553 temet
343 491 574 572 dispositiones.
598 492 745 564 Quamvis
769 492 852 553 euim
875 493 992 556 Sancta
1007 491 1101 554 Sedes
1118 493 1211 554 valeat

215 591 388 666 consulere,
401 609 460 671 ope
470 590 680 668 Indultorum,
697 591 905 652 conventibus
921 590 1104 653 monialium
1119 592 1154 651 ed
1167 611 1212 652 re·
1227 668 1232 680 .
1286 677 1287 680 Ἴ

107 687 109 691 ’
214 690 406 750 movendum
422 694 592 768 utcumque
606 689 818 763 difficultates,
838 689 949 770 negari
970 695 1079 750 temen
1092 707 1150 748 nou
1163 707 1211 768 po·

215 793 275 849 test
287 789 388 848 multa
402 787 514 850 exinde
528 787 689 868 procreari
700 788 929 868 impedimenta
943 807 981 849 ex
1000 789 1114 868 quibus
1128 807 1211 868 supe·

214 887 312 947 riores
327 887 443 948 locales
458 879 522 947 non
537 885 629 958 facile
645 883 830 966 expedirent
845 885 1087 956 communitates
1100 886 1123 946 ¹.
1286 966 1289 975 Ι

272 984 418 1047 Canentis
445 991 592 1046 votorum
621 985 808 1047 solemnium
837 1005 901 1047 non
927 986 1032 1047 obstat
1056 986 1215 1064 quominus
1287 975 1289 1052 l

213 1083 366 1145 moniales
382 1073 522 1145 habeant
537 1084 746 1146 substantiam
757 1090 857 1146 status
871 1083 1020 1162 religiosi,
1039 1084 1123 1164 quod
1138 1085 1217 1146 colli·

213 1184 298 1262 gitur
312 1201 351 1244 ex
363 1201 459 1262 supra
472 1181 573 1242 dictis.
586 1182 741 1252 'l‘oleratae
755 1183 830 1244 olim
847 1182 1036 1244 dicebantur
1051 1173 1217 1261 congrega-
1288 1182 1289 1222 3

211 1283 312 1343 tiones
326 1281 494 1341 mulierum
514 1299 585 1341 cum
606 1281 687 1341 votis
706 1280 913 1360 simplicibus,
936 1299 1001 1341 non
1027 1281 1214 1359 approbatas,

211 1380 252 1439 ob
272 1378 527 1440 constitutionem
542 1381 574 1440 S.
590 1378 639 1439 Pii
654 1380 691 1452 V,
716 1397 813 1459 quam
829 1397 926 1459 supra
943 1365 1126 1452 citavimus3
1143 1398 1217 1439 nuno

212 1496 298 1553 vero,
325 1477 450 1538 sublata
471 1477 557 1538 omni
584 1477 782 1553 difficultate,
811 1477 1032 1557 approbantur
1055 1477 1218 1556 multisque

122 1595 126 1603 ·
178 1621 180 1624 -
215 1575 374 1636 donantur
389 1574 572 1654 privilegiis,

227 1661 229 1668 ¹
275 1674 455 1735 Notandum
469 1673 597 1734 tandem
607 1674 762 1734 moniales
771 1671 975 1748 callistum
983 1680 1058 1736 vota
1073 1673 1221 1754 simplicia

216 1771 372 1845 emittant,
399 1771 516 1832 lucrari
539 1771 745 1833 nihilominus
769 1791 860 1852 posse
885 1791 993 1834 omnes
1016 1773 1222 1852 indulgentias

215 1889 286 1951 quae
299 1889 458 1932 conoessae
472 1871 698 1951 suntreligioni
710 1871 760 1932 vel
772 1871 877 1932 ordini
885 1871 925 1932 ed
939 1891 1033 1951 quem
1046 1873 1218 1954 pertinent:

216 1969 260 2029 sic
273 1969 501 2043 carmeliteuae,
519 1969 673 2045 Clarissae,
691 1974 763 2046 eto,
781 1970 907 2030 easdem
919 1970 1037 2048 gratias
1049 1967 1221 2050 spirituales

194 2066 417 2147 participant,
441 2067 554 2146 quibus
579 2068 727 2128 iruu'ntur
750 2067 877 2128 illarum
904 2087 1026 2129 sorores
1054 2086 1126 2147 quae
1153 2067 1222 2128 olibi

214 2165 334 2226 habent
346 2169 422 2226 vote
441 2165 614 2240 solemnia;
633 2166 728 2245 idque
748 2185 787 2226 ex
801 2167 926 2228 indulto
951 2167 970 2227 a
993 2167 1143 2244 Gregorio
1161 2165 1221 2226 xvi

214 2263 410 2326 confirmato·
850 2258 853 2265 ’

215 2487 384 2550 ennomus
399 2487 498 2549 1'11.1-
515 2488 561 2546 Du
583 2487 815 2548 Arrnonnrrore
838 2501 976 2548 oenmuu
990 2501 1220 2559 usuromsonuu,

271 2601 311 2646 nc
335 2601 373 2644 nu
389 2601 623 2648 cousrmurmue
645 2601 875 2659 recursurum,
895 2600 1097 2647 couvuuruou
1112 2601 1152 2644 ur
1172 2601 1220 2646 uo-

272 2701 378 2748 uouuu
391 2699 558 2746 uonunuuu
573 2700 717 2747 oeomuu.

270 2869 341 2931 lli.
359 2900 398 2912 -
411 2866 437 2927 Ιο
453 2863 613 2946 Quidjure
627 2865 769 2927 conom'co
785 2866 999 2947 praescriptum
1013 2866 1053 2926 sit
1064 2864 1101 2926 dc
1115 2882 1222 2948 oppro-

216 2967 340 3029 bctr'onc
350 2964 491 3044 ordonum
506 2961 717 3046 repertorium?

213 3146 216 3152 ·
259 3134 284 3180 l.
299 3128 400 3180 Eadem
417 3131 457 3178 cst
470 3126 611 3192 disciplina
620 3127 780 3178 iu‘Stutibus
791 3126 937 3178 Foederetis
948 3127 1084 3177 Ameriae.
1097 3124 1223 3177 Moniales

209 3205 375 3255 visitationis
385 3205 563 3269 quorumdam
575 3203 800 3256 monasteriorum
810 3203 990 3254 admittuntur
999 3203 1033 3252 ed
1049 3205 1112 3250 vote
1127 3199 1211 3249 solem

208 3282 254 3332 nia
273 3282 308 3331 ob
326 3281 455 3344 rescripta
472 3293 532 3344 qum
550 3293 565 3328 e
587 3279 613 3329 S.
631 3279 699 3330 Sede
714 3279 899 3341 obtinuerunt,
915 3293 947 3329 ea
963 3281 1054 3328 temen
1072 3275 1222 3326 conditione

174 3374 178 3382 ·
207 3349 239 3407 ut
257 3356 422 3407 intercedere
442 3355 558 3406 debeant
576 3355 694 3419 quinque
709 3357 773 3406 anni
791 3356 824 3406 ab
844 3354 946 3405 emissis
963 3353 1057 3418 primis
1073 3355 1144 3404 votis
1160 3355 1220 3403 sim-

208 3433 323 3497 plicibus
344 3432 379 3483 ad
402 3432 550 3483 solemnem
571 3423 775 3496 professionem.
794 3433 825 3481 lu
844 3431 1013 3482 monasteriis
1036 3431 1065 3480 iu
1086 3434 1220 3494 posterum

208 3509 351 3573 erigendis,
370 3509 399 3557 iu
414 3507 526 3572 siugulis
545 3507 663 3559 Statibus
679 3509 776 3568 Unius,
792 3512 855 3559 voto
870 3507 1046 3558 emittendae
1062 3507 1221 3558 monialibus

207 3598 265 3633 esse
276 3585 375 3643 debent
387 3584 525 3646 simplicia.
541 3585 581 3635 lta
600 3586 757 3647 rescriptum
769 3584 848 3648 jussu
864 3584 890 3635 S.
908 3583 1052 3643 Pomtinis,
1065 3582 1109 3632 die
1126 3585 1140 3632 2
1152 3587 1219 3646 sept.

209 3661 280 3708 1864.
303 3687 333 3696 -
353 3657 464 3711 Concitet
482 3659 603 3724 plenarii
616 3660 812 3712 Bottimorensts
834 3675 851 3710 11
863 3663 920 3710 octo
937 3661 962 3710 et
978 3659 1087 3720 decreto,
1107 3659 1219 3720 tit.v1n,

208 3747 267 3798 cop.
283 3749 310 3784 11.
