2588 4276
142 325 209 372 ΛΒΤ.
231 325 273 371 IV.
295 324 436 374 Auulsslo
456 328 604 376 rroetiuir
625 329 656 376 IN
678 330 768 376 STATU
788 327 956 377 insidiose.
1006 321 1058 374 267

33 441 172 502 sitiones
194 441 399 519 interrivos,
423 444 449 504 si
468 444 579 505 novitii
596 463 649 506 eas
666 445 771 506 facere
793 437 987 506 intenderint
1015 445 1056 505 ob

35 539 210 618 praevisam
237 541 377 601 futuram
403 543 645 621 professionem,
665 543 868 626 suadendum
898 548 1057 622 putamus,

36 658 111 700 non
128 637 227 698 solum
239 644 275 699 ut
290 643 458 718 expectent
468 646 592 720 tempus
605 643 772 721 praefixum
787 641 963 714 aeonoilio,
979 640 1060 701 soili-

39 741 99 796 cet
117 736 196 796 intra
216 736 295 797 duos
315 755 438 798 mansos
458 739 621 818 proximos
639 744 712 801 ante
738 739 976 818 professionem,
1004 738 1058 798 sed

36 839 196 912 praterea
216 841 252 894 ut
276 835 463 897 donationes
482 837 602 899 faciant
619 839 677 898 sub
700 837 880 899 conditione
896 854 1055 915 expressa,

39 931 225 1010 suspensiva
240 937 295 993 aut
308 933 507 1012 resolutoria,
524 935 742 1014 professionis;
756 955 795 996 ne
808 935 839 994 in
856 953 931 995 casu
945 934 1059 1014 quoad

46 1029 143 1090 vitam
150 1029 334 1090 saecularem
345 1031 504 1106 redierint,
516 1035 674 1094 donatarii
686 1038 822 1094 renuant
831 1033 963 1093 reddere
975 1032 1060 1092 bona

44 1133 187 1207 aceepta;
211 1127 353 1208 plerique
371 1131 454 1190 euim
474 1150 491 1191 e
513 1131 601 1192 laicis
617 1151 679 1192 non
695 1135 880 1211 reputarent
901 1148 973 1190 eam
993 1147 1058 1190 esse

46 1225 111 1284 vim
124 1226 230 1303 legum
245 1245 331 1287 mere
344 1227 569 1289 canonicarum
584 1235 619 1289 ut
634 1229 758 1289 irritare
773 1228 897 1309 possint
911 1234 1056 1288 contrae-

51 1328 99 1383 tus
111 1321 226 1383 civiles.

105 1423 136 1480 4⁰
150 1421 287 1482 Clericus
301 1423 507 1484 beneficiatus
522 1443 586 1485 non
601 1429 716 1503 potest,
730 1423 880 1484 inchoato
890 1419 987 1482 semel
1003 1437 1054 1478 no·

53 1518 165 1593 vitiato,
182 1538 240 1579 sua
256 1519 409 1581 beneficia
427 1517 599 1600 resignare,
617 1523 677 1582 nisi
695 1521 806 1582 iisdem
825 1517 1059 1583 conditionibus

55 1634 123 1694 quas
133 1615 302 1678 concilium
313 1619 506 1698 praescripsit
516 1639 574 1699 pro
585 1620 655 1682 aliis
665 1617 953 1680 renuntiationibus
961 1617 1059 1676 bono-

49 1733 112 1774 rum
125 1715 366 1794 temporalium
383 1736 441 1778 nee
457 1718 553 1778 etiam
566 1737 622 1796 per
635 1719 714 1778 duos
726 1716 853 1777 ultimos
869 1733 992 1775 menses
1001 1731 1059 1776 no:

56 1812 171 1872 vitiatus
184 1818 310 1874 tenetur
325 1833 417 1875 suum
431 1815 621 1877 beneficium
633 1816 793 1893 resignare
811 1835 817 1874 :
834 1813 914 1873 iliud
931 1827 1056 1890 servare

54 1914 143 1987 potest
158 1912 367 1990 quoadusque
381 1914 656 1992 protessusfuerit.
674 1937 690 1968 «
701 1912 894 1973 Beneficium
904 1911 989 1969 illius
1004 1907 1060 1987 qui

57 2031 68 2061 r
86 2008 269 2086 religionem
284 2010 473 2087 ingreditur,
489 2031 553 2072 non
569 2016 616 2072 est
630 2012 714 2071 intra
727 2009 924 2090 probationis
940 2023 1059 2068 annum

57 2127 69 2160 r
87 2105 177 2166 alicui
195 2107 433 2183 eonferendum,
451 2109 512 2168 nisi
531 2109 619 2169 adid
638 2108 736 2188 ipsius
758 2106 888 2169 accedat
901 2122 1056 2174 assensus,

57 2227 69 2258 «
87 2209 138 2264 aut
158 2209 281 2265 constet
304 2207 389 2284 quod
410 2206 639 2286 professionem
658 2206 778 2267 feeerit.
797 2228 812 2260 »
838 2206 913 2283 Gap.
935 2199 1058 2281 Benefi-

55 2302 131 2376 o'um,
149 2305 179 2375 4,
198 2319 236 2362 nu
252 2304 476 2377 Ruoommsus
490 2305 523 2364 in
539 2315 595 2366 v10.

105 2401 134 2458 5⁰
147 2399 290 2460 Novitius
306 2401 494 2478 egrediense
505 2401 698 2463 monasterio
711 2419 775 2461 non
785 2404 912 2460 tenetur
925 2413 1060 2458 eonven-

56 2501 112 2555 tum
124 2497 306 2558 indemnem
320 2500 424 2560 facere
437 2499 478 2560 ab
493 2499 644 2579 impensis
658 2499 707 2559 sui
722 2516 818 2559 eausa
832 2495 934 2569 factis,
952 2493 1012 2554 nisi
1025 2493 1059 2552 id

56 2611 105 2652 usu
125 2595 309 2674 stipulatum
334 2602 507 2658 censeatur.
523 2593 641 2659 Sanota
654 2595 792 2676 synodus
807 2593 958 2675 praeoepit
969 2592 1056 2651 insu-

56 2709 102 2768 per
119 2717 132 2748 «
147 2698 182 2753 ut
198 2694 387 2755 abeuntibus
405 2700 477 2755 ante
490 2695 717 2774 professionem
732 2693 839 2754 omnia
851 2692 1058 2752 restituantur

57 2809 69 2843 «
87 2809 153 2869 qus
168 2810 227 2851 sua
239 2797 340 2852 erant.
355 2793 445 2864 Quod
459 2798 494 2852 ut
506 2795 592 2852 reete
606 2793 672 2865 fiat,
690 2790 875 2870 Episcopus,
893 2789 988 2849 etiam
1004 2805 1060 2866 per

59 2906 71 2942 r
88 2905 233 2950 censuras
246 2889 483 2966 ecclesiasticas,
501 2889 527 2949 si
542 2907 620 2968 opus
634 2889 739 2964 fuerit,
761 2887 944 2967 compellat.
961 2911 975 2940 »

104 2985 149 3047 Ita
163 2987 346 3048 ordinatum
354 2987 414 3046 fuit
422 2986 454 3048 in
466 2987 607 3047 favorem
624 2986 717 3046 simul
727 2985 875 3046 novitiiet
885 2982 1057 3062 religionis,

55 3089 83 3142 ut
96 3085 208 3146 certior
223 3084 263 3144 sit
276 3085 406 3144 libertas
427 3084 642 3163 professionis.
659 3084 801 3144 Libertas
816 3083 1059 3143 imminueretur

54 3181 76 3239 si
92 3182 226 3243 novitius
255 3199 436 3242 reversurus
463 3182 504 3242 ad
528 3181 694 3242 saecuiaria
714 3185 876 3242 teneretur
890 3180 1058 3241 refundere

54 3279 212 3340 conventui
232 3297 341 3340 omues
361 3279 521 3358 impensas
540 3278 637 3339 insui
662 3278 924 3338 sustentationem
947 3276 1057 3336 factas.

55 3374 82 3434 Si
97 3394 169 3438 vero
190 3377 299 3438 dolose
320 3377 419 3456 egerit
438 3375 625 3456 decipiendo
645 3375 833 3456 superiores
855 3374 949 3435 debet
971 3390 1058 3434 oom-

54 3474 231 3536 munitatem
245 3475 426 3538 indemnem
440 3475 554 3536 faeere.

105 3573 193 3644 Quod
201 3571 371 3634 concilium
382 3572 600 3633 Tridentinum
615 3571 797 3652 injunxitut
806 3570 933 3632 novitiis
942 3569 1059 3630 obeun-

59 3669 129 3731 tibus
141 3676 216 3733 ante
231 3671 458 3752 professionem
473 3669 580 3730 omnia
588 3670 794 3730 restituantur
804 3688 875 3750 quae
884 3688 941 3730 sua
955 3672 1057 3743 erant,

57 3785 110 3829 non
131 3770 270 3850 exeeptis
285 3787 357 3849 quae
377 3767 555 3831 voluntarie
576 3768 742 3841 dederant,
770 3767 850 3829 adeo
878 3771 914 3828 ut
928 3765 1058 3828 donatio
