2642 4270
243 239 301 294 600
512 244 587 292 PARS
607 243 652 292 111.
673 242 729 292 RES
749 241 994 298 nocnesllsrlon,

248 361 407 424 saurarius
418 360 526 422 omnia
538 359 663 440 peragit
674 378 746 440 quae
760 359 800 421 ad
815 359 991 437 gestionem
1002 361 1179 436 referuntur,
1189 383 1234 427 nec

245 461 406 522 excedunt
420 460 498 520 tinas
512 476 608 520 merae
617 457 911 534 administrationis,
924 463 959 517 ut
969 477 1064 538 supra
1074 459 1236 524 dictumluit

249 559 288 620 de
310 557 509 619 thesaurario
533 555 661 618 labricae
685 555 887 634 parochialis.
914 559 948 616 4⁰
973 557 1119 618 Rationes
1143 559 1236 634 reddit,

246 657 347 717 semel
357 673 553 733 perannum,
565 671 672 716 coram
683 653 1239 734 commissoriisacapitulodesignan·

248 754 309 815 dis.
333 753 476 832 Capitulo
497 752 546 813 fas
567 757 613 812 est
641 751 876 812 thesaurarium
905 769 1073 813 amunere
1097 771 1237 815 removere

250 849 377 930 quando
400 853 617 929 opportunum
640 847 840 927 judicaverit.
871 847 1011 926 Singulis
1039 850 1240 928 quinquenniis

247 966 333 1010 nova
344 947 381 1006 iit
394 947 520 1021 electio;
537 946 620 1006 idem
631 963 708 1006 vero
720 951 825 1025 potest
839 945 955 1006 iterata
966 947 1033 1006 vice
1049 949 1171 1007 assumi.

310 1047 379 1106 642.
396 1079 436 1088 —
450 1044 627 1107 seminaria
647 1049 780 1122 possunt
804 1043 969 1122 acquirere
991 1063 1104 1104 census
1126 1051 1155 1105 et
1175 1046 1243 1106 bona

248 1141 437 1216 immobilia,
452 1160 515 1202 non
525 1159 614 1202 secus
627 1159 664 1202 ac
674 1145 790 1202 caetera
799 1139 944 1202 instituta
953 1142 1084 1220 publica
1098 1142 1242 1222 dequibus
1286 1139 1287 1142 ’

249 1240 405 1302 haetenus
417 1239 550 1316 egimus.
565 1237 748 1316 deceptatio
762 1238 970 1300 donationum
990 1239 1026 1299 lit
1041 1239 1082 1299 ab
1098 1239 1241 1320 Episcopo,

248 1337 382 1399 servatis
396 1336 515 1415 regulis
531 1335 700 1397 consuetis.

310 1436 359 1496 Ad
368 1433 598 1513 regendabona
609 1433 771 1495 seminarii
782 1433 986 1496 constituitur
997 1435 1245 1514 collegiumeujus
1286 1487 1287 1514 ,

166 1525 168 1528 ’
250 1551 367 1612 praeses
381 1537 428 1592 est
442 1531 626 1611 Episcopus,
642 1536 708 1608 aut,
724 1531 793 1592 vice
805 1531 964 1612 Episcopi,
981 1531 1120 1593 vicarius
1135 1551 1245 1610 genera·
1286 1551 1287 1558 ³

251 1629 301 1704 lis,
318 1634 350 1690 et
364 1629 414 1690 cui
426 1629 582 1690 intersunt
591 1634 696 1690 rector
708 1634 739 1689 et
750 1647 933 1690 oeconomus
946 1623 1122 1705 seminarii,
1138 1635 1247 1691 secreta·

250 1727 316 1787 rius
327 1727 381 1806 qui
392 1726 477 1787 idem
490 1731 537 1788 est
547 1745 583 1788 ac
595 1725 801 1788 cancellarius
814 1726 969 1806 Episcopi,
983 1745 1055 1787 cum
1069 1726 1247 1788 thesaurario
1286 1741 1287 1744 ’

249 1843 272 1886 a
284 1824 437 1903 gubernio
456 1823 540 1886 civili
559 1823 721 1884 nominato
746 1823 787 1883 ad
805 1823 1088 1918 praesentationem
1109 1824 1245 1904 Episcopi.

312 1924 478 1983 Decretum
494 1940 545 1982 an.
567 1921 644 1981 1813
659 1922 761 1982 multa
775 1921 885 1982 statuit
902 1921 942 1982 ab
957 1927 1016 1982 art.
1034 1923 1076 1981 62
1089 1922 1131 1982 ad
1145 1923 1181 1982 80
1194 1937 1248 2000 qua

250 2037 522 2098 supervacaneum
536 2023 685 2098 putamus
697 2018 825 2079 referre.
844 2019 917 2080 Haec
931 2024 1042 2080 notare
1059 2019 1212 2080 sufficiat:

313 2118 344 2176 l⁰
359 2116 497 2177 Pecunia
518 2115 685 2177 seminario
704 2115 876 2194 obveniens
897 2133 935 2176 ex
946 2115 1126 2176 redditibus
1146 2115 1250 2190 annuis,

251 2231 293 2274 ex
311 2213 458 2274 subsidiis
479 2231 549 2292 quae
567 2212 756 2291 gubernium
773 2217 920 2292 praestat,
935 2217 967 2275 et
985 2231 1024 2273 ex
1043 2214 1250 2275 donationibus
1286 2241 1287 2244 ¹

250 2311 405 2386 fidelium,
418 2311 581 2384 servanda
599 2315 646 2372 est
662 2311 694 2370 in
712 2329 808 2391 capsa
827 2311 928 2371 tribus
948 2311 1092 2372 clavibus
1115 2311 1250 2390 obserata,

253 2409 421 2488 exquibus
441 2427 505 2469 una
523 2409 608 2488 apud
624 2408 826 2488 Episcopum,
842 2413 896 2469 aut
910 2407 994 2468 illius
1011 2409 1099 2470 vices
1113 2415 1250 2488 agentem,

247 2505 354 2567 altera
368 2506 453 2585 apud
467 2511 622 2567 rectorem
635 2505 814 2580 seminarii,¹
823 2506 917 2567 tertia
932 2506 1017 2585 apud
1035 2507 1252 2568 thesaurarium

252 2608 370 2664 manet.
389 2603 486 2664 Tituli
497 2609 528 2664 et
542 2603 605 2664 alia
620 2603 738 2682 scripta
749 2602 935 2664 authentica
945 2602 1041 2664 simili
1055 2605 1155 2665 modo
1170 2621 1252 2664 asser·

252 2704 377 2760 vantur.
399 2703 431 2760 2⁰
445 2702 642 2774 OEconomus
662 2719 726 2761 non
745 2705 850 2780 potest
868 2700 1028 2780 impensas
1048 2700 1252 2763 extraordina·
1286 2699 1287 2778 j

250 2797 316 2859 rias
329 2797 433 2858 iacere
451 2798 571 2876 absque
586 2798 716 2877 speciali
733 2798 921 2878 scriptisque
942 2799 1134 2877 consignata
1156 2815 1252 2878 appro-

250 2894 381 2955 batione
399 2895 475 2954 data
494 2895 535 2954 ab
555 2895 722 2976 Episcopo,
742 2895 851 2956 audito
871 2895 1026 2974 collegio:
1044 2915 1106 2976 pro
1122 2893 1255 2976 impensis

249 2991 418 3072 ordinariis
426 2991 538 3070 recipit
547 3010 566 3052 a
575 2991 785 3079 thesaurario,
796 2993 888 3054 initio
902 2993 1055 3072 cujusque
1068 2994 1198 3068 mensis,
1212 3009 1253 3070 pe·
1286 3009 1287 3030 i

205 3165 207 3168 Ι
249 3089 362 3150 eunias
372 3089 563 3151 necessarias
570 3090 664 3170 juxta
673 3082 817 3152 tabulam
828 3091 1032 3171 abllpiscopo
1042 3091 1253 3172 approbatam.

248 3188 286 3248 3⁰
302 3187 529 3248 Thesaurarius
544 3193 575 3249 et
588 3206 772 3251 oeconomus
785 3189 942 3250 rationem
952 3188 1093 3250 reddunt
1104 3186 1256 3270 quotannis
1286 3209 1287 3252 t

252 3284 435 3345 reddituum
464 3291 495 3346 et
515 3304 725 3364 expensarum
748 3287 924 3360 seminarii;
951 3304 1021 3366 quae
1042 3287 1128 3348 ratio
1145 3287 1183 3348 ab
1197 3283 1254 3363 Epi·
1286 3267 1287 3286 ¹

253 3399 349 3461 scopo
359 3382 494 3461 probata
506 3383 730 3444 transmittitur
740 3384 781 3444 ad
791 3383 970 3444 ministrum
984 3383 1147 3461 gubernii.
1157 3386 1254 3446 Gaetera

249 3497 325 3559 quae
338 3480 379 3540 ad
395 3481 570 3559 gestionem
585 3482 753 3556 bonorum,
770 3481 956 3556 locationes,
971 3481 1194 3558 alienationes,
1207 3478 1254 3540 litis

249 3577 494 3657 susceptionem,
510 3579 656 3657 attinent,
668 3579 780 3640 iisdem
790 3579 853 3640 fere
867 3580 984 3658 regulis
1000 3579 1182 3660 subjacent,
1194 3594 1253 3658 quas
1286 3593 1287 3634 t

252 3673 303 3734 lex
316 3673 431 3735 indixit
444 3694 503 3754 pro
518 3677 645 3739 fabricis
659 3676 895 3758 parochiarum.

1283 3981 1287 4216 l
