2588 4276
245 243 312 290 lau.
334 241 369 290 11.
390 241 513 292 ulrum
532 240 645 290 salbus
667 241 832 292 nahtamat
998 237 1049 293 2ll

39 359 147 442 probat
167 358 227 420 nisi
244 363 361 423 statum
381 357 616 434 coenobiticam,
638 377 694 420 seu
713 357 746 418 in
765 359 926 420 communi
939 359 1052 422 viven-

39 457 110 519 tium
129 457 188 517 sub
204 475 267 518 uno
286 454 429 536 praelato,
444 460 476 516 et
488 456 546 517 sub
563 474 628 517 una
641 456 751 534 regula
768 457 810 518 ad
822 459 1051 536 perfectionem

38 555 237 618 tendentium.
253 554 361 634 Igitur,
377 559 412 615 ut
426 553 497 634 quis
514 553 555 616 sit
568 554 748 633 religiosus,
759 573 887 618 necesse
900 561 947 616 est
958 557 1050 618 illum

38 652 66 714 in
84 655 343 714 communitatem
360 651 511 733 cooptari,
532 657 589 713 aut
607 651 721 714 saltem
745 652 875 714 hebere
886 672 959 714 cum
980 652 1052 716 aliia

38 749 130 812 eidem
153 750 299 811 instituto
315 750 513 827 consociatis,
530 767 730 812 communem
749 750 921 813 Praelatum
944 756 975 813 et
996 770 1048 813 re·

37 847 148 927 gulam,
164 848 434 927 quemadmodum
448 852 593 910 servatur
607 847 640 908 in
658 849 957 926 congregationibus
972 850 1050 912 bire-

39 945 192 1008 mitarum.

91 1045 123 1104 3ο
134 1042 345 1125 Approbotum
357 1041 394 1104 ab
404 1041 593 1118 Ecclesr‘a...‚
607 1043 693 1122 quod
707 1043 770 1104 duo
784 1043 937 1122 importat
947 1063 954 1105 :
964 1045 1052 1124 judi-

40 1140 112 1204 cium
122 1143 162 1204 de
172 1142 339 1204 honestata
350 1141 525 1204 etutilitate
534 1140 608 1202 talis
621 1140 740 1202 ordinis
755 1142 795 1202 ad
806 1143 1049 1206 conducendum

41 1239 136 1301 fideles
150 1259 211 1320 per
232 1241 316 1301 mam
335 1239 547 1319 perfectionis,
564 1244 595 1299 et
619 1243 806 1317 potestatem
825 1239 934 1302 datam
959 1259 1049 1320 supe·
1106 1243 1108 1246 ’

43 1336 168 1399 rioribus
193 1336 371 1417 accipiendi
389 1338 516 1398 nomine
537 1335 650 1398 Christi
667 1343 699 1398 et
719 1337 877 1411 Ecclesia,
896 1339 1052 1402 uotaillo·

43 1453 100 1495 rum
118 1437 175 1515 qui
196 1435 256 1498 hoc
280 1435 352 1496 vitm
375 1453 474 1522 genus
489 1434 600 1496 volunt
610 1435 763 1514 profiteri,
786 1453 903 1515 eosque
917 1435 950 1496 in
964 1442 1050 1499 statu

43 1531 177 1612 religioso
193 1532 417 1595 constituendi.

91 1634 121 1690 4⁰
133 1631 268 1692 Emissis
278 1629 565 1712 υοῑιέρααρενεαιίε,7
576 1631 723 1692 eastitatis
732 1638 761 1691 et
775 1629 958 1692 obedientior.
974 1630 1050 1696 Tria
1149 1633 1151 1640 “

43 1733 114 1804 uolo,
138 1729 204 1790 sive
225 1729 384 1810 explicite,
413 1729 478 1790 sive
500 1728 653 1808 implicite
668 1727 757 1802 fiant,
778 1734 851 1791 sunt
870 1729 1053 1792 necessaria

45 1826 125 1887 statui
142 1826 304 1905 religioso.
325 1829 369 1888 Re
386 1827 515 1906 quidem
542 1843 628 1901 vera,
645 1831 745 1888 status
760 1824 925 1904 religiosus
948 1827 1052 1890 tendit

46 1923 78 1983 ad
93 1923 422 2010 perfectionem-vitm
455 1923 635 1987 christianae
657 1927 689 1984 at
719 1921 860 2002 aliquam
893 1925 1050 1986 stabilita-

46 2033 97 2091 tem
128 2031 249 2092 habere
286 2031 380 2092 debet
406 2050 413 2093 :
446 2048 542 2110 porro
575 2029 726 2110 perfectio
764 2028 836 2090 vitae
869 2030 1050 2094 christianae

8 2119 10 2190 ]
45 2129 162 2207 requirit
190 2128 317 2207 praxim
348 2128 552 2192 consiliorum
581 2123 838 2208 evangelicorum
875 2135 1050 2209 pauperta-

8 2241 9 2308 ξ
46 2225 85 2300 tis,
110 2227 264 2288 castitatis
301 2233 331 2288 et
364 2227 562 2304 obedientie,
592 2223 707 2306 quibus
738 2232 901 2288 coercetur
932 2227 1051 2306 triplex

45 2325 288 2404 eoncupiscentia
305 2324 418 2400 carnis,
441 2325 606 2388 oculorum
627 2330 659 2385 et
678 2323 849 2405 superbiam
868 2330 899 2385 et
922 2324 1051 2386 aliunde

8 2415 9 2501 l
46 2429 231 2484 assecuratur
257 2421 413 2484 stabilitas
444 2427 517 2484 voto
543 2421 655 2484 eadem
684 2421 815 2483 consilia
844 2421 1048 2496 observand13

7 2507 12 2558 l
48 2536 120 2599 ergo,
137 2526 199 2582 ete.

93 2619 144 2680 llis
159 2617 334 2680 summarie
345 2617 450 2697 dictis,
466 2615 686 2697 explicationis
696 2637 792 2679 eausa
800 2619 882 2679 datae
896 2617 1051 2680 delinitio·

47 2713 93 2792 uis,
114 2717 273 2796 reliquum
297 2722 345 2777 est
369 2721 404 2776 ut
428 2734 499 2795 quae
524 2715 564 2776 ad
592 2721 666 2776 vota
680 2721 712 2777 et
729 2717 769 2776 ad
785 2716 1049 2796 approbationem

47 2811 177 2876 Ecclesiae
193 2813 385 2888 referuntur,
402 2812 498 2892 paulo
511 2813 612 2874 fusius
627 2831 837 2893 exponamus.

93 2909 160 2970 leo.
172 2943 214 2952 -—
228 2909 268 2968 ΙΙο
280 2905 465 2987 Quotuplier's
478 2906 658 2988 specier‘siot
672 2917 740 2968 uoto
750 2917 846 2968 statue
860 2905 1005 2988 religioso,
1018 2913 1051 2970 et

47 2999 73 3063 io
83 3023 136 3086 quo
150 3015 222 3068 coto
235 3005 379 3067 solemnio
393 2991 498 3066 auctis
507 3003 691 3086 simplicibus
703 3003 871 3085 deffereot?

96 3099 167 3160 Tria
181 3105 269 3174 vota,
280 3117 395 3179 nempe
404 3099 614 3178 paupertatis,
628 3099 782 3160 castitatis
797 3105 829 3160 et
844 3099 1046 3174 obedientius,

49 3197 194 3258 conmuni
213 3215 305 3258 sensu
326 3201 514 3275 reputantur
535 3197 754 3258 substantialia
767 3202 868 3258 status
891 3197 1047 3277 religiosl;

47 3296 188 3357 etmerito
205 3295 344 3374 quidem,
363 3305 435 3356 curn
451 3293 532 3356 tanti
547 3295 685 3356 referant
699 3295 740 3356 ad
754 3295 981 3374 perlectionem
995 3313 1046 3358 ac·

49 3393 231 3470 quirendam.

95 3493 165 3554 llaec
180 3497 256 3554 vota
270 3509 338 3552 esse
353 3495 486 3571 possunt
502 3491 550 3552 vel
565 3491 729 3567 solemnia,
745 3491 796 3552 vel
808 3481 974 3570 sim'plieia,
989 3509 1048 3572 pro

23 3615 25 3622 ¹
50 3584 156 3652 diversa
168 3589 350 3653 conditione
364 3589 647 3669 congregationum
664 3589 870 3668 Regularium
884 3590 917 3650 in
932 3591 1048 3670 quibus

51 3688 221 3751 emittuntur
243 3707 251 3750 ι
277 3689 311 3750 in
335 3707 398 3769 quo
416 3694 522 3750 autem
545 3693 687 3748 versetur
708 3688 877 3750 discrimen
901 3694 1047 3751 votorum
