2642 4268
116 301 190 350 Ant.
212 299 247 349 ll.
269 297 463 358 bettricum,
485 298 696 348 ruunlrloltus
716 300 752 350 ΕΤ
766 299 942 346 EEllEl‘lCll,
1007 290 1059 346 699

95 416 327 484 *bean-111⁰
343 414 527 491 Quibusnam
543 418 580 476 ia·
595 414 760 480 dominium
774 414 879 478 cedant
899 414 1061 478 oblationes

24 512 201 595 fideliam?

96 614 251 681 Dicemus
267 614 444 694 praesertim
462 614 501 676 de
521 614 735 678 oblationibus
751 614 870 677 factis
863 633 894 674 m
916 573 1062 676 Ecclesiis

26 712 304 791 parochialibus:
321 713 493 775 solutiones
504 732 583 792 quas
594 731 689 794 super
703 713 752 774 his
764 713 870 784 detuli
885 731 1005 786 sumas,
1020 711 1059 775 ad

27 815 177 880 caeteras
191 810 370 874 oblationes
385 811 506 892 apponi
520 817 664 892 possunt.
678 814 777 876 Porro
794 831 833 874 ex
846 809 1061 872 oblationibus

28 908 110 970 fieri
124 908 280 978 solitisin
296 909 437 972 Ecclesia
456 909 644 989 parochiali,
669 909 740 972 aliea
764 908 893 989 ipsimet
913 907 1061 973 Ecclesia

30 1006 174 1081 cedunt,
190 1006 262 1071 aliae
277 1008 430 1087 parocho,
448 1008 518 1073 aliae
537 1007 660 1072 cacteris
678 1007 871 1087 presbyteris
890 1012 922 1068 et
942 1004 1063 1068 clericis

32 1105 261 1180 inferioribus,
277 1105 333 1186 qui
347 1123 437 1174 sacro
452 1105 628 1176 ministerio
640 1106 741 1172 iuneti
754 1110 840 1168 sunt.
854 1179 855 1182 Ἴ

101 1205 130 1266 Ι.
146 1204 195 1265 Ad
208 1203 395 1283 parochiam
410 1204 581 1284 pertinent,
596 1204 629 1265 vi
643 1204 879 1268 consuetudinis
892 1204 1059 1284 generalis,
1110 1253 1111 1258 ,

32 1307 68 1364 et
81 1307 293 1382 presumpte}
307 1301 492 1368 intentionis
505 1301 647 1366 fidelium
664 1321 672 1366 ε
690 1305 724 1363 l⁰
738 1320 809 1382 quae
824 1302 935 1364 fideles
948 1307 1062 1381 sponte

35 1419 107 1464 sua.
127 1401 250 1478 absque
273 1400 404 1480 speciali
431 1401 709 1476 determinatione,
739 1407 899 1480 reponunt
921 1401 954 1462 in
978 1399 1061 1462 arcis

36 1497 248 1576 nummariis,
266 1503 321 1560 aut
335 1499 456 1560 donant
469 1517 527 1579 per
537 1499 668 1562 modum
680 1499 889 1580 eleemosynae
901 1517 961 1578 pro
975 1497 1063 1560 cultu

39 1596 198 1676 publico;
212 1598 245 1656 2⁰
261 1613 331 1675 qua
349 1596 467 1658 dantur
484 1597 718 1678 prolocutione
733 1597 783 1658 vel
799 1617 857 1658 usu
871 1597 994 1658 sedium
1008 1601 1064 1656 aut

39 1693 286 1770 subselliorum
303 1694 335 1754 3ο
351 1694 529 1756 oblationes
543 1713 614 1775 quae
625 1695 707 1757 liunt
720 1694 882 1774 parochiae
897 1694 1063 1756 occasione

42 1791 271 1858 celebrationis
300 1792 493 1872 nuptiarum.
512 1797 557 1868 at,
572 1794 777 1870 funeralium,
809 1794 851 1855 oh
880 1793 1063 1868 luminaria,

38 1892 155 1966 sedas,
170 1895 332 1966 ornatum,
348 1891 540 1971 cenotaphia
554 1909 625 1971 quae
640 1891 763 1954 fabrica
775 1891 993 1954 subministrat
1009 1891 1064 1958 :in

42 1989 226 2069 majoribus
243 2006 319 2050 vero
335 1988 467 2053 urbibus
486 1989 542 2052 ubi
560 1989 732 2053 constituta
748 1989 809 2050 luit
829 1988 1063 2056 administratio

42 2087 206 2166 generalis
220 2086 424 2162 funeralium,
440 2086 562 2164 fabrica
577 2088 619 2150 ab
634 2088 690 2150 illa
704 2087 976 2150 administratione
990 2105 1062 2166 per·

44 2187 128 2266 cipit,
147 2191 272 2265 partem
295 2190 417 2248 certam
439 2186 634 2264 reddituum,
657 2205 696 2250 ex
720 2191 815 2266 pacto
837 2191 870 2248 et
891 2191 1063 2262 convent03

36 2290 78 2348 .l⁰
104 2285 269 2366 cereiqui
296 2285 391 2348 simul
415 2303 489 2347 cum
512 2304 595 2366 pane
622 2285 841 2348 benedicendo
869 2285 1061 2359 offerentum

40 2386 77 2452 5?
94 2403 162 2452 uno
177 2384 284 2458 verbo,
298 2383 362 2446 dici
374 2389 479 2463 potest
488 2390 689 2465 cunctaque
700 2385 732 2449 in
742 2384 817 2458 navi
826 2383 985 2458 Ecclesia,
996 2383 1061 2446 siva

39 2482 78 2554 jn
94 2481 189 2556 arcis,
205 2481 318 2546 sivein
337 2481 690 2556 manuscollectorum,
710 2481 872 2558 donantur
891 2481 958 2543 sine
980 2479 1064 2546 desi-

46 2580 202 2659 gnatione
223 2579 370 2659 specialis
395 2579 479 2655 linis,
505 2581 617 2644 cedere
645 2579 792 2654 Ecclesiae
822 2578 1067 2660 parochialict

44 2677 263 2758 impendenda
273 2695 340 2740 esse
353 2678 388 2740 in
395 2697 471 2748 usus
481 2679 591 2758 ipsius,
604 2684 641 2740 ut
651 2679 845 2740 instauretur
855 2696 979 2740 sacrum
993 2678 1067 2742 aedi·

46 2777 170 2850 ficium,
194 2777 318 2840 decenti
338 2776 527 2857 supellectili
546 2782 691 2853 ornetur,
715 2777 921 2857 provideatur
944 2776 1066 2840 clericis

46 2881 80 2938 et
95 2874 223 2938 famulis
237 2894 293 2954 qus
283 2875 410 2937 eidem
424 2875 572 2942 Ecclesia
584 2875 771 2941 inserviunt.

109 2976 148 3038 ΙΙ.
165 2975 213 3042 Ad
227 2973 407 3038 Parachum
429 2975 620 3054 pertinent:
642 2977 674 3035 l⁰
696 2973 875 3044 oblationes
889 2993 966 3055 qua
986 2975 1068 3042 flunt

48 3075 91 3136 ad
112 3073 226 3150 altare,
247 3073 390 3152 pecunia
411 3073 532 3134 scilicet
554 3079 587 3136 et
603 3074 688 3136 cerei
710 3091 781 3154 quae
804 3075 845 3135 ad
867 3073 1067 3134 offertorium

41 3172 168 3238 tidelea
180 3171 335 3254 delerant,
353 3171 448 3252 juxta
465 3171 563 3233 ritum
578 3189 672 3251 quem
687 3173 769 3232 Deus
788 3171 868 3248 olim,
882 3171 982 3248 veteri
996 3171 1068 3249 lege

50 3270 302 3350 praescripserat,
326 3287 397 3349 cap.
420 3289 453 3343 u,
477 3270 527 3345 10,
554 3267 786 3343 Numerarem:
812 3293 828 3326 ιι
852 3267 1012 3348 Quidquid
1033 3269 1066 3332 iu

52 3393 69 3426 ιι
83 3369 301 3432 sanctuarium
311 3367 468 3436 offertura
478 3367 610 3447 singulis
618 3372 650 3428 et
661 3367 797 3442 traditur
806 3367 954 3452 manibus
966 3385 1068 3431 sacer·

55 3492 71 3521 «
87 3466 182 3540 dotis,
192 3465 300 3545 ipsius
313 3473 421 3543 erunt;
438 3492 453 3521 n
472 3469 504 3538 2⁰,
518 3472 697 3547 parscarta
716 3466 925 3542 oblationum,
940 3484 1012 3546 qum
1028 3483 1066 3534 au

52 3565 180 3632 s'tatutis
192 3563 389 3642 dioecesanis,
406 3569 462 3628 aut
472 3565 608 3645 probata
622 3564 860 3642 consuetudine,
874 3562 1067 3627 Perochoob

52 3662 155 3742 ipsius
178 3661 313 3736 titulum.
327 3664 463 3746 pastoria
481 3663 840 3738 obveniunt-occasione
854 3662 1065 3746 ‚funeralium
1170 3681 1177 3698 ⁴

54 3761 105 3821 vel
119 3760 350 3854 benedictionis
358 3762 521 3842 nuptialis,
530 3768 564 3824 et
574 3780 646 3847 qua
657 3763 777 3842 idcirco,
784 3761 969 3854 designatur
978 3779 1066 3824 com·
