2642 4268
238 205 309 260 464*
509 211 581 259 Pili!
601 211 649 258 111.
672 211 727 258 aut
748 209 990 258 EGGLESIAS'HGES
1048 267 1055 282 θ

240 327 298 387 nis.
313 327 422 388 Plures
436 331 554 402 tamen,
568 325 638 406 lege
652 344 717 387 non
732 327 888 402 obstante,
904 345 995 406 suam
1009 323 1210 405 sepulturam
1226 325 1263 386 iu

239 425 397 497 Ecclesiis,
413 425 529 485 nedum
548 429 638 485 extra
655 425 750 486 urbes
770 425 871 486 sedin
890 423 967 504 ipsis
987 422 1133 498 urbibus,
1151 423 1261 502 elege-

240 528 325 598 runt,
347 527 507 602 sperantes
528 522 678 583 nimirum
699 523 760 583 sihi
781 521 955 602 propitium
976 522 1045 582 sore
1069 521 1263 582 Sanctorum

157 653 159 657 ν
239 619 461 700 patrocinium,
487 620 514 680 si
539 638 638 700 prope
661 619 789 680 illorum
813 620 953 681 tumulos
977 623 1260 699 componerentur,

240 735 360 798 suaque
381 736 453 778 ossa
473 717 594 778 ossibus
617 717 804 778 venerandis
825 717 1001 797 Martyrum
1026 715 1263 796 quadamtenus

241 814 480 894 copularentnr3
502 834 573 894 quae
595 815 703 893 praxis
725 815 880 894 paulatim
894 814 928 874 iu
951 813 1094 874 moribus
1115 813 1262 874 fidelium

241 911 418 992 praevalnit.
439 938 453 967 κ
468 912 554 985 ideo,
572 912 678 972 aiebat
695 916 822 973 sanctus
835 911 991 973 Maxirnus
1007 910 1228 982 Taurinensis,
1245 927 1263 970 a

243 1035 259 1065 «
281 1009 454 1089 majoribus
477 1009 638 1089 provisum
663 1015 709 1070 est
733 1015 768 1075 nt
790 1011 978 1070 Senatorum
999 1008 1124 1069 ossibus
1150 1013 1260 1068 nostra

242 1129 259 1163 «
282 1125 414 1186 corpora
439 1108 603 1184 sociemus,
627 1112 663 1168 ut
686 1106 762 1168 dum
785 1105 856 1167 illos
878 1106 1019 1168 Christus
1041 1105 1220 1178 illuminat,
1244 1123 1261 1166 a

245 1226 260 1262 n
281 1205 372 1266 nobis
391 1205 593 1265 tenebrarum
613 1204 714 1282 caligo
735 1205 886 1282 defugiat.
904 1204 982 1264 Gum
1002 1203 1120 1264 sanctis
1138 1203 1258 1282 Marty-

245 1324 260 1360 «ι
280 1301 367 1364 ribus
378 1303 584 1382 quiescentes,
597 1302 759 1363 evadimus
773 1301 887 1362 inferni
897 1301 1045 1362 tenebras
1055 1317 1169 1362 corum
1184 1318 1258 1380 pro·
1311 1331 1312 1372 3

243 1421 260 1458 c
279 1399 357 1479 priis
371 1399 501 1478 meritis,
519 1405 658 1460 attamen
674 1399 812 1461 consocii
826 1399 1004 1460 sanctitate.
1020 1421 1037 1454 »
1054 1397 1181 1480 (Sermo
1196 1397 1258 1478 55.)

238 1498 375 1558 Sanctm
386 1498 453 1577 ipsc
462 1497 646 1558 Ambrosius
658 1497 719 1558 sibi
733 1497 936 1576 sepulchrum
947 1495 980 1556 in
992 1495 1127 1556 basilica
1137 1495 1256 1557 Medio·

219 1583 221 1586 ’
239 1593 362 1654 ienensi
376 1594 434 1654 sub
450 1594 543 1655 altari
554 1593 777 1667 destinaverat,
789 1593 845 1654 uhi
857 1593 971 1654 deinde
984 1597 1171 1654 sanctorum
1184 1595 1254 1654 Ger-

239 1691 319 1752 vasii
333 1697 364 1752 et
373 1692 509 1753 Protesii
524 1710 658 1771 corpora
672 1691 797 1754 locavit.
812 1693 930 1752 «Hunc
940 1709 1011 1768 ego,
1023 1690 1141 1770 inquit,
1153 1691 1254 1753 locum
1311 1683 1312 1716 ³

239 1813 259 1846 u
275 1788 353 1851 mihi
370 1788 679 1870 praedestinaveram,
694 1789 825 1866 dignum
842 1792 891 1849 est
904 1788 990 1850 enim
1006 1793 1042 1848 ut
1055 1789 1101 1848 ibi
1115 1789 1252 1868 requies-
1311 1783 1312 1838 l

239 1913 258 1942 «ι
274 1893 325 1948 cat
343 1887 491 1948 sacerdos
511 1887 566 1948 ubi
585 1887 698 1948 offerre
715 1885 887 1948 consucvit.
904 1887 966 1948 Sed
985 1886 1064 1946 cedo
1079 1886 1176 1948 sacris
1189 1887 1250 1946 vic·
1311 1887 1312 1894 ’

239 1985 358 2046 «timis
377 1985 539 2046 dexteram
559 1985 748 2064 portionem.
764 2004 778 2042 u
798 1985 895 2044 Plura
910 1988 984 2044 sunt
998 1982 1141 2062 ejusdem
1154 1983 1246 2044 tradi-

238 2083 334 2143 tionis
350 2087 557 2143 monumenta
573 2101 670 2162 mam
684 2099 861 2142 memorare
875 2081 1045 2156 voluimus,
1062 2087 1101 2142 ut
1114 2080 1250 2142 videatur

237 2179 362 2260 praxim
382 2178 641 2258 subsequentium
661 2178 858 2254 seculorum,
876 2183 908 2238 et
926 2195 1049 2239 morem
1064 2197 1163 2258 quem
1182 2178 1251 2239 hac·

239 2283 331 2340 tenus
345 2277 460 2339 uostris
469 2275 672 2339 Antistitibns
685 2276 833 2354 gerimus,
847 2284 957 2337 eorum
968 2293 1105 2354 corpora
1117 2276 1151 2336 in
1163 2294 1249 2355 cryp-
1311 2295 1312 2328 ;

237 2374 279 2436 tis
302 2374 448 2437 Ecclesia
478 2373 708 2452 componendo,
734 2391 791 2434 sua
816 2371 907 2434 initia
929 2373 962 2432 in
986 2374 1143 2461 primave
1165 2377 1250 2434 atate
1311 2393 1312 2434 3

238 2469 396 2532 habuisse.
412 2470 599 2531 Devenimus
619 2469 659 2530 ad
679 2469 869 2548 questiones
889 2470 1058 2532 canonicas
1078 2469 1120 2532 de
1140 2487 1249 2534 coeme-

238 2567 320 2627 terio
334 2573 365 2628 et
378 2567 417 2628 de
432 2560 613 2646 sepulturis.

300 2664 369 2725 567.
381 2665 408 2725 1⁰
421 2663 527 2725 Utrum
540 2664 706 2726 coemeterio
719 2663 852 2726 benedici
864 2663 999 2738 debeant,
1014 2665 1127 2746 quibus
1142 2663 1250 2726 uetitus
1311 2655 1312 2660 ’

235 2758 424 2841 polluuntur,
441 2771 470 2822 ct
484 2761 640 2842 quc'dJ‘urc
650 2762 868 2842 praescribatur
881 2763 908 2822 si
919 2761 1037 2842 polluto
1049 2761 1136 2822 sint?

297 2859 563 2932 l.Goemetcrium,
573 2864 609 2919 ut
617 2859 802 2938 corporibus
811 2859 953 2920 fidelium
963 2859 1138 2920 humandis
1148 2859 1249 2921 descr-

239 2956 314 3032 viat,
331 2957 419 3036 prius
437 2955 470 3015 in
489 2956 594 3017 locum
614 2957 795 3035 religiosum
810 2956 850 3018 ab
866 2957 1033 3038 Episcopo,
1051 2963 1109 3018 ant
1122 2958 1249 3036 presby·

238 3061 308 3116 tero
319 3072 415 3134 quem
424 3053 598 3134 Episcopus
610 3054 820 3134 deputaverit,
833 3055 895 3115 ritu
907 3054 1041 3116 solemni
1050 3055 1249 3118 sanctificae·

236 3153 387 3216 domest.
403 3154 451 3214 Ita
470 3151 678 3231 praescribunt
696 3152 803 3214 omnic
821 3153 959 3230 ritualia,
976 3148 1115 3214 mariime
1131 3151 1249 3214 Rituaic
1311 3167 1312 3222 3

240 3252 429 3325 Romanum,
438 3250 483 3337 ad
498 3267 642 3311 normam
653 3250 735 3330 juris
749 3250 863 3313 veteris
879 3252 963 3330 quod
977 3250 1140 3316 constanti
1156 3249 1249 3314 nadi-

237 3348 324 3410 tione
346 3347 547 3409 observatum
565 3353 622 3424 cst,
645 3365 684 3408 ex
705 3365 769 3426 quo
789 3349 867 3427 ipse
886 3347 1031 3410 Ecclesia
1052 3347 1204 3408 benedici
1223 3351 1249 3406 ct

237 3446 416 3512 consecrari
426 3450 600 3524 coepcrunt.
612 3445 973 3506 Goemeteriumhahetur
984 3444 1083 3505 veluti
1093 3443 1248 3525 appendix
1311 3505 1312 3510 ,

239 3544 461 3620 Ecclesiarum,
475 3549 507 3605 et
521 3542 605 3623 quod
619 3541 688 3606 fieri
702 3543 888 3622 prohibetur
903 3543 934 3602 in
947 3541 1089 3604 Ecclesia
1104 3543 1146 3602 oh
1162 3559 1247 3603 sanc·

237 3641 362 3702 titatem
377 3640 449 3715 loci,
463 3641 596 3702 vetitum
610 3641 721 3702 codem
732 3639 804 3718 jure
819 3646 1003 3719 supponunt
1016 3640 1049 3700 in
1064 3637 1248 3702 comensis
