2604 4274
238 282 290 338 392
502 284 579 333 Plus
598 283 645 332 III.
667 284 723 333 RES
744 282 989 331 aconmIAsriou.

298 407 330 464 2⁰
344 402 466 465 Saeculo
481 406 534 478 v1⁰,
549 399 687 478 Vigilius
701 419 785 480 papa
800 400 887 461 dedit
900 401 1083 473 Profutur0‚
1097 399 1240 479 Episcopo

237 501 421 565 Bracarensi
438 500 469 558 in
483 499 656 572 Lusitania,
670 499 820 559 volumen
836 498 972 578 liturgiae
989 501 1150 571 Romame,
1167 499 1241 577 quod

238 599 374 660 fideliter
388 598 428 658 ab
444 595 591 657 omnibus
606 597 802 675 sequendum
823 595 937 656 indixit
951 595 1121 657 concilium
1135 595 1239 655 Braca-

188 688 190 692 ’
237 715 340 770 reuse,
357 715 409 757 an.
427 695 485 755 563
500 694 695 754 celebratum
716 711 722 753 :
741 693 895 770 agebatur
907 693 940 753 in
955 694 1053 754 hocce
1069 693 1195 754 decreto
1209 691 1240 752 de

240 795 351 856 ordine
365 793 530 853 Missarum
545 791 713 852 servande.

298 893 329 951 3⁰
345 891 543 966 Saeculov110,
561 894 687 950 sanctus
702 888 871 968 Gregorius
886 889 1019 966 Magnus
1033 887 1160 948 induxit
1172 888 1240 949 ritus

238 991 397 1050 Romanos
405 988 439 1048 in
450 987 596 1066 Angliam
607 1005 704 1065 opera
714 985 815 1047 saneti
826 982 1242 1066 Augustini'Gautuariensig

215 1086 291 1179 ,oui
313 1091 421 1146 tamen
445 1085 629 1146 facultatem
654 1084 808 1146 concessit
832 1089 867 1146 ut
893 1084 987 1145 simul
1021 1083 1108 1164 apud
1131 1088 1243 1164 gentem

239 1185 414 1262 Anglorum
435 1183 600 1243 induceret
622 1183 710 1260 quod
729 1183 848 1244 bouum
864 1202 899 1244 ac
914 1181 991 1243 utile
1006 1181 1171 1260 repererit,
1192 1179 1244 1241 sive

239 1282 272 1343 in
288 1281 405 1358 Gallim,
422 1280 487 1341 sive
509 1280 542 1340 iu
565 1279 707 1359 qualibet
731 1280 794 1340 alia
813 1281 964 1341 Ecclesia.
988 1304 1004 1334 a
1019 1279 1125 1354 Novit,
1141 1279 1241 1358 inquit,

239 1403 257 1436 «
280 1378 471 1441 Fraternitas
498 1381 566 1439 Tua
591 1380 741 1438 Romanae
765 1377 912 1438 Ecclesiae
940 1375 1241 1438 consuetudinemiu

240 1501 257 1531 o
281 1496 345 1557 qua
366 1495 398 1536 se
418 1475 563 1536 meminit
581 1475 762 1536 enutritam.
785 1475 848 1536 Sed
869 1475 949 1535 mihi
963 1475 1068 1554 placet
1082 1479 1129 1548 ut,
1147 1473 1241 1535 sivein

241 1599 259 1630 a
274 1578 429 1648 Romana,
452 1573 516 1634 sive
543 1573 576 1632 in
612 1573 784 1648 Gallicana,
814 1573 878 1634 sive
901 1573 933 1632 in
954 1573 1097 1651 qualibet
1119 1571 1241 1632 Ecclesia

241 1695 260 1727 a
282 1671 402 1750 aliquid
413 1670 559 1731 invenisti
569 1670 655 1750 quod
670 1671 741 1749 plus
752 1671 962 1750 omnipotenti
976 1672 1040 1731 Deo
1050 1669 1176 1748 placere
1186 1687 1241 1748 poe

244 1793 261 1826 «
282 1769 331 1844 sit,
343 1768 473 1829 sollicite
482 1767 608 1846 seligas,
621 1773 652 1828 et
663 1768 879 1846 inAuglorum
888 1767 1039 1842 Ecclesia,
1054 1785 1126 1846 quae
1135 1765 1241 1827 demul-

239 1889 259 1924 <‹
280 1867 320 1927 tis
342 1865 489 1927 Ecclesiis
510 1865 658 1942 colligere
679 1865 809 1944 poteris,
830 1866 990 1927 infundas.
1007 1867 1077 1926 Non
1099 1864 1178 1925 euim
1194 1882 1240 1942 pro

244 1985 261 2022 a
281 1963 359 2024 locis
380 1981 442 2038 res,
458 1962 513 2023 sed
527 1982 584 2042 pro
606 1963 701 2023 rebus
716 1964 787 2024 loca
803 1963 941 2024 amanda
959 1968 1043 2024 sunt.
1066 1964 1115 2024 Ex
1129 1960 1239 2041 siugulis

246 2082 261 2120 o
283 2079 357 2140 ergo
379 2061 526 2122 Ecclesiis
542 2079 613 2140 quaa
629 2060 694 2140 pia,
711 2079 782 2140 quae
802 2062 960 2138 religiosa,
978 2079 1050 2140 quae
1066 2064 1154 2120 recta
1169 2063 1237 2133 suut,

238 2181 259 2216 u
282 2158 362 2236 elige
373 2165 404 2220 et
414 2159 483 2219 haec
493 2159 624 2238 quasiin
636 2158 820 2219 fasciculum
832 2159 974 2230 collecta,
988 2157 1075 2236 apud
1085 2157 1239 2236 Angloruur

247 2277 262 2315 u
282 2262 402 2317 mentes
419 2257 451 2316 in
471 2257 732 2318 consuetudinem
750 2257 883 2335 depone.
904 2280 919 2312 »
939 2255 1028 2336 (Dist.
1046 2271 1105 2328 ΧΠ,
1125 2272 1190 2333 cap.
1204 2252 1239 2332 x.)

301 2356 335 2413 4⁰
357 2355 479 2415 Saeculo
498 2360 580 2430 v1110,
602 2354 719 2415 Paulus
738 2355 759 2420 l¹
774 2358 804 2414 et
825 2354 981 2414 Adrianus
1001 2351 1162 2413 cohortati
1182 2357 1239 2410 suut

227 2469 331 2533 ⁸reges
343 2453 547 2524 Francorum,
563 2451 734 2530 Pippinum
750 2450 868 2512 scilicet
882 2456 913 2512 et
929 2451 1076 2511 Carolum
1094 2450 1237 2527 Magnum,

242 2554 279 2609 ut
302 2549 480 2610 desererent
504 2548 668 2626 liturgiam
691 2546 896 2622 Gallicanam,
922 2548 951 2609 ei
975 2549 1109 2608 suffecta
1129 2546 1239 2624 liturgia

218 2661 220 2664 ·
237 2649 402 2721 ,Romana3
423 2647 631 2725 quamobrem
645 2647 763 2707 Paulus
777 2648 790 2707 1
804 2646 979 2707 transmisit
990 2644 1238 2725 Antiphonarium

238 2745 432 2818 Romanum,
449 2749 484 2804 ut
499 2749 610 2805 cantus
625 2762 775 2805 romanus
790 2763 862 2805 cum
877 2743 1060 2823 antiphonis
1081 2748 1112 2804 et
1125 2759 1238 2821 respon-

237 2840 335 2902 soriis
347 2841 617 2916 introduceretur3
631 2842 785 2902 Adrianus
798 2861 873 2904 vero
886 2840 1173 2903 Sacramentarium
1185 2841 1239 2900 dre

244 2938 421 3016 garianum.
438 2939 718 3014 Reformationem,
734 2940 862 3001 tametsi
876 2940 1037 3000 difficilem
1051 2937 1086 2999 in
1098 2938 1194 3018 praxi,
1208 2936 1238 2996 ad

237 3036 363 3098 exitum
383 3036 534 3116 perduxit
557 3038 696 3112 Garolus,
720 3038 752 3098 in
773 3039 811 3098 iis
834 3039 945 3098 saltem
965 3055 1036 3117 quae
1056 3037 1158 3114 magis
1173 3050 1238 3113 pra·

238 3134 337 3214 cipua
350 3134 552 3209 videbantur,
572 3155 586 3192 u
601 3140 635 3196 ut
655 3135 769 3214 quibus
783 3135 940 3210 Ecclesiis,
956 3133 1071 3214 inquit,
1089 3138 1155 3195 erat
1169 3149 1238 3194 com·

245 3261 260 3291 c
282 3253 341 3312 par
352 3232 613 3308 ardoreredendi,
625 3239 657 3294 et
667 3233 738 3312 quae
746 3233 842 3296 unitae
851 3238 943 3294 erant
953 3233 1045 3294 unius
1056 3236 1170 3294 sanotae
1177 3227 1239 3306 legis

244 3355 262 3386 ¹«
284 3331 437 3404 lectione,
460 3335 564 3392 essent
587 3331 682 3392 etiam
704 3332 800 3392 unitae
818 3331 910 3392 unius
933 3330 1157 3400 modulationis
1169 3343 1239 3390 vene

244 3451 263 3484 a
284 3430 384 3490 randa
403 3429 584 3506 traditione,
599 3435 632 3490 et
653 3448 717 3490 non
737 3430 916 3508 sejungeret
939 3429 1118 3490 ciliciorum
1136 3426 1238 3489 variata

247 3549 263 3582 «
285 3527 466 3606 celebratio,
479 3545 558 3608 quas
570 3528 779 3609 conjunxerat
794 3528 888 3589 unius
904 3528 980 3589 fidei
990 3529 1045 3608 pia
1059 3525 1198 3590 devotio¹
1213 3547 1236 3583 »-

292 3736 315 3784 1.
330 3735 408 3800 Apud
421 3737 497 3792 Card.
506 3740 589 3804 Bona,
602 3739 696 3792 lterum
710 3737 891 3804 liturgicarum
904 3739 952 3791 lib.
963 3739 984 3802 1,
996 3753 1055 3804 cap.
1070 3749 1097 3790 ιι
1110 3773 1119 3792 .
