2588 4276
198 263 272 312 aar.
291 263 312 312 1.
334 265 424 314 orreo
441 235 582 316 onirnuu
601 265 836 316 nrmurosonuu.
980 261 1029 315 tos

24 381 82 444 culo
93 395 166 454 xvir,
180 379 222 441 ad
234 399 383 442 normam
394 383 508 443 veteris
517 380 654 442 instituti
667 381 929 444 cisterciensium.
944 384 1029 446 Prae·

26 479 128 562 positus
149 479 315 540 Generalis
342 479 484 540 omniurn
507 480 770 542 monasteriorum
798 482 1028 560 Trappensium

29 577 165 641 estabhas
175 576 403 650 Cisterciensis,
415 578 471 657 qui
487 580 594 640 Romae
610 577 705 658 degit.

74 676 115 734 Ex
142 674 274 737 decreto
301 677 332 738 S.
363 677 477 754 tlongr.
499 675 730 754 Episcoporum
754 679 785 737 et
811 676 1028 754 Regularium,

31 772 485 844 an.l8l'l,omnia1nonesteria
495 773 712 853 Trapperuritm
722 773 754 832 in
765 773 1029 836 Galliaduascon·

30 869 210 950 gregationes
227 870 409 945 eliormant,
422 888 558 950 quarum
566 889 631 932 una
639 870 825 950 antiquioris
833 871 1030 932 reformatio·
1108 899 1113 906 ¹

32 966 1030 1049 nisB.MariaedeTroppu,alterarerorecentiorisreformationis

32 1064 202 1144 appellatur.
225 1067 337 1127 Prima
350 1067 496 1128 observat
518 1066 757 1127 constitutiones
778 1067 838 1128 Ab.
855 1065 891 1126 de
911 1065 1031 1143 Runa&
1084 1085 1086 1094 ¹

32 1161 156 1234 arunde,
169 1164 319 1242 regulam
334 1166 366 1226 S.
382 1163 543 1226 Benedicti
556 1183 628 1224 cum
648 1163 815 1242 primitivis
830 1163 1029 1224 constitutio·
1124 1164 1128 1184 ‘

33 1259 105 1320 nibus
126 1259 394 1334 Cisterciensium,
418 1261 512 1322 salvis
536 1260 726 1340 quibusdam
754 1260 895 1320 articulis
919 1261 1030 1322 eodem

41 1357 142 1418 decreto
153 1357 308 1435 praefixis.
321 1359 454 1437 Utrique
468 1357 709 1437 congregationi
723 1362 838 1437 praeest
851 1358 1032 1420 Moderator

37 1453 168 1514 Generalis
187 1455 453 1531 Gisterciensium,
470 1455 526 1536 qui
543 1455 686 1533 singulos
698 1455 838 1517 Abbates
853 1455 1029 1516 confirmat.

39 1551 152 1630 iitroque
174 1551 279 1614 habet
292 1554 445 1615 vicarium
459 1572 552 1615 suurn
568 1551 760 1632 generalem,
774 1552 861 1612 omni
875 1556 1033 1631 potestate

38 1649 176 1727 preditum
199 1651 242 1711 ad
264 1669 335 1714 eam
354 1654 438 1712 recte
461 1650 756 1712 administrandum.
780 1650 815 1711 Id
834 1648 1033 1724 maneriam

41 1745 263 1827 tongregatione
279 1749 461 1810 recentioris
476 1748 710 1810 reformationis
722 1752 877 1826 perpetuo
887 1747 1034 1826 conjunc·

41 1847 136 1904 tumeat
144 1847 362 1908 cnmAbbatia
370 1846 724 1927 antiquimonasteriiB.
734 1846 841 1908 Mariae
850 1845 885 1906 de
896 1844 1032 1925 Troppu,·

40 1937 304 2022 incongregatione
318 1944 506 2024 antiquioris
519 1944 767 2017 reformationis,
781 1942 914 2020 singulis
929 1942 1026 2022 quin·

22 2095 23 2098 ,
40 2039 153 2114 quenniis
171 2041 312 2104 vicarius
329 2042 484 2120 generalis
505 2041 664 2120 eligitura
680 2041 809 2120 proprio
826 2039 967 2119 capitulo
979 2039 1028 2100 in·

44 2137 212 2200 terlbbates
227 2140 324 2218 hujus
338 2139 549 2202 observantia
558 2141 581 2202 ¹.
639 2169 642 2176 ¹

22 2235 24 2322 l
85 2231 315 2298 Comaldalenses
327 2226 539 2316 idpropn'um
552 2237 684 2307 habent,
697 2237 781 2298 inter
792 2242 924 2300 cataros
933 2237 1034 2300 Bene·

22 2323 24 2394 l
46 2327 159 2406 detines,
177 2337 280 2414 quod,
292 2341 406 2416 praeter
418 2335 604 2408 coenobitas,
626 2334 689 2396 sint
700 2353 739 2398 ex
752 2334 829 2414 ipsis
847 2335 986 2398 eremita
1000 2341 1033 2397 et

47 2426 116 2488 etiam
125 2433 247 2497 reclusi.

85 2525 112 2584 3ο
127 2529 258 2592 Sanctus
278 2532 394 2606 Bruuo,
411 2529 584 2594 canonicus
600 2528 678 2592 olim
692 2530 841 2593 Ecclesia
857 2529 1030 2604 Remensis,

49 2625 69 2680 et
78 2624 248 2702 scholaster,
275 2649 393 2691 norum
416 2629 561 2692 ordinem
574 2627 794 2706 religiosorum
809 2629 880 2690 vitae
896 2633 1036 2690 cuntem·

22 2705 24 2816 ξ
49 2715 146 2794 nisuve
155 2726 353 2790 addictorum
367 2727 514 2802 instituit,
531 2745 616 2788 anno
628 2727 719 2799 1084,
733 2725 817 2788 intra
827 2732 951 2787 montes
961 2728 1034 2788 Gar·

22 2819 24 2882 l
48 2813 188 2897 timiama,
201 2843 300 2904 prope
310 2824 572 2904 Gratianopolim;
585 2824 671 2884 unde
681 2823 821 2900 religiosi
830 2823 886 2902 huj
891 2841 927 2884 us
936 2824 1005 2886 inst,

48 2913 89 2974 luti
99 2913 286 2982 carthusiani
296 2922 372 2982 dicti
382 2927 466 2983 sunt.
486 2915 560 2984 uec
581 2939 699 3000 magna
712 2921 782 2982 laus
798 2921 916 2982 ordinis
929 2921 1031 2982 sancti

22 3063 23 3096 ,
49 3005 170 3078 Bruuouis
182 3020 267 3097 quod
281 3020 489 3098 permanserit
500 3019 534 3080 in
546 3038 603 3082 suo
618 3020 771 3098 primaevo
787 3024 885 3093 statu3
902 3019 983 3080 adeo
998 3025 1033 3079 ut

52 3107 273 3178 adrhacrenus
285 3117 509 3180 reformatione
526 3117 712 3195 indignerim
730 3117 873 3196 quamvis
893 3116 1034 3196 plurima

51 3214 206 3275 monasteria
219 3215 367 3276 habuerit
380 3215 414 3276 in
429 3215 521 3276 ltalia
532 3221 564 3276 et
576 3214 686 3278 Gallia.
702 3215 835 3275 Causam
848 3213 1031 3275 stabilitatis

56 3303 183 3382 assignant
196 3313 358 3374 solitudini
372 3331 468 3394 quam
481 3311 619 3374 studiose
634 3314 742 3374 colunt
755 3310 972 3384 carthusiana
988 3313 1028 3370 si-

54 3400 114 3464 cntio
129 3410 209 3485 quod
232 3416 386 3490 perpetuo
409 3416 546 3485 servant,
568 3416 702 3488 excepto
726 3408 929 3470 solummodo
943 3407 1031 3487 quod

57 3489 63 3504 Q

58 3496 119 3574 liic,
127 3501 167 3565 ita
175 3509 282 3587 regula
292 3509 467 3582 ordinante,
483 3507 579 3570 semel
590 3527 648 3588 per
661 3508 909 3581 hebdomadam,
924 3506 1034 3586 paucis

90 3639 108 3687 l·
118 3641 214 3698 Decreta
226 3647 324 3712 quibus
338 3646 479 3698 ordinatus
491 3650 532 3697 est
548 3648 633 3697 status
645 3645 838 3710 Truppensium
852 3645 880 3694 in
894 3643 979 3696 Gallia
992 3656 1021 3693 re

63 3706 153 3770 ituatur
164 3721 189 3772 in
199 3723 360 3776 collatoria
372 3723 398 3774 C.
416 3722 537 3784 Birrarri,
550 3735 611 3786 pag.
621 3723 652 3772 63
664 3725 691 3773 et
702 3724 757 3774 uos.
867 3747 868 3754 κ
