2642 4270
215 285 282 330 aar.
305 284 352 332 lll.
373 279 606 330 aunlmsrnlrlo
624 278 769 326 concaua
788 278 946 326 noctuam.
1035 269 1089 322 579

72 400 187 462 nullibi
207 399 316 460 statuit
329 399 421 458 illum
439 399 479 458 ab
495 397 598 459 officio
616 395 758 475 praesidis
774 394 915 467 excludi3
932 393 1091 474 incapaci-

72 504 155 560 tatcs
166 502 273 559 autem
286 497 403 556 debent
417 495 552 574 exprimi
567 495 599 554 in
614 495 693 571 lege,
708 493 811 554 verbis
826 491 991 570 explicitis.
1008 493 1090 552 Non-

72 596 153 658 nulli
167 595 363 656 arbitrantur
375 593 555 654 Paroehum
568 591 704 666 excludi,
717 591 791 670 quia
800 609 890 650 mens
901 588 1090 667 legislatoris
1165 629 1166 636 ι

72 693 133 754 fuit
143 691 477 769 committerenegotia
486 689 673 768 temporalia
683 687 843 768 parocbiae
854 686 985 748 consilio
995 687 1091 748 laico·

73 809 146 851 rum
159 806 223 870 quc
234 793 427 868 temperetur
439 788 610 850 auctoritas
621 787 768 860 Parochi,
783 790 815 847 et
827 805 891 846 non
901 785 1091 846 sufficienter

73 892 203 950 cautum
218 893 309 961 esset,
325 887 352 946 si
363 887 526 948 Parccbus
538 886 615 965 ipse,
633 889 788 964 quatenus
803 903 930 964 praees,
948 883 1092 944 modera-

73 990 162 1045 retur
177 973 343 1044 consilium
356 1005 363 1058 ;
380 984 457 1045 etin
477 1003 550 1044 casu
566 1002 629 1062 quc
645 982 857 1062 opinionesin
871 987 977 1061 partes
992 981 1092 1042 diver-

73 1101 124 1143 sas
139 1081 369 1156 distrahuntur,
386 1081 519 1142 haberet
534 1079 719 1158 suffragium
729 1081 992 1159 praeponderans.
1009 1081 1092 1139 Prae·

72 1185 171 1252 terea,
194 1179 345 1240 articulus
361 1181 381 1238 l
398 1179 517 1240 decreti
536 1179 615 1239 laco
634 1178 775 1254 assignat
794 1177 966 1238 secundum
984 1176 1090 1238 locum

73 1276 231 1351 Perocho,
248 1277 289 1336 ad
302 1277 464 1336 dexteram
480 1276 640 1355 praesidis3
658 1276 741 1336 unde
755 1275 902 1352 colligere
916 1275 962 1335 fas
975 1280 1022 1335 est
1034 1277 1092 1334 Pa·

6 1357 8 1366 ’
74 1372 210 1434 rochum
225 1373 449 1434 assumendum
465 1391 529 1434 non
542 1373 609 1434 fore
625 1373 657 1432 in
673 1372 813 1434 officium
827 1371 980 1450 praesidis.

137 1473 211 1532 Haec
221 1470 396 1545 ratiocinia,
410 1489 449 1530 ex
459 1489 554 1549 scopo
566 1475 597 1530 et
607 1489 646 1530 ex
657 1471 789 1532 articulo
801 1470 880 1549 legis
890 1471 1090 1548 deprompta,

76 1587 141 1630 non
165 1573 249 1630 certo
271 1567 410 1647 probant
430 1567 562 1642 thasim3
583 1553 721 1628 latemur
741 1574 848 1629 tamen
869 1568 969 1630 multo
992 1566 1093 1645 magis

77 1665 277 1745 expedirent
295 1665 374 1726 altar
389 1670 568 1727 assumatur
586 1665 626 1725 ad
643 1659 950 1744 munuspraesidis1.
972 1665 1093 1727 Gertius

77 1763 192 1823 exinde
210 1762 396 1852 vitabuntur
413 1763 579 1822 conflictus
600 1768 631 1824 ct
648 1763 811 1824 Paroshus
829 1763 932 1825 minus
951 1763 1101 1842 implica·
1127 1819 1129 1826 ,

75 1861 166 1920 bitur
186 1860 320 1937 negotiis
342 1859 568 1938 temporalibus
593 1865 624 1920 et
644 1859 893 1936 difficultatibus,
918 1879 987 1939 quae
1007 1860 1095 1922 haud
1204 1882 1206 1885 ’

78 1976 153 2020 raro
164 1958 326 2017 molestias
338 1957 484 2018 afferunt.

140 2056 311 2116 saa-11.
325 2056 503 2116 Conventus
512 2057 641 2119 fabricae
651 2057 811 2117 habentur
818 2057 1013 2136 temporibus
1024 2057 1094 2134 lege

79 2152 254 2232 praefinitis,
278 2151 396 2212 scilicet
415 2159 528 2238 quater
547 2173 742 2234 perannum
762 2171 770 2214 :
793 2157 824 2214 1⁸
851 2155 1008 2220 dominica
1024 2159 1096 2234 post

77 2249 215 2323 Pascha,
232 2248 271 2308 1¹⁸
288 2250 365 2309 itam
380 2250 545 2312 dominicis
560 2252 671 2312 dicbus
688 2251 844 2312 mensium
858 2251 940 2330 julii,
958 2252 1095 2312 octobris

78 2353 113 2408 et
123 2337 271 2424 januarii.
290 2347 348 2406 Fas
363 2365 426 2408 non
443 2354 491 2410 est
508 2349 695 2412 consiliariis
712 2369 785 2410 suos
802 2339 974 2411 conventus
989 2355 1096 2412 tenere

78 2449 171 2506 extra
187 2449 332 2522 tempora
349 2444 518 2522 assignata,
540 2447 600 2508 nisi
614 2446 864 2508 extraordinarie
884 2453 1096 2509 convocentur

79 2543 122 2605 ab
137 2540 304 2620 Episcopo,
321 2541 370 2602 vel
385 2561 404 2602 a
418 2543 577 2620 praelccto,
596 2550 651 2603 aut
665 2545 705 2604 de
720 2543 901 2604 alterutrius
914 2543 1054 2606 licentia.

138 2639 292 2698 interesse
309 2656 437 2698 necesse
457 2643 504 2698 est
521 2639 674 2717 majorem
693 2645 817 2718 partem
832 2639 1094 2716 consiliariorum,

73 2741 117 2796 'ut
136 2741 309 2796 conventus
323 2736 429 2796 valeat
448 2735 632 2796 deliberare.
651 2740 769 2800 Cuncta
785 2737 977 2801 deliniuntur
993 2738 1097 2816 plura-

80 2833 171 2894 litate
183 2833 407 2911 suffragiorum
419 2854 428 2910 3
444 2833 556 2894 sivero
570 2833 706 2912 aequalia
721 2835 826 2897 sintin
839 2841 945 2915 partes
958 2835 1097 2896 diversas

80 2937 166 3005 vota,
179 2949 296 3009 praeses
307 2931 404 2991 habet
416 2931 602 3009 suffragium
614 2934 872 3013 praeponderans,
888 2935 973 3013 quod
983 2951 1097 3012 nempe

82 3028 207 3090 duobus
231 3029 457 3107 aequiparatur.
482 3029 596 3090 Omnes
621 3032 837 3092 conclusiones
863 3033 1043 3093 referuntur
1065 3031 1098 3090 in

81 3126 209 3188 tabulas
224 3126 433 3202 authenticas,
455 3132 487 3190 et
506 3129 545 3189 ab
560 3128 598 3188 iis
618 3129 672 3207 qui
692 3135 861 3209 praesentes
883 3131 998 3190 adsunt
1022 3129 1098 3190 sub·

82 3223 251 3302 scriptione
267 3223 447 3300 signantur3
462 3225 551 3304 quod
566 3225 658 3286 valde
674 3227 861 3304 notandum,
877 3245 952 3286 nam
971 3227 997 3287 si
1015 3227 1097 3288 torte

82 3321 173 3381 locus
192 3321 339 3400 deinceps
355 3322 446 3382 detur
465 3322 628 3401 processui
643 3322 799 3402 judiciali,
817 3325 992 3385 deferenda
1007 3329 1100 3384 erunt

83 3437 191 3480 coram
201 3418 355 3480 tribunali
367 3421 530 3499 scripturae
542 3422 742 3496 authenticae,
756 3422 869 3500 quibus
880 3429 965 3484 carto
978 3427 1099 3484 constet

83 3516 239 3576 decausis
254 3518 396 3578 tractatis
412 3523 507 3597 atque
522 3520 656 3580 delinitis
671 3520 703 3580 iu
719 3520 850 3582 consilio
864 3521 1021 3599 fabrica,-

131 3655 154 3703 1.
166 3652 278 3704 Journal
294 3653 494 3720 detinerique,
513 3659 579 3706 tom.
593 3657 613 3718 l,
624 3669 685 3720 pag:
699 3659 744 3718 253
760 3658 802 3716 lV,
816 3671 877 3722 pag.
891 3659 953 3719 1723
971 3683 1000 3694 -
1018 3655 1098 3719 Allre,

84 3728 164 3792 chop.
180 3742 216 3791 ιιι,
231 3729 408 3793 Composition
420 3730 458 3782 du
473 3730 581 3796 cometa·
595 3759 626 3772 -
637 3733 754 3805 Gsudry,
768 3733 819 3784 loc.
835 3733 890 3795 cit,
902 3741 935 3784 ιιο
948 3735 1020 3783 1007.
1068 3777 1082 3793 .,
