2642 4270
152 329 156 342 ι
228 297 281 352 550
496 301 569 351 rans
588 303 634 350 111.
655 303 711 352 RES
731 301 976 352 sootcsltsrloc.

226 420 353 483 admitti
370 439 429 499 pro
448 439 512 482 una
529 425 630 500 parte,
652 425 684 481 et
701 438 759 500 pro
779 419 842 481 alia
861 418 958 500 rejici.
980 420 1153 498 Utramque
1172 417 1239 499 opi·

228 518 356 580 nionem
371 517 446 578 satis
456 517 654 599 probabilem
667 517 743 578 dicit
756 517 785 580 S.
802 517 897 597 Alph.
911 518 950 579 de
962 516 1091 596 Lignori
1104 515 1172 600 (lib.
1187 517 1237 594 Ill,

228 615 1240 698 n⁰84).Secundammultoprobabilioremreputamus;siquidem

228 713 263 776 in
275 719 379 776 mente
392 714 611 789 renuntiantis,
624 714 819 776 transmissio
831 714 977 776 beneficii
990 719 1037 776 est
1050 713 1188 774 conditio
1198 730 1243 774 re·

225 811 645 892 signationis;ergonecesse
654 819 700 874 est
708 810 1242 875 utvelbeneficiariusconditionem

228 909 390 986 retrahat;
422 910 472 971 vel
494 927 558 971 non
582 911 766 972 admittatur
787 910 945 986 demissio,
968 929 1042 971 cum
1064 927 1127 971 non
1146 907 1243 988 possit

227 1008 387 1089 acceptari
402 1008 459 1069 sub
474 1007 530 1069 illa
545 1007 736 1070 conditione.

289 1109 322 1167 2⁰
346 1106 515 1168 Dubitatnr
534 1112 639 1168 utrum
664 1107 826 1185 resignans
850 1107 950 1188 possit
973 1106 1086 1168 saltem
1106 1105 1242 1186 aliquem

232 1203 398 1266 nominare
419 1209 451 1266 et
470 1206 693 1267 commendare
712 1206 880 1286 Episcopo,
901 1205 990 1267 nulla
1011 1205 1073 1284 ipsi
1096 1203 1243 1283 imposita

232 1301 413 1364 conditione
434 1303 535 1364 eidem
557 1303 747 1364 beneficium
769 1303 973 1366 conferendi?
986 1302 1023 1364 ld
1042 1303 1179 1364 vetitum
1196 1301 1242 1362 vi·

225 1399 320 1461 detur
343 1400 570 1461 Constitutione
595 1400 626 1460 S.
649 1400 698 1460 Pii
717 1401 752 1474 V,
774 1401 863 1480 cujus
888 1405 1012 1462 textum
1033 1399 1240 1480 protulimus3

186 1578 188 1581 Ι
227 1500 335 1558 tamen
354 1518 419 1558 non
438 1501 581 1558 servatur
600 1516 673 1557 cum
687 1503 777 1560 tanto
793 1499 898 1578 rigore
917 1498 950 1558 in
969 1496 1072 1578 praxi,
1088 1503 1121 1558 et
1140 1498 1171 1559 S.
1191 1495 1240 1558 ll-

224 1595 318 1672 guori
334 1596 426 1656 valde
441 1595 606 1675 probabile
626 1596 738 1656 asserit
757 1601 878 1658 textum
892 1595 988 1674 hujus
1007 1593 1242 1658 constitutionis

222 1690 317 1770 juxta
335 1694 420 1755 hunc
443 1713 571 1755 sensum
590 1713 684 1774 posse
704 1694 850 1774 intelligi,
872 1695 957 1774 quod
972 1694 1094 1754 licitum
1111 1694 1151 1754 sit
1170 1692 1242 1754 resi·

226 1786 353 1870 gnanti,
370 1791 403 1853 in
426 1793 495 1872 ipso
515 1797 588 1853 actu
605 1779 860 1867 renuntiationis,
881 1815 896 1850 n
914 1792 1077 1854 declarare
1089 1791 1241 1872 Episcopo

117 1951 119 1956 ,
232 1907 247 1946 o
268 1888 459 1950 desiderium
470 1891 555 1969 quod
568 1890 757 1952 beneficium
772 1891 954 1952 conferatur
971 1895 1064 1952 certae
1080 1906 1240 1969 personae3

230 2010 246 2041 «
269 1988 364 2048 modo
380 1987 462 2048 absit
476 1994 617 2067 pactum,
628 1994 663 2048 ut
677 1988 815 2050 conditio
835 1988 979 2069 rigorose
995 1987 1240 2069 suspendens...‚

224 2105 243 2138 (ι
268 2084 343 2165 quia
357 2089 432 2146 tunc
451 2103 559 2148 revera
573 2087 744 2165 resignatio
757 2086 793 2147 fit
808 2087 1002 2166 simpliciter,
1020 2090 1051 2146 et
1069 2083 1240 2165 Episcopus

226 2205 244 2237 «
263 2182 344 2244 liber
364 2189 410 2244 est
432 2183 472 2244 ad
492 2186 719 2246 conferendum
739 2184 928 2246 beneficium
948 2184 998 2246 cui
1017 2185 1086 2246 vult
1099 2207 1129 2244 ».
1147 2182 1238 2264 (Loco

225 2279 294 2354 cit,
311 2281 375 2360 83.)

285 2380 317 2438 3⁰
331 2365 499 2440 Dubitatnr
511 2381 650 2456 tandem,
664 2400 704 2442 an
716 2399 753 2442 ea
765 2379 805 2441 sit
813 2381 860 2443 vis
872 2379 1111 2443 constitutionis
1121 2378 1237 2452 Pianae,

223 2475 610 2556 utEpiscopusnunquam
620 2478 1076 2540 valeatbenefieiumeonterre
1085 2474 1236 2554 cognatis,

221 2574 383 2648 affinibus
404 2581 458 2636 aut
469 2577 683 2655 ¹familiaribus
697 2574 1239 2656 resignantistQuotiesbenelicinm

222 2675 315 2730 vacat
340 2691 397 2751 per
419 2672 674 2763 resignationem,
700 2674 873 2754 Episcopus
897 2674 985 2734 nullo
1009 2673 1104 2734 modo
1138 2674 1241 2752 potest

221 2766 302 2827 illud
322 2769 397 2845 snio,
415 2776 470 2831 aut
488 2772 676 2852 resignantis
691 2771 844 2852 cognatis,
862 2771 1021 2846 affinibus,
1038 2789 1093 2833 seu
1109 2767 1240 2831 familia·

221 2865 322 2942 ribus,
339 2869 481 2930 conterre
489 2890 498 2945 ;
516 2871 601 2949 quod
617 2889 653 2931 eo
669 2889 766 2951 usque
779 2871 969 2931 servandum
981 2870 1015 2930 in
1027 2868 1121 2949 praxi
1135 2865 1239 2928 decla·

222 2965 306 3026 ravit
318 2965 435 3028 Sancta
447 2967 667 3046 Congregatio,
679 2973 715 3030 ut
729 2969 755 3028 si
767 2968 906 3048 paroecia
919 2968 962 3044 sic
973 2967 1142 3040 vacaverit,
1155 2963 1239 3045 Epis·

221 3081 321 3143 copus
336 3083 399 3124 non
414 3064 529 3126 debeat
537 3085 609 3128 suos
624 3071 678 3128 aut
691 3067 878 3146 resignantis
894 3066 1156 3144 consanguineos,
1165 3068 1235 3138 etc,

221 3161 264 3220 ad
288 3180 474 3223 concursum
501 3163 678 3240 admittere,
704 3151 761 3224 nec
786 3163 882 3224 alicui
906 3183 946 3224 ex
971 3163 1057 3243 ipsis,
1085 3166 1239 3241 quatenus

222 3275 288 3336 prae
305 3260 426 3320 caeteris
445 3259 571 3338 dignior
588 3261 802 3340 deprehensus
816 3260 922 3336 fuerit,
943 3259 1128 3340 parochiale
1140 3259 1237 3320 bene·

222 3355 329 3416 ficium
344 3357 431 3418 dare.
450 3357 707 3419 Concludendum
723 3363 770 3420 est
784 3359 977 3438 Episcopum
992 3377 1056 3421 non
1074 3375 1169 3437 posse
1185 3373 1240 3436 pa·

221 3453 352 3514 roeciam
370 3456 559 3534 supradictis
579 3457 733 3533 conterre,
756 3455 848 3518 aliter
865 3475 961 3536 quarn
982 3457 1008 3518 si
1027 3473 1086 3536 per
1103 3455 1237 3530 obitum,

221 3550 273 3612 vel
284 3571 341 3630 per
352 3552 507 3632 judicium
522 3553 686 3616 criminale
698 3554 874 3629 vacaverit3
891 3555 952 3616 nisi
963 3555 1043 3615 forte
1057 3553 1096 3614 de
1109 3549 1241 3631 regioni·

199 3699 202 3705 .
221 3646 280 3707 bus
293 3656 406 3726 agatur
419 3652 474 3712 ubi
488 3653 577 3714 bulla
588 3652 707 3728 Oriente
718 3671 754 3713 ex
771 3653 921 3713 diuturna
935 3649 1166 3714 consuetudine
1175 3667 1236 3710 non

222 3742 353 3832 vigeret,
370 3751 406 3807 ut
419 3749 458 3808 de
473 3750 537 3810 suis
553 3750 725 3829 respective
741 3749 923 3830 regionibus
938 3753 1082 3812 asserunt
1096 3745 1238 3810 nonnulli
