2568 4272
224 225 275 278 372
489 231 562 278 PARS
582 230 626 278 ΙΙΙ.
649 231 703 278 RES
724 230 969 280 scelestlsrlcn.

223 348 344 409 tutione
363 346 443 408 Viccs
456 345 548 422 illius,
559 346 778 426 quaprohibet
790 367 829 407 ne
842 348 1055 409 Mendicantes
1064 351 1224 427 praedicent

150 429 152 436 Α
223 445 433 525 parochianos
445 444 563 505 liberos
576 463 642 504 esse
655 444 695 504 ab
709 445 866 505 audienda
879 446 974 506 Missa
987 447 1020 505 in
1032 465 1090 507 sua
1099 449 1223 513 Ecclesia

222 543 409 623 parochiali,
432 565 445 600 u
456 561 527 602 cum
537 541 609 620 jure
625 547 753 602 cautum
764 542 814 616 sit,
831 542 893 602 illis
905 544 1014 604 diebus
1027 545 1222 622 parochianos

184 709 186 714 s
224 665 239 697 ‹<
257 641 357 702 teneri
371 641 498 702 Missam
517 640 626 700 audire
644 639 677 699 in
697 658 806 700 eorum
824 641 1002 719 parochiali
1018 642 1159 716 ecclesia,
1175 646 1222 706 nisi

225 740 361 799 «forsan
384 757 423 798 ex
441 737 576 804 honesta
597 755 693 799 causa
713 737 752 798 ab
774 738 906 798 ecclesia
929 757 961 799 se
984 738 1220 803 absentarent.»
1249 764 1260 802 .·

223 837 309 919 (Cap.
334 837 424 914 Vaces,
442 841 471 912 2,
488 854 526 897 nu
542 839 668 898 Tnuoex
684 853 723 896 nr
737 838 829 909 Pecu,
844 837 1013 914 Extravag.
1029 835 1156 917 comm.)

283 936 351 998 Juri
363 935 524 996 communi
535 934 722 1012 derogatum
734 935 794 994 fuit
804 940 923 1012 postea,
937 935 1029 996 editis
1039 935 1221 996 constitutio-

222 1034 315 1093 nibus
340 1032 519 1113 apostolicis
538 1032 570 1091 in
593 1033 733 1092 favorem
755 1032 959 1108 regularium,
984 1033 1099 1110 quibus
1124 1035 1221 1094 Sancte

152 1179 156 1190 .
224 1133 319 1194 Sedes
329 1130 483 1192 concessit
497 1130 696 1209 privilegium
707 1130 880 1208 recipiendi
892 1130 1001 1190 fideles
1014 1130 1047 1190 in
1058 1131 1124 1191 suis
1136 1131 1220 1191 eccle·

223 1230 287 1303 sile,
306 1229 414 1289 diebus
432 1227 597 1288 dominicis
612 1233 644 1287 et
657 1227 755 1288 festis,
772 1229 905 1287 Exstant
920 1247 958 1287 ca
972 1228 1012 1288 de
1029 1246 1063 1288 rc
1079 1228 1219 1290 Constitu-

223 1327 323 1387 tiones
343 1326 454 1386 Leonis
469 1328 505 1398 X,
527 1327 559 1386 S.
580 1325 626 1384 Pii
645 1327 671 1386 V
690 1330 721 1384 et
738 1324 906 1386 Clementis
925 1326 1003 1400 Vlll,
1023 1325 1138 1404 quibus
1151 1343 1220 1386 asse-

222 1425 302 1484 ritur
324 1423 470 1482 fidelibus
491 1423 621 1483 libertas
645 1422 783 1482 adeundi
804 1422 951 1482 ecclesias
973 1422 1173 1499 regularium,
1192 1429 1220 1482 ut

223 1522 324 1583 Missae
338 1521 484 1580 intersint
497 1525 528 1579 et
542 1521 639 1580 sacris
652 1520 873 1594 concionibus;
889 1538 927 1580 ea
938 1526 1047 1580 tamen
1058 1519 1220 1581 conditione

223 1623 259 1678 ut
272 1617 422 1678 facultate
438 1615 497 1676 sibi
511 1634 659 1677 concessa
671 1635 734 1677 non
749 1622 879 1677 utantur
893 1616 926 1676 in
941 1621 1153 1694 contemptum
1165 1635 1217 1678 suae

222 1713 392 1794 parochiae.
1100 1776 1103 1784 ¹

283 1812 453 1874 Occasione
471 1811 708 1891 privilegiorum
729 1829 799 1890 quae
820 1811 1019 1872 solummodo
1039 1811 1215 1888 regularibus

223 1910 347 1972 fuerant
362 1929 520 1985 concessa,
536 1910 666 1970 inducta
682 1917 728 1971 cst
742 1928 798 1988 per
813 1910 922 1970 orbem
938 1909 1140 1970 christianum
1151 1927 1213 1969 con-

222 2009 368 2086 suctud0,
382 2014 418 2068 ut
433 2009 540 2069 fideles
550 2008 740 2087 ubicumque
753 2007 920 2083 voluerint,
934 2007 966 2067 in
977 2007 1115 2080 ecclesiis
1124 2013 1212 2068 otora-

223 2106 310 2167 toriis
325 2106 470 2185 publiciS,
490 2106 616 2166 Missam
637 2107 745 2166 audire
763 2111 833 2166 tuta
850 2106 1042 2166 conscicntia
1057 2105 1166 2184 possint
1180 2106 1215 2166 ad

223 2204 477 2265 satisfaciendum
492 2210 663 2283 praecepto,
683 2205 738 2265 sed
754 2205 823 2266 haec
841 2204 1036 2264 consuetudo
1051 2203 1213 2282 neutiquam

221 2303 255 2362 in
269 2304 374 2364 Galliis
385 2303 486 2380 viguit
495 2321 594 2382 usque
608 2303 648 2364 ad
658 2303 833 2364 recentiora
843 2307 998 2380 tempora.
1014 2301 1113 2380 Hujus
1123 2301 1216 2362 asserti

223 2401 447 2462 documentum
460 2402 626 2464 indubium
642 2401 792 2463 exhibent
802 2403 929 2463 decreta
941 2401 1141 2462 conciliorum
1152 2420 1214 2480 pro·

221 2497 413 2572 v'incialium,
437 2505 555 2560 statuta
575 2499 753 2560 dioecesana
770 2506 800 2560 et
818 2500 891 2559 libri
910 2499 1160 2578 ritualesPlura
1175 2500 1215 2560 ni-

222 2593 337 2654 mirum
352 2597 486 2657 eoncilia
500 2596 707 2676 provincialia
723 2615 793 2676 quae
811 2601 883 2675 post
900 2597 1056 2676 synodum
1073 2596 1213 2658 Tridenti-

222 2711 296 2751 nam
304 2693 336 2751 in
345 2693 450 2754 Galliis
458 2695 570 2762 habita
578 2701 662 2769 sunt,
672 2701 767 2774 atque
776 2713 794 2755 a
803 2695 859 2756 SS.
868 2694 1074 2755 Pontificibus
1086 2693 1213 2772 Gregorio

156 2779 164 2798 χ
221 2790 289 2850 ΧΙΙΙ
302 2795 334 2849 et
348 2785 435 2852 Sixto
448 2794 474 2853 V
486 2793 673 2870 approbata,
688 2793 806 2872 praevio
820 2793 964 2853 examine
976 2793 1060 2852 fecto
1074 2802 1093 2852 e'
1105 2793 1134 2854 S.
1148 2793 1212 2853 Gon-

222 2887 404 2964 gregatione
419 2889 559 2964 Goncilii,
571 2895 709 2951 veterem
724 2890 922 2968 disciplinam
934 2889 1071 2950 studiose
1087 2907 1211 2950 servave-

221 2989 305 3044 runt.
324 2985 497 3047 [litabimus
509 3005 574 3066 prae
594 2988 714 3048 caeteris
729 2987 863 3050 concilia
876 2987 1111 3066 Burdigalense,
1128 2989 1211 3048 furo·

221 3100 317 3143 nense
352 3088 383 3143 et
409 3083 617 3162 Bituriceusc,
653 3104 723 3164 quae
751 3081 921 3146 voluerunt
950 3085 1139 3162 denuntiari,
1167 3083 1212 3145 sub

220 3179 476 3242 interminatione
494 3184 837 3260 excommunicationis,
855 3183 1016 3244 decretum
1034 3201 1072 3242 ne
1087 3183 1154 3261 quis
1167 3183 1210 3242 tri-

221 3278 278 3338 bus
300 3280 457 3340 continuis
479 3280 588 3341 diebus
609 3281 772 3342 dominicis
792 3281 922 3342 aMissa
942 3279 1116 3359 parochiali
1133 3279 1209 3340 absit.

225 3378 442 3438 «Sanctorum
463 3380 594 3438 Petrum
615 3379 742 3454 decreta
765 3379 898 3457 antiqua
921 3384 1117 3453 renovantes,
1139 3378 1209 3438 aiunt

223 3495 239 3528 «
254 3479 360 3552 patres
375 3476 499 3538 concilii
516 3477 717 3552 Turonensis
734 3476 880 3537 omnibus
895 3480 926 3536 et
939 3475 1070 3552 singulis
1082 3474 1208 3536 christifi-

224 3593 239 3626 «
255 3570 376 3633 delibus
388 3574 451 3634 suis
462 3573 563 3635 Missis
575 3573 798 3652 paroecialibus
811 3578 842 3634 et
854 3572 924 3634 aliis
936 3592 1065 3634 suarum
1078 3573 1208 3653 paroecia·

225 3691 239 3722 «
253 3685 325 3729 rum
334 3671 455 3746 officiis,
470 3671 600 3749 singulis
614 3672 723 3733 diebus
734 3671 900 3734 dominicis
911 3676 942 3734 et
951 3672 1070 3734 festivis
1080 3671 1207 3735 interesse
