2632 4260
195 197 232 253 44
386 167 389 173 ¹
559 201 636 251 nans
655 201 691 252 u.
711 199 840 250 1111111.

196 320 355 402 mysteriis
376 317 562 392 inserviant,
576 317 784 397 transgressio
804 317 900 397 hujus
921 315 1094 397 disciplina
1113 336 1212 380 excu-

198 418 262 481 sari
277 436 342 479 non
357 421 495 497 potesta
513 419 604 478 reatu
617 414 784 495 sacrilegii,
801 415 925 478 etiamsi
938 420 1049 477 votum
1060 415 1196 478 castitat'

197 536 262 579 non
279 515 451 578 emiserint.
1124 510 1135 522 ⁸

258 615 329 676 338.
345 648 383 660 -
393 614 445 676 lv.
460 611 624 676 Utclerici
638 613 709 691 lege
721 612 873 675 castitatis
894 618 1073 687 teneantur,
1088 602 1217 692 oportet

199 718 235 775 ut
244 717 419 793 spontanea
429 712 592 773 voluntate
604 729 710 774 sacros
721 711 847 774 ordines
857 711 1062 790 susceperint.
1075 710 1218 772 Ecclesia

198 809 279 872 nulli
290 808 389 871 invito
405 809 633 888 obligationem
649 809 727 875 adeo
738 823 867 888 gravem
878 809 1030 889 imponit;
1045 807 1171 870 nullum
1183 807 1219 868 in

199 913 316 969 statum
328 906 506 968 clericalem
516 907 585 986 lege
595 907 787 969 immutabili
797 907 935 990 admittit
942 925 1000 986 per
1009 907 1223 968 subdiacona-

198 1009 277 1079 tum,
292 1005 347 1085 qui
362 1023 425 1066 non
439 1004 539 1066 libera
552 1005 716 1067 voluntate
736 1005 923 1066 consentiat.
941 1004 974 1066 Si
986 1003 1120 1085 proinde
1144 1003 1221 1084 quis

198 1101 314 1164 invitus
327 1101 470 1162 initiatus
482 1101 521 1162 sit
534 1102 631 1163 sacris
644 1102 818 1177 ordinibus,
831 1101 921 1180 gravi
932 1106 1020 1162 metu
1035 1100 1076 1162 ad
1090 1100 1224 1162 subdia-

199 1204 349 1262 conatum
364 1199 520 1277 addictus,
535 1223 550 1254 u
566 1198 723 1261 ordinatio
738 1199 849 1261 illicita
863 1204 1040 1278 reputatur,
1058 1198 1103 1259 ait
1112 1199 1220 1259 Bene-

202 1319 219 1354 «
233 1297 335 1358 dictus
357 1298 435 1374 XIV,
459 1315 517 1358 nec
539 1296 704 1372 ordinatus
728 1297 898 1360 adstrictus
919 1301 1028 1359 manet
1053 1295 1221 1358 continen—
1304 1295 1305 1312 ³

201 1418 218 1452 «
232 1395 285 1456 tiae
298 1399 373 1456 voto
394 1394 479 1473 quod
499 1413 659 1456 annexum
678 1401 725 1457 est
740 1395 844 1457 ordini
858 1395 961 1476 eidem
981 1393 1139 1456 collato.»
1158 1391 1225 1474 (De
1304 1401 1305 1434 ³

200 1491 338 1572 synodo,
354 1491 409 1554 lib.
427 1492 493 1567 Xil,
509 1493 637 1571 cap.'1v,
654 1501 690 1554 11ο
705 1493 748 1574 2.)
762 1492 856 1574 Optio
871 1493 933 1573 ipsi
946 1492 1042 1554 datur
1056 1510 1064 1554 :
1077 1495 1133 1552 aut
1148 1490 1225 1552 abs-
1304 1493 1305 1546 1

92 1641 94 1644 ,
199 1590 299 1650 tinent
314 1589 354 1650 ab
377 1589 524 1650 exercitio
549 1589 668 1651 ordinis
683 1591 764 1652 sacri
778 1597 809 1652 et
823 1590 985 1652 radestad
1000 1580 1100 1652 vitam
1115 1606 1222 1652 saeou·
1304 1617 1305 1656 1

201 1680 319 1762 larem;
340 1691 395 1748 aut
413 1687 450 1765 si,
467 1686 612 1748 libertate
626 1693 824 1768 recuperata,
839 1687 988 1750 maluerit
1002 1687 1034 1748 in
1054 1704 1222 1749 sacrorum

200 1783 511 1846 ordinum⁸exercitio
526 1785 655 1860 versari,
668 1784 747 1848 sciat
763 1805 795 1848 se
807 1786 841 1847 in
854 1791 1045 1867 perpetuum
1054 1784 1125 1864 lege
1139 1802 1223 1846 con·

198 1881 339 1944 tinentiae
364 1883 510 1960 obligari.
535 1884 703 1945 Rationem
723 1884 815 1952 affert
832 1885 1020 1946 Benedictus
1042 1884 1111 1946 XIV
1130 1883 1222 1962 quod

201 2001 218 2035 a
233 1979 342 2041 electio
367 1985 467 2041 status
487 1999 504 2041 a
528 1980 629 2042 libera
652 1981 804 2061 cujusque
827 1983 991 2044 voluntate
1013 1980 1165 2060 pendeat,
1188 1983 1222 2041 et

202 2100 217 2132 ιι
230 2077 391 2138 Altissimo
406 2082 526 2153 nostra,
543 2096 607 2139 non
623 2079 738 2155 aliena,
752 2083 828 2141 vota
842 2078 975 2140 reddere
996 2063 1176 2140 teneamur.
1200 2101 1220 2132 n
1304 2075 1305 2118 ἶ

258 2175 340 2236 Olim
356 2175 454 2236 moris
468 2181 537 2237 erat
546 2175 579 2236 in
594 2177 738 2256 pluribus
753 2177 947 2256 regionibus,
963 2182 999 2238 ut
1014 2180 1123 2238 coacte
1136 2191 1220 2260 pro·
1304 2181 1305 2228 1

198 2272 277 2333 moti
291 2272 525 2352 subjicerentur
544 2274 606 2354 legi
622 2269 787 2350 castitatis
805 2275 939 2354 aliisque
952 2273 1102 2364 oneribus
1115 2277 1224 2333 status

198 2369 364 2445 clericalis,
376 2371 487 2432 eadem
497 2371 620 2432 ratione
628 2389 665 2432 ac
676 2371 766 2452 pueri
776 2391 856 2451 quos
865 2376 1013 2452 parentes
1023 2371 1226 2432 devoverant

197 2465 230 2526 in
243 2467 382 2528 infantili
394 2472 488 2528 aetate
503 2468 654 2529 coenobiis
666 2470 950 2544 monasteriorum;
968 2474 1000 2530 at
1015 2468 1070 2530 SS.
1082 2466 1225 2528 Pontifi-
1304 2455 1305 2532 Ῠ

198 2581 271 2624 cum
285 2563 420 2624 decretis
435 2569 466 2624 et
481 2564 688 2627 conciliorum
702 2589 718 2622 «
736 2566 924 2646 abrogatam
939 2566 1034 2627 fuisse
1049 2565 1134 2626 hanc
1151 2563 1223 2624 dia·
1304 2575 1305 2644 ζ

201 2683 216 2714 «
231 2659 393 2738 ciplinam,
406 2666 628 2741 contraquam
643 2670 765 2727 naturae
781 2670 813 2726 et
824 2665 917 2726 liberi
932 2662 1055 2726 arbitrii
1062 2661 1139 2742 jura
1154 2660 1224 2722 cla·
1304 2657 1305 2730 J

200 2779 216 2812 «
231 2775 318 2819 mare
333 2756 534 2835 videbantur,
551 2783 567 2816 »
582 2759 806 2823 animadvertit
819 2761 1008 2824 Benedictus
1019 2761 1087 2823 xlv
1097 2767 1120 2821 ¹.

264 2856 308 2915 Ne
324 2855 384 2916 sibi
397 2856 534 2918 illudant
553 2856 586 2917 in
605 2857 666 2920 hac
682 2859 816 2920 materia
830 2859 937 2921 clerici
951 2859 1008 2938 qui
1026 2875 1059 2920 se
1085 2858 1223 2917 coactos
1304 2851 1305 2862 ’

119 3003 121 3007 ,
196 2951 292 3012 fuisse
313 2959 500 3031 queruntur,
521 2959 688 3035 expectare
708 2955 825 3017 debent
839 2955 996 3037 judicium
1016 2951 1226 3016 auctoritatis
1304 2961 1305 3000 ὲ

196 3049 434 3125 Ecclesiasticae,
457 3070 513 3113 seu
533 3052 804 3132 dispensationem
826 3073 845 3114 a
866 3055 898 3116 S.
925 3054 1005 3115 Sede
1025 3068 1120 3131 super
1140 3054 1227 3110 voto

196 3147 410 3210 continentia.
427 3149 482 3210 Hae
498 3167 600 3211 causae
611 3151 809 3228 ‚regulariter
828 3152 1008 3212 referuntur
1023 3149 1064 3211 ad
1081 3147 1113 3211 S.
1132 3147 1224 3208 Gon·

198 3244 415 3324 gregationem
431 3246 571 3309 Consilii.
589 3248 764 3328 Episcopus
777 3249 849 3328 jure
865 3248 947 3310 valet
966 3245 1068 3328 poenis
1081 3243 1221 3306 canoni-

197 3339 241 3401 cis
250 3341 322 3404 illos
335 3362 480 3409 coercere
495 3345 561 3423 qui,
578 3363 643 3406 nou
654 3351 821 3426 expectata
834 3345 1002 3419 sententia,
1019 3347 1138 3404 statum
1151 3341 1223 3402 cle·
1304 3403 1305 3408 ,

243 3507 266 3554 1.
285 3503 323 3555 Gi.
337 3508 448 3559 Litteras
462 3507 564 3559 Bened.
574 3509 630 3560 XIV
641 3510 680 3559 Eo
690 3510 808 3574 quamvis
818 3513 964 3575 tempore,§
979 3511 1009 3558 20
1021 3511 1112 3568 etseq.
1124 3505 1223 3568 quoad

196 3580 301 3630 Graecos
313 3581 342 3630 in
353 3585 431 3634 aetote
446 3583 563 3634 infantili
576 3584 727 3648 ordinatos;
740 3590 766 3635 et
781 3584 861 3636 Probe
875 3589 899 3636 te
909 3585 1064 3644 meminisse,
1081 3593 1126 3634 on.
1143 3581 1221 3640 1111.
1304 3639 1305 3648 ¹

199 3655 273 3717 tlt,
288 3655 321 3706 de
332 3656 453 3708 Parvulis
460 3659 615 3724 judeorum
627 3660 661 3711 ad
674 3662 841 3725 baptismum
855 3661 963 3712 oblatis.
