2632 4260
187 127 221 182 46
555 134 628 182 rans
649 135 682 204 11.
704 134 833 184 cremor.

187 251 304 312 cissent
316 251 405 329 signa
421 250 588 313 clericatus
602 269 667 330 prm
687 265 721 312 sc
737 252 877 314 ferendo.
895 254 988 315 Hune
1002 268 1133 325 morem,
1155 267 1225 310 so-

192 349 273 411 datis
294 349 390 411 etiam
408 349 567 427 procellis,
588 350 773 429 aliquandiu
792 350 929 428 viguisse
948 349 1052 410 innuit
1068 345 1227 428 epistola

187 451 223 512 S.
239 446 397 508 Goelestini
410 447 450 507 ad
464 448 638 527 Episcopos
656 448 869 509 Narbonensis
884 453 916 509 et
928 448 1114 510 Viennensis
1128 463 1226 526 pro-

191 547 303 608 vinciae
317 546 403 627 (ann.
420 546 504 626 428),
520 547 631 627 inqua
651 547 780 609 clericos
798 549 854 627 qui
870 566 957 609 more
972 546 1226 608 monachorum

191 653 293 708 vestes
309 647 455 726 proprias
475 647 668 708 affectabant
686 647 730 708 sic
749 648 953 727 reprehendit
972 666 980 710 :
1001 671 1017 703 «
1033 646 1227 709 Didicimus

194 744 383 823 «quosdam
403 745 528 805 Domini
548 746 729 806 sacerdotes
746 746 963 824 superstitioso
983 746 1082 807 cultui
1099 743 1226 824 potius

194 867 211 897 ¹«
226 843 376 904 inservire
393 860 488 922 quam
497 844 612 904 mentis
627 842 678 904 vel
692 844 766 905 fidei
776 845 918 924 puritati.
932 843 1047 905 amicti
1060 843 1163 923 pallio
1185 845 1228 900 et

199 941 344 1002 «lumbis
363 942 535 1020 praecincti,
553 943 687 1003 credunt
705 961 738 1003 se
758 943 923 1022 scripturae
942 943 1051 1016 fidem,
1067 961 1133 1004 non
1151 957 1227 1020 per

199 1065 213 1094 α
230 1039 384 1119 spiritum,
403 1040 458 1100 sed
473 1059 531 1121 per
548 1040 689 1102 litteram
708 1042 959 1121 completuros...
976 1038 1187 1100 Ddeeroendi
1201 1056 1227 1098 a

195 1164 212 1193 a
222 1137 312 1220 plebe
331 1137 380 1199 vel
396 1140 511 1200 cacteris
528 1159 628 1200 sumus
645 1139 794 1216 doctrina,
811 1159 870 1199 non
890 1148 983 1214 veate;
1002 1138 1109 1200 meotis
1121 1135 1226 1218 patri·

195 1259 211 1293 «
229 1246 300 1312 tote,
319 1257 377 1296 non
391 1237 511 1299 cultu...
525 1235 654 1298 Non'est
668 1237 897 1317 imponendum
910 1238 1021 1313 oeulis,
1031 1233 1224 1298 scdmenti-

195 1360 212 1392 a
228 1336 286 1396 hus
300 1335 497 1396 infundenda
509 1341 678 1416 praecepta.
699 1359 712 1394 ι
881 1342 885 1346 “

254 1435 281 1494 A
298 1435 413 1495 saeculo
435 1437 523 1494 sexto
541 1433 647 1495 clerici
663 1441 827 1514 coeperunt
847 1441 948 1497 vestes
965 1435 1143 1515 peculiares
1163 1433 1226 1493 de-

194 1532 278 1592 ferre
297 1532 411 1611 quibus
426 1551 445 1592 a
459 1530 548 1592 laicis
563 1538 813 1610 secernerentur,
829 1534 914 1612 quod
928 1533 1043 1595 eruditi
1062 1533 1223 1592 demons-

200 1632 288 1692 trant
307 1629 415 1690 multis
435 1629 642 1708 argumentis,
663 1639 702 1690 ex
716 1631 865 1711 Epistolis
882 1633 913 1694 S.
934 1631 1075 1710 Gregorii
1093 1627 1223 1709 Magni,

195 1733 285 1791 etex
305 1728 374 1788 aliis
393 1729 517 1807 scriptis
537 1729 659 1791 coaevis.
676 1730 859 1790 Immutatio
880 1735 986 1790 autem
1005 1727 1224 1790 universalior

195 1828 296 1887 evasit
305 1832 377 1906 post
386 1827 596 1890 harbarorum
607 1827 803 1890 invasionem
815 1849 822 1903 ;
837 1847 910 1889 cum
921 1828 1006 1888 enim
1015 1826 1146 1888 barhari
1155 1825 1223 1886 Ro-

198 1943 329 1985 manum
355 1925 525 2005 imperium
552 1927 749 1999 invasissent,
777 1931 871 2006 atque
897 1925 1095 1986 induxissent
1119 1940 1222 1984 usum

197 2023 292 2082 vestis
305 2022 468 2098 brevioris,
485 2023 590 2084 clerici
604 2026 764 2087 Romanas
775 2028 878 2084 vestes
891 2024 1099 2084 retinuerunt.
1123 2044 1137 2078 α
1151 2021 1223 2081 Nos

204 2109 218 2177 a
231 2139 295 2180 non
315 2120 405 2197 latet,
423 2120 467 2182 ait
486 2121 677 2183 Benedictus
697 2122 775 2196 XIV,
791 2111 913 2183 vestem
931 2119 1111 2198 oblongam
1123 2124 1155 2180 et
1175 2117 1223 2178 ad

202 2218 327 2299 «pedes
346 2239 445 2299 usque
466 2205 657 2281 defluentem
677 2219 797 2280 clericis
817 2219 908 2306 unice
928 2219 1107 2292 convenire,
1126 2233 1218 2277 eam·

201 2343 215 2372 «
231 2337 292 2397 que
307 2318 567 2379 consuetudinem
583 2337 619 2379 ac
631 2318 830 2396 disciplinam
841 2323 916 2378 tunc
928 2317 1090 2378 inductam
1104 2315 1219 2387 fuisse,

113 2485 115 2488 .
200 2441 217 2472 «
233 2435 304 2476 curn
323 2416 407 2492 laici,
427 2423 499 2495 post
516 2435 635 2475 annum
655 2416 744 2490 1300,
767 2416 916 2496 depositis
938 2415 1041 2493 longis
1059 2411 1219 2486 vestibuS,

203 2539 218 2570 «
234 2513 396 2574 breviores
415 2519 654 2592 sumpserunt...
678 2511 755 2574 Cum
769 2515 877 2594 vulqus
898 2513 1049 2574 domenum
1069 2509 1222 2572 laieorum

157 2609 159 2611 ’
204 2623 220 2666 a
236 2619 327 2671 vestes
345 2610 449 2692 leopos
466 2611 622 2691 objecerit,
640 2612 684 2672 ait
703 2612 941 2684 Thomassinus,
961 2611 993 2671 in
1007 2609 1062 2670 doe
1076 2605 1222 2670 occubuit

205 2734 219 2763 «
235 2707 395 2790 uipilantz'o
414 2707 647 2790 Episcoporum,
659 2719 693 2769 ut
709 2709 831 2770 clert'cos
847 2716 1042 2789 compesceret
1055 2706 1095 2768 ab
1111 2705 1218 2766 imato-

206 2832 221 2860 «
238 2807 317 2867 leone
333 2805 489 2881 laicorum,
508 2817 537 2867 et
551 2807 593 2868 od
605 2817 697 2868 vestes
713 2807 865 2888 elzpendos
879 2805 1041 2868 adduceret
1050 2805 1152 2886 potens
1171 2801 1218 2862 ἀί-

202 2926 217 2960 «
234 2890 348 2985 podati
362 2924 421 2964 suec
439 2925 530 2985 quom
547 2925 694 2987 corporee
714 2905 929 2966 discursott'om'
942 2901 1216 2965 accommodatas...

203 3029 218 3056 «
236 3005 361 3065 Vestem
376 2995 510 3064 talarem
521 3003 642 3065 clericis
657 3003 817 3083 aptissime
830 3003 1011 3077 convenire,
1022 3021 1062 3063 ex
1076 2998 1220 3061 conciliis

202 3124 217 3156 «
236 3101 484 3180 provincialibus
498 3121 534 3162 ac
546 3102 730 3163 dioecesanis
741 3087 851 3179 Italiae,
863 3100 1054 3162 Pontificum
1070 3096 1218 3168 decretis,

205 3221 219 3253 «
236 3203 267 3260 ct
295 3202 350 3263 SS.
382 3202 670 3278 congregationum
700 3200 987 3274 declarationibus,
1020 3195 1219 3276 apertissime

195 3322 219 3352 ·«
236 3301 472 3379 comprobatur.
491 3323 505 3352 »
526 3299 692 3378 (institutio
707 3315 788 3371 txxr,
803 3296 909 3358 nli-8.
929 3294 1130 3366 Thomassin,
1146 3291 1219 3352 Dis-

203 3393 373 3476 erple'no...,
385 3402 467 3476 part.
483 3397 508 3456 1²
523 3443 530 3470 ,
548 3395 603 3455 lib.
619 3397 744 3474 ll,·cap.
762 3411 844 3467 xmu,
863 3398 971 3472 etseq.
985 3389 1021 3472 ¹.)

251 3533 272 3578 l.
287 3528 432 3578 Concilium
443 3530 608 3588 Toletanum,
619 3541 654 3576 an
665 3523 725 3578 tall
738 3527 871 3588 habitum,
887 3527 997 3577 statuit:
1012 3544 1025 3570 α
1038 3523 1110 3589 quod
1123 3521 1218 3574 nullus

202 3604 314 3656 clericus
331 3605 557 3667 supertunicsle...
573 3603 674 3654 delerat
695 3604 732 3654 ita
746 3603 867 3668 longum,
885 3603 957 3666 quod
974 3602 996 3652 si
1008 3602 1043 3652 ed
1056 3600 1139 3666 pedes
1154 3613 1217 3651 con·
