2582 4278
185 258 221 314 82
554 263 681 312 1111111.
703 255 832 313 cunnlul.

195 379 236 439 ad
251 378 401 440 saeculare
416 379 627 456 deferebatur,
642 397 700 458 pro
711 377 842 440 arbitrio
857 379 984 440 actoris.
1001 375 1164 457 lipisoopi,
1182 377 1219 438 iu

195 495 395 557 quacumque
407 495 513 553 causa,
526 478 566 538 ad
576 475 678 538 solum
690 477 830 538 tribunal
844 477 1092 538 ecclesiasticum
1102 476 1222 537 venire
1275 543 1276 558 ¹

196 575 481 655 compellebantur,
496 576 580 654 quod
592 575 651 636 suit
662 593 699 636 ea
711 579 804 636 aetate
818 566 1019 654 privilegium
1033 575 1111 654 ipsis
1120 591 1225 655 pecu-

195 673 283 736 liare.
306 673 573 753 subsequentibus
593 673 716 734 saeculis
733 673 836 751 magis
857 673 964 734 adhuc
982 677 1120 734 extensae
1140 671 1220 733 fue·

191 776 264 832 runt
285 771 500 833 immunitates
524 771 610 850 apud
631 771 801 850 plerasque
824 757 932 849 gentes
958 770 1157 846 catholicas;
1185 787 1225 831 ar

198 869 327 930 tandem
342 885 443 930 resec
461 869 655 931 devenerunt
668 873 703 929 ut
720 869 823 948 quivis
841 869 974 929 clericus
993 868 1124 929 omnino
1140 869 1225 928 sub-

202 967 372 1029 duceretur
383 967 482 1046 judici
501 954 655 1041 saeculari,
676 967 821 1047 exceptis
833 966 1024 1046 quibusdem
1040 964 1144 1027 causis
1160 967 1227 1026 fori

200 1064 302 1142 mixti,
319 1070 349 1126 et
364 1065 465 1126 causis
484 1063 663 1125 feudalibus
680 1065 703 1124 ¹.
725 1065 798 1126 Haec
816 1064 918 1138 initia,
939 1061 1176 1128 vicissitudines
1193 1069 1227 1124 et

198 1179 383 1242 progressus
397 1163 635 1243 privilegiorum
656 1162 774 1223 ordinis
793 1161 947 1223 clericalis
962 1160 1111 1242 probant,
1125 1159 1228 1240 juxte

195 1266 348 1340 patronos
367 1263 467 1322 tertiae
488 1260 657 1340 opinionis,
672 1261 892 1322 immanitates
907 1261 1107 1336 clericorum,
1124 1277 1190 1321 nec
1207 1279 1225 1321 e
1275 1269 1276 1348 l

199 1359 272 1438 jure
283 1359 400 1433 divino,
410 1375 467 1420 nec
481 1375 498 1418 e
507 1359 580 1437 jore
590 1359 755 1434 canonico,
766 1360 820 1420 sed
830 1375 847 1419 e
857 1375 928 1438 Jurc
939 1349 1120 1418 civili'ortas
1135 1353 1221 1417 esse.
1275 1359 1276 1408 l

254 1457 287 1515 3υ
302 1457 441 1532 Ratione,
453 1457 583 1536 scojcre
592 1457 739 1519 naturali.
752 1459 869 1518 Omnes
880 1455 1022 1535 ejusdem
1031 1452 1224 1533 reipublicae
1275 1463 1276 1494 ³

198 1554 296 1628 cives,
318 1572 371 1615 scu
392 1553 505 1615 inc'olre
524 1554 671 1632 regionis,
694 1559 849 1635 quatenus
871 1558 944 1614 sunt
963 1551 1106 1613 membra
1125 1567 1223 1612 com·

87 1647 89 1650 ’
198 1651 363 1713 munitatis
384 1651 496 1727 civilis,
515 1651 587 1731 jore
608 1658 731 1714 naturae
750 1653 930 1714 subduntur
951 1645 1134 1712 auctoritati
1157 1667 1223 1729 pu·

127 1799 128 1804 ,
198 1747 301 1826 blicae,
323 1755 355 1810 et
370 1750 510 1810 Christos
526 1751 567 1811 ab
584 1769 622 1812 ea
636 1750 705 1828 lege
724 1749 865 1829 generali
879 1767 942 1811 non
956 1748 1080 1828 excepit
1095 1747 1223 1808 clerum

200 1845 262 1907 nisi
273 1847 307 1908 in
319 1847 368 1908 his
384 1865 454 1927 qoae
468 1851 541 1908 sunt
556 1847 674 1909 ordinis
687 1846 936 1930 supernaturalis
952 1861 959 1906 :
976 1846 1064 1926 atqui
1075 1844 1225 1906 Ecclesia
1275 1853 1276 1856 ’

198 1961 264 2006 non
279 1950 384 2024 potest
398 1946 568 2007 dissolvere
580 1947 741 2008 vinculum
755 1947 839 2007 istud
854 1945 1058 2024 subjectionis
1071 1959 1147 2005 cum
1164 1943 1223 2004 de-

200 2042 350 2105 trimento
362 2043 483 2123 jurium
499 2045 683 2124 Principum
697 2044 729 2104 in
744 2043 983 2124 temporalibus.
1002 2065 1018 2099 u
1034 2043 1089 2104 lus
1103 2041 1223 2120 positi-
1275 2057 1276 2060 ’

198 2165 214 2196 o
229 2159 315 2216 vum,
333 2142 377 2203 ait
395 2142 532 2220 Medina,
550 2160 614 2204 non
631 2142 773 2203 dissolvit
790 2141 1017 2220 obligationem
1036 2139 1222 2201 naturalem

198 2261 215 2294 «
230 2244 286 2300 aut
303 2240 441 2300 divinam
460 2259 531 2320 quae
549 2249 694 2320 praeerat,
714 2240 793 2301 sicut
812 2257 871 2301 nec
887 2240 939 2300 lex
956 2237 1142 2316 evangelica
1161 2238 1221 2298 de·
1275 2231 1276 2272 ἕ

197 2361 212 2392 s
228 2337 294 2398 bita
312 2337 399 2417 prius
418 2344 580 2400 contracta
598 2339 691 2413 tollit,
711 2339 776 2399 sive
794 2339 834 2399 sit
852 2338 993 2400 debitum
1014 2337 1128 2411 carnis,
1151 2337 1220 2396 sive
1275 2341 1276 2344 ’

195 2434 368 2496 «debitum
396 2437 618 2515 pecuniarum,
652 2436 716 2497 sive
745 2435 876 2497 alterius
906 2432 1134 2497 obedientiae...
1174 2437 1221 2494 Ac

196 2555 214 2587 ¹«
229 2533 360 2610 proinde
378 2551 434 2594 nec
455 2534 595 2594 debitum
616 2533 820 2612 subjectionis
841 2539 873 2596 et
892 2531 1092 2611 obedientiae,
1119 2549 1221 2612 quam

196 2636 216 2683 l<
230 2629 300 2708 quis
315 2629 407 2691 alteri
419 2637 505 2692 certa
517 2631 586 2710 lege
600 2631 728 2712 speciali
739 2632 843 2708 debet,
859 2633 983 2694 tollitur
996 2649 1033 2692 co
1044 2631 1114 2710 ipso
1129 2631 1219 2712 quod
1275 2669 1276 2702 3

202 2727 304 2806 «quis
323 2727 465 2790 ordinem
480 2729 657 2792 clericalem
677 2731 800 2811 accipit,
821 2730 881 2792 nisi
899 2730 1058 2809 majorum
1074 2729 1219 2790 auctori·

196 2837 214 2878 i<
229 2828 293 2884 tate
301 2825 550 2891 interveniente..
558 2875 565 2890 .
573 2829 703 2892 Videtur
710 2829 857 2908 igitur,in
869 2829 1042 2909 quaesticne
1052 2826 1216 2907 prasenti,

200 2947 216 2976 a
231 2923 458 3002 imperatorum
485 2928 719 2989 concessionem
744 2927 849 3008 potius
874 2945 971 3008 quam
993 2927 1071 3004 legis
1097 2925 1217 2986 diuinae

201 3021 459 3084 «institutionem
480 3024 586 3088 locum
604 3025 734 3102 habere,
761 3025 884 3088 etiamsi
907 3024 1023 3088 rationi
1045 3030 1216 3086 consenta-
1275 3067 1276 3072 η

199 3141 216 3176 «
231 3137 327 3182 neum
342 3121 382 3182 sit
401 3119 531 3185 clericos
547 3123 580 3185 in
599 3129 717 3186 sortem
731 3124 787 3186 Dei
804 3122 920 3186 electos
934 3124 974 3185 ab
994 3121 1080 3185 omni
1093 3121 1216 3183 tributo

199 3240 215 3274 o
230 3218 320 3280 laicis
339 3219 499 3297 solvendo,
521 3222 614 3282 simul
631 3227 662 3283 et
676 3241 696 3282 a
714 3226 870 3303 potestate
887 3220 1032 3283 saeculari
1048 3222 1216 3299 exemptos

198 3336 216 3371 «
230 3333 298 3378 esse
313 3317 438 3380 debere.
456 3344 471 3374 »
490 3319 638 3400 (Medius,
655 3319 690 3382 de
704 3319 913 3395 destitutione,
930 3323 1042 3400 quaest.
1056 3319 1122 3398 xc.)

245 3497 267 3545 1.
282 3495 447 3561 Thomassin,
459 3502 522 3550 tom.
534 3499 578 3562 ill,
588 3499 635 3551 lib.
648 3502 668 3563 Ι,
678 3499 710 3550 de
720 3501 931 3552 Immunitctibus
942 3509 1110 3565 pernoctarem
1124 3499 1150 3547 et
1161 3500 1214 3549 ter·

197 3581 290 3620 rorum
308 3572 435 3638 Ecclesia,
449 3589 497 3639 cap
514 3589 692 3627 unu-rurus.
708 3603 738 3613 ·—
762 3575 852 3628 Codex
870 3575 1020 3637 Theodosii,
1036 3576 1082 3626 lib.
1098 3571 1165 3626 xvi.
1183 3600 1213 3611 -—

198 3641 310 3696 Novella
322 3649 362 3710 37,
375 3651 414 3712 13,
429 3653 469 3712 83,
484 3653 523 3714 86,
540 3653 659 3714 123131.
672 3651 800 3703 -chex
815 3653 969 3716 iustiniani,
982 3653 1029 3704 lib.
1043 3653 1063 3714 l,
1078 3650 1120 3702 tit.
1131 3661 1169 3714 iv,
1182 3649 1213 3699 cic

199 3720 346 3788 Episcopali
355 3725 507 3779 Audienda.
518 3755 548 3767 -
559 3729 670 3781 Pouvoc'r
677 3729 713 3780 da
724 3743 792 3795 pope
804 3743 840 3780 co
851 3741 944 3794 moyen
952 3729 1008 3794 cpe,
1017 3743 1079 3794 pag.
1094 3729 1149 3779 111.
