<?xml version="1.0" encoding="UTF-8"?>
<!DOCTYPE html PUBLIC "-//W3C//DTD XHTML 1.0 Transitional//EN"
    "http://www.w3.org/TR/xhtml1/DTD/xhtml1-transitional.dtd">
<html xmlns="http://www.w3.org/1999/xhtml" xml:lang="en" lang="en">
 <head>
  <title>
</title>
<meta http-equiv="Content-Type" content="text/html;charset=utf-8" />
  <meta name='ocr-system' content='tesseract 3.04.00' />
  <meta name='ocr-capabilities' content='ocr_page ocr_carea ocr_par ocr_line ocrx_word'/>
</head>
<body>
  <div class='ocr_page' id='page_1' title='image "./praelectionesju00murrgoog_0401.png"; bbox 0 0 2604 4274; ppageno 0'>
   <div class='ocr_carea' id='block_1_1' title="bbox 225 241 976 309">
    <p class='ocr_par' dir='ltr' id='par_1_1' title="bbox 225 241 976 309">
     <span class='ocr_line' id='line_1_1' title="bbox 225 241 976 309; baseline 0.015 -13"><span class='ocrx_word' id='word_1_1' title='bbox 225 241 278 297; x_wconf 76' lang='grc'>390</span> <span class='ocrx_word' id='word_1_2' title='bbox 489 255 562 304; x_wconf 76' lang='lat' dir='ltr'>PARS</span> <span class='ocrx_word' id='word_1_3' title='bbox 582 255 630 304; x_wconf 87' lang='lat'>111.</span> <span class='ocrx_word' id='word_1_4' title='bbox 651 257 708 306; x_wconf 72' lang='lat' dir='ltr'>RES</span> <span class='ocrx_word' id='word_1_5' title='bbox 728 258 976 309; x_wconf 71' lang='lat' dir='ltr'>nectentisrlon.</span> 
     </span>
    </p>
   </div>
   <div class='ocr_carea' id='block_1_2' title="bbox 174 370 1274 3786">
    <p class='ocr_par' dir='ltr' id='par_1_2' title="bbox 174 370 1270 1018">
     <span class='ocr_line' id='line_1_2' title="bbox 226 370 1233 454; baseline 0.016 -28"><span class='ocrx_word' id='word_1_6' title='bbox 226 385 343 430; x_wconf 87' lang='lat' dir='ltr'>nomen</span> <span class='ocrx_word' id='word_1_7' title='bbox 362 370 523 450; x_wconf 83' lang='lat' dir='ltr'>accepite</span> <span class='ocrx_word' id='word_1_8' title='bbox 544 373 670 452; x_wconf 90' lang='lat' dir='ltr'>populis</span> <span class='ocrx_word' id='word_1_9' title='bbox 693 374 801 436; x_wconf 71' lang='lat' dir='ltr'>Godris</span> <span class='ocrx_word' id='word_1_10' title='bbox 820 377 877 454; x_wconf 87' lang='lat' dir='ltr'>qui</span> <span class='ocrx_word' id='word_1_11' title='bbox 896 378 986 438; x_wconf 92' lang='lat' dir='ltr'>illam</span> <span class='ocrx_word' id='word_1_12' title='bbox 1006 377 1047 438; x_wconf 89' lang='lat' dir='ltr'>ab</span> <span class='ocrx_word' id='word_1_13' title='bbox 1068 378 1233 443; x_wconf 88' lang='lat' dir='ltr'>Orientein</span> 
     </span>
     <span class='ocr_line' id='line_1_3' title="bbox 227 465 1270 555; baseline 0.015 -31"><span class='ocrx_word' id='word_1_14' title='bbox 227 465 392 544; x_wconf 83' lang='lat' dir='ltr'>Hispanias</span> <span class='ocrx_word' id='word_1_15' title='bbox 404 469 597 531; x_wconf 84' lang='lat' dir='ltr'>induxerunt</span> <span class='ocrx_word' id='word_1_16' title='bbox 611 471 721 551; x_wconf 88' lang='lat' dir='ltr'>quinto</span> <span class='ocrx_word' id='word_1_17' title='bbox 735 474 862 548; x_wconf 83' lang='lat' dir='ltr'>saeculo,</span> <span class='ocrx_word' id='word_1_18' title='bbox 880 475 1009 554; x_wconf 86' lang='lat' dir='ltr'>quando</span> <span class='ocrx_word' id='word_1_19' title='bbox 1024 475 1083 536; x_wconf 88' lang='lat' dir='ltr'>has</span> <span class='ocrx_word' id='word_1_20' title='bbox 1099 477 1235 555; x_wconf 85' lang='lat' dir='ltr'>regiones</span> <span class='ocrx_word' id='word_1_21' title='bbox 1269 467 1270 510; x_wconf 63' lang='lat'>³</span> 
     </span>
     <span class='ocr_line' id='line_1_4' title="bbox 227 561 1233 653; baseline 0.015 -31"><span class='ocrx_word' id='word_1_22' title='bbox 227 561 420 625; x_wconf 85' lang='lat' dir='ltr'>invaserunt.</span> <span class='ocrx_word' id='word_1_23' title='bbox 447 568 580 630; x_wconf 85' lang='lat' dir='ltr'>Sanetus</span> <span class='ocrx_word' id='word_1_24' title='bbox 602 571 760 646; x_wconf 83' lang='lat' dir='ltr'>Leander,</span> <span class='ocrx_word' id='word_1_25' title='bbox 784 577 1072 652; x_wconf 79' lang='lat' dir='ltr'>contemporaneus</span> <span class='ocrx_word' id='word_1_26' title='bbox 1094 576 1233 653; x_wconf 83' lang='lat' dir='ltr'>Gregorio</span> 
     </span>
     <span class='ocr_line' id='line_1_5' title="bbox 174 661 1233 750; baseline 0.014 -30"><span class='ocrx_word' id='word_1_27' title='bbox 174 679 175 682; x_wconf 45' lang='lat'>¹</span> <span class='ocrx_word' id='word_1_28' title='bbox 227 661 354 740; x_wconf 87' lang='lat' dir='ltr'>Magno,</span> <span class='ocrx_word' id='word_1_29' title='bbox 370 669 400 724; x_wconf 88' lang='lat' dir='ltr'>et</span> <span class='ocrx_word' id='word_1_30' title='bbox 413 671 523 743; x_wconf 87' lang='lat' dir='ltr'>postea</span> <span class='ocrx_word' id='word_1_31' title='bbox 532 673 659 729; x_wconf 88' lang='lat' dir='ltr'>sanctus</span> <span class='ocrx_word' id='word_1_32' title='bbox 672 669 809 731; x_wconf 88' lang='lat' dir='ltr'>Isidorus</span> <span class='ocrx_word' id='word_1_33' title='bbox 822 670 1026 750; x_wconf 85' lang='lat' dir='ltr'>Hispalensis,</span> <span class='ocrx_word' id='word_1_34' title='bbox 1041 671 1161 733; x_wconf 89' lang='lat' dir='ltr'>multas</span> <span class='ocrx_word' id='word_1_35' title='bbox 1171 673 1233 736; x_wconf 89' lang='lat' dir='ltr'>huic</span> 
     </span>
     <span class='ocr_line' id='line_1_6' title="bbox 228 757 1233 845; baseline 0.016 -29"><span class='ocrx_word' id='word_1_36' title='bbox 228 757 362 836; x_wconf 79' lang='lat' dir='ltr'>liturgiae</span> <span class='ocrx_word' id='word_1_37' title='bbox 385 779 497 840; x_wconf 87' lang='lat' dir='ltr'>operas</span> <span class='ocrx_word' id='word_1_38' title='bbox 516 773 727 841; x_wconf 84' lang='lat' dir='ltr'>navaverunt;</span> <span class='ocrx_word' id='word_1_39' title='bbox 749 767 892 845; x_wconf 89' lang='lat' dir='ltr'>ejusdem</span> <span class='ocrx_word' id='word_1_40' title='bbox 915 775 1021 830; x_wconf 88' lang='lat' dir='ltr'>autem</span> <span class='ocrx_word' id='word_1_41' title='bbox 1043 769 1124 829; x_wconf 88' lang='lat' dir='ltr'>ritus</span> <span class='ocrx_word' id='word_1_42' title='bbox 1147 769 1233 832; x_wconf 91' lang='lat' dir='ltr'>libros</span> 
     </span>
     <span class='ocr_line' id='line_1_7' title="bbox 228 858 1233 946; baseline 0.014 -30"><span class='ocrx_word' id='word_1_43' title='bbox 228 858 392 918; x_wconf 87' lang='lat' dir='ltr'>emendari</span> <span class='ocrx_word' id='word_1_44' title='bbox 422 863 558 938; x_wconf 87' lang='lat' dir='ltr'>curavit,</span> <span class='ocrx_word' id='word_1_45' title='bbox 596 865 719 925; x_wconf 81' lang='lat' dir='ltr'>saeculis</span> <span class='ocrx_word' id='word_1_46' title='bbox 750 865 1033 946; x_wconf 71' lang='lat' dir='ltr'>subsequentium,</span> <span class='ocrx_word' id='word_1_47' title='bbox 1071 866 1233 930; x_wconf 83' lang='lat' dir='ltr'>Cardinalis</span> 
     </span>
     <span class='ocr_line' id='line_1_8' title="bbox 228 955 385 1018; baseline 0.019 -4"><span class='ocrx_word' id='word_1_48' title='bbox 228 955 385 1018; x_wconf 88' lang='lat' dir='ltr'>Ximenes.</span> 
     </span>
    </p>

    <p class='ocr_par' dir='ltr' id='par_1_3' title="bbox 203 1055 1273 1832">
     <span class='ocr_line' id='line_1_9' title="bbox 290 1055 1232 1143; baseline 0.011 -29"><span class='ocrx_word' id='word_1_49' title='bbox 290 1055 359 1116; x_wconf 73' lang='lat'><strong>529.</strong></span> <span class='ocrx_word' id='word_1_50' title='bbox 377 1089 417 1102; x_wconf 93' lang='lat'>--</span> <span class='ocrx_word' id='word_1_51' title='bbox 431 1057 465 1117; x_wconf 90' lang='lat' dir='ltr'>ln</span> <span class='ocrx_word' id='word_1_52' title='bbox 481 1057 542 1119; x_wconf 83' lang='lat' dir='ltr'>hac</span> <span class='ocrx_word' id='word_1_53' title='bbox 556 1060 675 1122; x_wconf 89' lang='lat' dir='ltr'>rituum</span> <span class='ocrx_word' id='word_1_54' title='bbox 690 1063 852 1138; x_wconf 87' lang='lat' dir='ltr'>varietate,</span> <span class='ocrx_word' id='word_1_55' title='bbox 870 1069 901 1124; x_wconf 88' lang='lat' dir='ltr'>et</span> <span class='ocrx_word' id='word_1_56' title='bbox 916 1063 1063 1124; x_wconf 84' lang='lat' dir='ltr'>libertate</span> <span class='ocrx_word' id='word_1_57' title='bbox 1082 1064 1232 1143; x_wconf 88' lang='lat' dir='ltr'>Episcopis</span> 
     </span>
     <span class='ocr_line' id='line_1_10' title="bbox 203 1151 1230 1240; baseline 0.01 -29"><span class='ocrx_word' id='word_1_58' title='bbox 203 1153 206 1166; x_wconf 92' lang='lat'>&#39;</span> <span class='ocrx_word' id='word_1_59' title='bbox 230 1151 306 1212; x_wconf 81' lang='lat' dir='ltr'>dats</span> <span class='ocrx_word' id='word_1_60' title='bbox 326 1171 436 1232; x_wconf 87' lang='lat' dir='ltr'>preces</span> <span class='ocrx_word' id='word_1_61' title='bbox 457 1157 554 1220; x_wconf 81' lang='lat' dir='ltr'>oflicii</span> <span class='ocrx_word' id='word_1_62' title='bbox 572 1159 693 1238; x_wconf 89' lang='lat' dir='ltr'>puhlioi</span> <span class='ocrx_word' id='word_1_63' title='bbox 708 1161 887 1236; x_wconf 87' lang='lat' dir='ltr'>ordinandi,</span> <span class='ocrx_word' id='word_1_64' title='bbox 910 1161 986 1221; x_wconf 89' lang='lat' dir='ltr'>satis</span> <span class='ocrx_word' id='word_1_65' title='bbox 1006 1179 1103 1238; x_wconf 88' lang='lat' dir='ltr'>grave</span> <span class='ocrx_word' id='word_1_66' title='bbox 1119 1163 1230 1240; x_wconf 87' lang='lat' dir='ltr'>pericu-</span> 
     </span>
     <span class='ocr_line' id='line_1_11' title="bbox 228 1249 1230 1338; baseline 0.01 -30"><span class='ocrx_word' id='word_1_67' title='bbox 228 1249 298 1309; x_wconf 93' lang='lat' dir='ltr'>lum</span> <span class='ocrx_word' id='word_1_68' title='bbox 312 1252 458 1314; x_wconf 79' lang='lat' dir='ltr'>Ecclesiis</span> <span class='ocrx_word' id='word_1_69' title='bbox 472 1255 676 1333; x_wconf 84' lang='lat' dir='ltr'>imminebat;</span> <span class='ocrx_word' id='word_1_70' title='bbox 698 1258 874 1320; x_wconf 90' lang='lat' dir='ltr'>timendum</span> <span class='ocrx_word' id='word_1_71' title='bbox 889 1259 1006 1338; x_wconf 88' lang='lat' dir='ltr'>quippe</span> <span class='ocrx_word' id='word_1_72' title='bbox 1022 1264 1146 1319; x_wconf 86' lang='lat' dir='ltr'>eratne</span> <span class='ocrx_word' id='word_1_73' title='bbox 1159 1259 1230 1338; x_wconf 90' lang='lat' dir='ltr'>puri-</span> 
     </span>
     <span class='ocr_line' id='line_1_12' title="bbox 232 1349 1272 1450; baseline 0.009 -42"><span class='ocrx_word' id='word_1_74' title='bbox 232 1352 286 1408; x_wconf 89' lang='lat' dir='ltr'>tas</span> <span class='ocrx_word' id='word_1_75' title='bbox 300 1349 374 1412; x_wconf 89' lang='lat' dir='ltr'>fidei</span> <span class='ocrx_word' id='word_1_76' title='bbox 393 1370 430 1411; x_wconf 89' lang='lat' dir='ltr'>ac</span> <span class='ocrx_word' id='word_1_77' title='bbox 449 1352 547 1414; x_wconf 87' lang='lat' dir='ltr'>divini</span> <span class='ocrx_word' id='word_1_78' title='bbox 568 1356 672 1416; x_wconf 86' lang='lat' dir='ltr'>cultus</span> <span class='ocrx_word' id='word_1_79' title='bbox 686 1356 865 1431; x_wconf 73' lang='lat' dir='ltr'>laederetur,</span> <span class='ocrx_word' id='word_1_80' title='bbox 887 1375 942 1450; x_wconf 82' lang='lat' dir='ltr'>seu</span> <span class='ocrx_word' id='word_1_81' title='bbox 956 1356 1152 1435; x_wconf 86' lang='lat' dir='ltr'>negligentia</span> <span class='ocrx_word' id='word_1_82' title='bbox 1166 1373 1272 1435; x_wconf 88' lang='lat' dir='ltr'>quo</span> 
     </span>
     <span class='ocr_line' id='line_1_13' title="bbox 231 1447 1230 1530; baseline 0.009 -25"><span class='ocrx_word' id='word_1_83' title='bbox 231 1447 380 1508; x_wconf 82' lang='lat' dir='ltr'>rumdam</span> <span class='ocrx_word' id='word_1_84' title='bbox 410 1450 640 1530; x_wconf 84' lang='lat' dir='ltr'>Episcopornm</span> <span class='ocrx_word' id='word_1_85' title='bbox 665 1452 714 1514; x_wconf 87' lang='lat' dir='ltr'>vel</span> <span class='ocrx_word' id='word_1_86' title='bbox 742 1459 930 1515; x_wconf 86' lang='lat' dir='ltr'>novatorum</span> <span class='ocrx_word' id='word_1_87' title='bbox 955 1453 1046 1528; x_wconf 90' lang='lat' dir='ltr'>dolo;</span> <span class='ocrx_word' id='word_1_88' title='bbox 1076 1473 1114 1515; x_wconf 90' lang='lat' dir='ltr'>eo</span> <span class='ocrx_word' id='word_1_89' title='bbox 1142 1454 1230 1514; x_wconf 86' lang='lat' dir='ltr'>minus</span> 
     </span>
     <span class='ocr_line' id='line_1_14' title="bbox 232 1542 1230 1632; baseline 0.009 -29"><span class='ocrx_word' id='word_1_90' title='bbox 232 1542 361 1624; x_wconf 86' lang='lat' dir='ltr'>insuper</span> <span class='ocrx_word' id='word_1_91' title='bbox 382 1547 526 1609; x_wconf 80' lang='lat' dir='ltr'>elucebat</span> <span class='ocrx_word' id='word_1_92' title='bbox 514 1551 648 1612; x_wconf 90' lang='lat' dir='ltr'>tunitas</span> <span class='ocrx_word' id='word_1_93' title='bbox 671 1557 789 1614; x_wconf 80' lang='lat' dir='ltr'>sanetae</span> <span class='ocrx_word' id='word_1_94' title='bbox 811 1551 959 1613; x_wconf 81' lang='lat' dir='ltr'>Ecclesiae</span> <span class='ocrx_word' id='word_1_95' title='bbox 980 1551 1158 1628; x_wconf 70' lang='lat' dir='ltr'>catholicae,</span> <span class='ocrx_word' id='word_1_96' title='bbox 1180 1571 1230 1632; x_wconf 91' lang='lat' dir='ltr'>quo</span> 
     </span>
     <span class='ocr_line' id='line_1_15' title="bbox 235 1642 1231 1727; baseline 0.007 -26"><span class='ocrx_word' id='word_1_97' title='bbox 235 1642 334 1721; x_wconf 90' lang='lat' dir='ltr'>magis</span> <span class='ocrx_word' id='word_1_98' title='bbox 356 1646 502 1707; x_wconf 74' lang='lat' dir='ltr'>Ecclesiae</span> <span class='ocrx_word' id='word_1_99' title='bbox 522 1649 729 1727; x_wconf 78' lang='lat' dir='ltr'>particulares</span> <span class='ocrx_word' id='word_1_100' title='bbox 748 1649 818 1710; x_wconf 85' lang='lat' dir='ltr'>aliae</span> <span class='ocrx_word' id='word_1_101' title='bbox 841 1649 881 1710; x_wconf 85' lang='lat' dir='ltr'>nh</span> <span class='ocrx_word' id='word_1_102' title='bbox 906 1649 1005 1710; x_wconf 91' lang='lat' dir='ltr'>aliis</span> <span class='ocrx_word' id='word_1_103' title='bbox 996 1667 1030 1708; x_wconf 91' lang='lat' dir='ltr'>1n</span> <span class='ocrx_word' id='word_1_104' title='bbox 1054 1649 1120 1710; x_wconf 88' lang='lat' dir='ltr'>suis</span> <span class='ocrx_word' id='word_1_105' title='bbox 1138 1649 1231 1710; x_wconf 89' lang='lat' dir='ltr'>officiis</span> 
     </span>
     <span class='ocr_line' id='line_1_16' title="bbox 234 1740 1273 1832; baseline 0.008 -32"><span class='ocrx_word' id='word_1_106' title='bbox 234 1740 399 1804; x_wconf 84' lang='lat' dir='ltr'>dissentire</span> <span class='ocrx_word' id='word_1_107' title='bbox 413 1744 612 1808; x_wconf 85' lang='lat' dir='ltr'>videbantur.</span> <span class='ocrx_word' id='word_1_108' title='bbox 1272 1829 1273 1832; x_wconf 8' lang='grc' dir='ltr'><strong>Ἴ</strong></span> 
     </span>
    </p>

    <p class='ocr_par' dir='ltr' id='par_1_4' title="bbox 233 1839 1274 3786">
     <span class='ocr_line' id='line_1_17' title="bbox 293 1839 1273 1925; baseline 0.004 -25"><span class='ocrx_word' id='word_1_109' title='bbox 293 1841 335 1901; x_wconf 93' lang='lat' dir='ltr'>Ut</span> <span class='ocrx_word' id='word_1_110' title='bbox 351 1850 607 1920; x_wconf 83' lang='lat' dir='ltr'>praeeaverentur</span> <span class='ocrx_word' id='word_1_111' title='bbox 624 1845 694 1908; x_wconf 82' lang='lat' dir='ltr'>haee</span> <span class='ocrx_word' id='word_1_112' title='bbox 714 1845 866 1925; x_wconf 87' lang='lat' dir='ltr'>pericula,</span> <span class='ocrx_word' id='word_1_113' title='bbox 888 1843 1023 1906; x_wconf 88' lang='lat' dir='ltr'>coucilia</span> <span class='ocrx_word' id='word_1_114' title='bbox 1041 1844 1232 1922; x_wconf 84' lang='lat' dir='ltr'>provincialia</span> <span class='ocrx_word' id='word_1_115' title='bbox 1272 1839 1273 1884; x_wconf 58' lang='lat'><em>³</em></span> 
     </span>
     <span class='ocr_line' id='line_1_18' title="bbox 234 1938 1231 2023; baseline 0 -23"><span class='ocrx_word' id='word_1_116' title='bbox 234 1938 310 2000; x_wconf 87' lang='lat' dir='ltr'>olim</span> <span class='ocrx_word' id='word_1_117' title='bbox 325 1945 503 2003; x_wconf 88' lang='lat' dir='ltr'>statuerunt</span> <span class='ocrx_word' id='word_1_118' title='bbox 517 1961 557 2003; x_wconf 91' lang='lat' dir='ltr'>ne</span> <span class='ocrx_word' id='word_1_119' title='bbox 577 1944 694 2022; x_wconf 89' lang='lat' dir='ltr'>singuli</span> <span class='ocrx_word' id='word_1_120' title='bbox 708 1943 855 2023; x_wconf 78' lang='lat' dir='ltr'>Episcopi</span> <span class='ocrx_word' id='word_1_121' title='bbox 868 1943 946 2002; x_wconf 88' lang='lat' dir='ltr'>ritus</span> <span class='ocrx_word' id='word_1_122' title='bbox 960 1942 1170 2015; x_wconf 82' lang='lat' dir='ltr'>immutarent,</span> <span class='ocrx_word' id='word_1_123' title='bbox 1185 1942 1231 2001; x_wconf 86' lang='lat' dir='ltr'>scd</span> 
     </span>
     <span class='ocr_line' id='line_1_19' title="bbox 234 2038 1229 2119; baseline 0.001 -22"><span class='ocrx_word' id='word_1_124' title='bbox 234 2045 440 2118; x_wconf 86' lang='lat' dir='ltr'>sequerentur</span> <span class='ocrx_word' id='word_1_125' title='bbox 464 2041 609 2103; x_wconf 84' lang='lat' dir='ltr'>ordinem</span> <span class='ocrx_word' id='word_1_126' title='bbox 633 2041 779 2102; x_wconf 77' lang='lat' dir='ltr'>Ecclesiae</span> <span class='ocrx_word' id='word_1_127' title='bbox 804 2039 1068 2119; x_wconf 81' lang='lat' dir='ltr'>Metropolitanae,</span> <span class='ocrx_word' id='word_1_128' title='bbox 1098 2038 1229 2099; x_wconf 77' lang='lat' dir='ltr'>nocella</span> 
     </span>
     <span class='ocr_line' id='line_1_20' title="bbox 233 2136 1233 2221; baseline 0 -25"><span class='ocrx_word' id='word_1_129' title='bbox 233 2136 440 2198; x_wconf 86' lang='lat' dir='ltr'>recitarentur</span> <span class='ocrx_word' id='word_1_130' title='bbox 462 2156 571 2221; x_wconf 81' lang='lat' dir='ltr'>preces</span> <span class='ocrx_word' id='word_1_131' title='bbox 594 2140 627 2200; x_wconf 89' lang='lat' dir='ltr'>in</span> <span class='ocrx_word' id='word_1_132' title='bbox 650 2139 785 2218; x_wconf 89' lang='lat' dir='ltr'>puhlicis</span> <span class='ocrx_word' id='word_1_133' title='bbox 809 2138 920 2198; x_wconf 87' lang='lat' dir='ltr'>officiis</span> <span class='ocrx_word' id='word_1_134' title='bbox 945 2155 1040 2216; x_wconf 83' lang='lat' dir='ltr'>quarn</span> <span class='ocrx_word' id='word_1_135' title='bbox 1067 2137 1233 2216; x_wconf 86' lang='lat' dir='ltr'>probataea</span> 
     </span>
     <span class='ocr_line' id='line_1_21' title="bbox 234 2235 1274 2318; baseline 0.002 -24"><span class='ocrx_word' id='word_1_136' title='bbox 234 2236 356 2314; x_wconf 84' lang='lat' dir='ltr'>synodo</span> <span class='ocrx_word' id='word_1_137' title='bbox 383 2237 581 2315; x_wconf 88' lang='lat' dir='ltr'>provinciali.</span> <span class='ocrx_word' id='word_1_138' title='bbox 609 2239 656 2298; x_wconf 89' lang='lat' dir='ltr'>Ita</span> <span class='ocrx_word' id='word_1_139' title='bbox 682 2255 749 2318; x_wconf 83' lang='lat' dir='ltr'>prae</span> <span class='ocrx_word' id='word_1_140' title='bbox 775 2236 895 2298; x_wconf 86' lang='lat' dir='ltr'>caeteris</span> <span class='ocrx_word' id='word_1_141' title='bbox 919 2241 1095 2296; x_wconf 87' lang='lat' dir='ltr'>sanxerunt</span> <span class='ocrx_word' id='word_1_142' title='bbox 1117 2235 1232 2296; x_wconf 87' lang='lat' dir='ltr'>concilia</span> <span class='ocrx_word' id='word_1_143' title='bbox 1273 2299 1274 2302; x_wconf 62' lang='grc'>,</span> 
     </span>
     <span class='ocr_line' id='line_1_22' title="bbox 233 2333 1231 2414; baseline 0 -20"><span class='ocrx_word' id='word_1_144' title='bbox 233 2333 461 2406; x_wconf 86' lang='lat' dir='ltr'>Milevitanum,</span> <span class='ocrx_word' id='word_1_145' title='bbox 484 2354 535 2397; x_wconf 89' lang='lat' dir='ltr'>an.</span> <span class='ocrx_word' id='word_1_146' title='bbox 557 2337 627 2409; x_wconf 76' lang='grc'><strong>416,</strong></span> <span class='ocrx_word' id='word_1_147' title='bbox 653 2337 846 2414; x_wconf 83' lang='lat' dir='ltr'>Agathense‚</span> <span class='ocrx_word' id='word_1_148' title='bbox 870 2353 921 2394; x_wconf 90' lang='lat' dir='ltr'>an.</span> <span class='ocrx_word' id='word_1_149' title='bbox 948 2335 1018 2407; x_wconf 86' lang='grc'><strong>606,</strong></span> <span class='ocrx_word' id='word_1_150' title='bbox 1047 2334 1231 2406; x_wconf 79' lang='lat' dir='ltr'>Toletauurn</span> 
     </span>
     <span class='ocr_line' id='line_1_23' title="bbox 235 2432 1231 2513; baseline -0.001 -21"><span class='ocrx_word' id='word_1_151' title='bbox 235 2451 285 2492; x_wconf 88' lang='lat' dir='ltr'>an.</span> <span class='ocrx_word' id='word_1_152' title='bbox 309 2433 380 2510; x_wconf 82' lang='grc'><strong>676,</strong></span> <span class='ocrx_word' id='word_1_153' title='bbox 404 2433 493 2513; x_wconf 88' lang='lat' dir='ltr'>cujus</span> <span class='ocrx_word' id='word_1_154' title='bbox 508 2453 610 2494; x_wconf 87' lang='lat' dir='ltr'>canon</span> <span class='ocrx_word' id='word_1_155' title='bbox 625 2433 658 2494; x_wconf 90' lang='lat' dir='ltr'>in</span> <span class='ocrx_word' id='word_1_156' title='bbox 673 2434 759 2495; x_wconf 88' lang='lat' dir='ltr'>hune</span> <span class='ocrx_word' id='word_1_157' title='bbox 774 2433 904 2494; x_wconf 88' lang='lat' dir='ltr'>modum</span> <span class='ocrx_word' id='word_1_158' title='bbox 919 2432 1056 2493; x_wconf 86' lang='lat' dir='ltr'>refertur</span> <span class='ocrx_word' id='word_1_159' title='bbox 1071 2432 1157 2510; x_wconf 89' lang='lat' dir='ltr'>apud</span> <span class='ocrx_word' id='word_1_160' title='bbox 1170 2433 1231 2492; x_wconf 85' lang='lat' dir='ltr'>Gra·</span> 
     </span>
     <span class='ocr_line' id='line_1_24' title="bbox 233 2528 1233 2619; baseline -0.002 -30"><span class='ocrx_word' id='word_1_161' title='bbox 233 2529 366 2603; x_wconf 82' lang='lat' dir='ltr'>tionum,</span> <span class='ocrx_word' id='word_1_162' title='bbox 391 2549 460 2610; x_wconf 88' lang='lat' dir='ltr'>cap.</span> <span class='ocrx_word' id='word_1_163' title='bbox 485 2530 531 2592; x_wconf 81' lang='lat' dir='ltr'>Dc</span> <span class='ocrx_word' id='word_1_164' title='bbox 550 2532 598 2606; x_wconf 65' lang='grc' dir='ltr'>τῖε,</span> <span class='ocrx_word' id='word_1_165' title='bbox 621 2532 671 2606; x_wconf 76' lang='lat'>13,</span> <span class='ocrx_word' id='word_1_166' title='bbox 691 2531 764 2592; x_wconf 91' lang='lat' dir='ltr'>dist.</span> <span class='ocrx_word' id='word_1_167' title='bbox 788 2547 832 2590; x_wconf 78' lang='lat' dir='ltr'>rur</span> <span class='ocrx_word' id='word_1_168' title='bbox 853 2548 860 2591; x_wconf 91' lang='lat'>:</span> <span class='ocrx_word' id='word_1_169' title='bbox 883 2554 898 2586; x_wconf 92' lang='lat'>«</span> <span class='ocrx_word' id='word_1_170' title='bbox 919 2530 1045 2619; x_wconf 84' lang='lat' dir='ltr'>Placuit</span> <span class='ocrx_word' id='word_1_171' title='bbox 1065 2528 1233 2590; x_wconf 85' lang='lat' dir='ltr'>concilient</span> 
     </span>
     <span class='ocr_line' id='line_1_25' title="bbox 238 2626 1233 2707; baseline 0.003 -25"><span class='ocrx_word' id='word_1_172' title='bbox 238 2651 253 2682; x_wconf 85' lang='lat'>«</span> <span class='ocrx_word' id='word_1_173' title='bbox 276 2626 527 2707; x_wconf 66' lang='lat' dir='ltr'>Metropolitanus</span> <span class='ocrx_word' id='word_1_174' title='bbox 554 2629 642 2690; x_wconf 87' lang='lat' dir='ltr'>Sedis</span> <span class='ocrx_word' id='word_1_175' title='bbox 670 2629 858 2690; x_wconf 88' lang='lat' dir='ltr'>auctoritate</span> <span class='ocrx_word' id='word_1_176' title='bbox 880 2628 981 2690; x_wconf 86' lang='lat' dir='ltr'>eoacti</span> <span class='ocrx_word' id='word_1_177' title='bbox 1001 2627 1233 2706; x_wconf 84' lang='lat' dir='ltr'>uniuscujusque</span> 
     </span>
     <span class='ocr_line' id='line_1_26' title="bbox 240 2725 1232 2807; baseline 0 -25"><span class='ocrx_word' id='word_1_178' title='bbox 240 2744 254 2781; x_wconf 82' lang='lat' dir='ltr'>u</span> <span class='ocrx_word' id='word_1_179' title='bbox 275 2725 447 2803; x_wconf 86' lang='lat' dir='ltr'>provinciae</span> <span class='ocrx_word' id='word_1_180' title='bbox 469 2727 562 2802; x_wconf 88' lang='lat' dir='ltr'>cives,</span> <span class='ocrx_word' id='word_1_181' title='bbox 587 2734 787 2807; x_wconf 86' lang='lat' dir='ltr'>rectoresque</span> <span class='ocrx_word' id='word_1_182' title='bbox 807 2727 1030 2801; x_wconf 87' lang='lat' dir='ltr'>Ecclesiarum‚</span> <span class='ocrx_word' id='word_1_183' title='bbox 1048 2744 1148 2786; x_wconf 92' lang='lat' dir='ltr'>unum</span> <span class='ocrx_word' id='word_1_184' title='bbox 1161 2741 1232 2785; x_wconf 90' lang='lat' dir='ltr'>eun·</span> 
     </span>
     <span class='ocr_line' id='line_1_27' title="bbox 235 2823 1232 2904; baseline 0.003 -26"><span class='ocrx_word' id='word_1_185' title='bbox 235 2845 251 2878; x_wconf 89' lang='lat'>«</span> <span class='ocrx_word' id='word_1_186' title='bbox 275 2823 410 2902; x_wconf 87' lang='lat' dir='ltr'>demque</span> <span class='ocrx_word' id='word_1_187' title='bbox 424 2824 456 2883; x_wconf 90' lang='lat' dir='ltr'>in</span> <span class='ocrx_word' id='word_1_188' title='bbox 471 2824 636 2904; x_wconf 84' lang='lat' dir='ltr'>psallendo</span> <span class='ocrx_word' id='word_1_189' title='bbox 651 2829 780 2886; x_wconf 88' lang='lat' dir='ltr'>teneant</span> <span class='ocrx_word' id='word_1_190' title='bbox 794 2825 924 2885; x_wconf 90' lang='lat' dir='ltr'>modum</span> <span class='ocrx_word' id='word_1_191' title='bbox 939 2841 1034 2902; x_wconf 89' lang='lat' dir='ltr'>quem</span> <span class='ocrx_word' id='word_1_192' title='bbox 1048 2824 1081 2884; x_wconf 91' lang='lat' dir='ltr'>iu</span> <span class='ocrx_word' id='word_1_193' title='bbox 1095 2823 1232 2901; x_wconf 82' lang='lat' dir='ltr'>Metropo</span> 
     </span>
     <span class='ocr_line' id='line_1_28' title="bbox 238 2919 1231 3002; baseline -0.001 -22"><span class='ocrx_word' id='word_1_194' title='bbox 238 2945 253 2976; x_wconf 76' lang='grc' dir='ltr'><strong>κ</strong></span> <span class='ocrx_word' id='word_1_195' title='bbox 274 2919 374 2982; x_wconf 86' lang='lat' dir='ltr'>litana</span> <span class='ocrx_word' id='word_1_196' title='bbox 393 2923 472 2984; x_wconf 83' lang='lat' dir='ltr'>Sede</span> <span class='ocrx_word' id='word_1_197' title='bbox 487 2923 693 3002; x_wconf 86' lang='lat' dir='ltr'>cognoverint</span> <span class='ocrx_word' id='word_1_198' title='bbox 706 2923 901 2997; x_wconf 82' lang='lat' dir='ltr'>institutum3</span> <span class='ocrx_word' id='word_1_199' title='bbox 921 2941 980 2983; x_wconf 87' lang='lat' dir='ltr'>nee</span> <span class='ocrx_word' id='word_1_200' title='bbox 995 2920 1104 3000; x_wconf 88' lang='lat' dir='ltr'>aliqua</span> <span class='ocrx_word' id='word_1_201' title='bbox 1119 2919 1231 2980; x_wconf 89' lang='lat' dir='ltr'>diversi·</span> 
     </span>
     <span class='ocr_line' id='line_1_29' title="bbox 236 3019 1230 3101; baseline 0 -25"><span class='ocrx_word' id='word_1_202' title='bbox 236 3042 252 3076; x_wconf 91' lang='lat'>«</span> <span class='ocrx_word' id='word_1_203' title='bbox 274 3023 351 3090; x_wconf 88' lang='lat' dir='ltr'>tat‚e</span> <span class='ocrx_word' id='word_1_204' title='bbox 377 3019 530 3101; x_wconf 85' lang='lat' dir='ltr'>cujusque</span> <span class='ocrx_word' id='word_1_205' title='bbox 556 3021 673 3082; x_wconf 87' lang='lat' dir='ltr'>ordinis</span> <span class='ocrx_word' id='word_1_206' title='bbox 697 3021 748 3082; x_wconf 90' lang='lat' dir='ltr'>vcl</span> <span class='ocrx_word' id='word_1_207' title='bbox 771 3021 878 3096; x_wconf 90' lang='lat' dir='ltr'>officii,</span> <span class='ocrx_word' id='word_1_208' title='bbox 909 3040 928 3081; x_wconf 90' lang='lat' dir='ltr'>a</span> <span class='ocrx_word' id='word_1_209' title='bbox 949 3019 1190 3098; x_wconf 75' lang='lat' dir='ltr'>Metropolitum</span> <span class='ocrx_word' id='word_1_210' title='bbox 1206 3035 1230 3076; x_wconf 88' lang='lat' dir='ltr'>sc</span> 
     </span>
     <span class='ocr_line' id='line_1_30' title="bbox 236 3113 1230 3200; baseline -0.003 -25"><span class='ocrx_word' id='word_1_211' title='bbox 236 3142 252 3176; x_wconf 88' lang='lat'>«</span> <span class='ocrx_word' id='word_1_212' title='bbox 273 3137 315 3200; x_wconf 89' lang='lat' dir='ltr'>pa</span> <span class='ocrx_word' id='word_1_213' title='bbox 316 3117 435 3179; x_wconf 86' lang='lat' dir='ltr'>tiautur</span> <span class='ocrx_word' id='word_1_214' title='bbox 458 3119 539 3180; x_wconf 89' lang='lat' dir='ltr'>Sede</span> <span class='ocrx_word' id='word_1_215' title='bbox 562 3117 620 3197; x_wconf 83' lang='lat' dir='ltr'>disJ&#39;</span> <span class='ocrx_word' id='word_1_216' title='bbox 607 3120 711 3198; x_wconf 91' lang='lat' dir='ltr'>Jungi.</span> <span class='ocrx_word' id='word_1_217' title='bbox 734 3119 784 3182; x_wconf 86' lang='lat' dir='ltr'>Sic</span> <span class='ocrx_word' id='word_1_218' title='bbox 804 3118 889 3181; x_wconf 89' lang='lat' dir='ltr'>enim</span> <span class='ocrx_word' id='word_1_219' title='bbox 907 3119 1029 3198; x_wconf 88' lang='lat' dir='ltr'>J&#39;ustum</span> <span class='ocrx_word' id='word_1_220' title='bbox 1054 3122 1140 3176; x_wconf 90' lang='lat' dir='ltr'>estu</span> <span class='ocrx_word' id='word_1_221' title='bbox 1120 3113 1230 3176; x_wconf 88' lang='lat' dir='ltr'>utinde</span> 
     </span>
     <span class='ocr_line' id='line_1_31' title="bbox 238 3210 1230 3327; baseline -0.002 -53"><span class='ocrx_word' id='word_1_222' title='bbox 238 3237 253 3276; x_wconf 84' lang='lat' dir='ltr'>o</span> <span class='ocrx_word' id='word_1_223' title='bbox 273 3215 489 3296; x_wconf 86' lang='lat' dir='ltr'>unusquisque</span> <span class='ocrx_word' id='word_1_224' title='bbox 517 3223 623 3279; x_wconf 88' lang='lat' dir='ltr'>sumat</span> <span class='ocrx_word' id='word_1_225' title='bbox 651 3218 776 3327; x_wconf 81' lang='lat' dir='ltr'>regulas</span> <span class='ocrx_word' id='word_1_226' title='bbox 800 3215 986 3296; x_wconf 90' lang='lat' dir='ltr'>magisterii,</span> <span class='ocrx_word' id='word_1_227' title='bbox 1012 3215 1097 3275; x_wconf 91' lang='lat' dir='ltr'>unde</span> <span class='ocrx_word' id='word_1_228' title='bbox 1121 3210 1230 3274; x_wconf 89' lang='lat' dir='ltr'>honoris</span> 
     </span>
     <span class='ocr_line' id='line_1_32' title="bbox 236 3310 1227 3394; baseline -0.01 -16"><span class='ocrx_word' id='word_1_229' title='bbox 236 3340 252 3370; x_wconf 87' lang='lat'>«</span> <span class='ocrx_word' id='word_1_230' title='bbox 273 3315 545 3382; x_wconf 84' lang='lat' dir='ltr'>consecrationem</span> <span class='ocrx_word' id='word_1_231' title='bbox 570 3314 696 3394; x_wconf 87' lang='lat' dir='ltr'>accipit,</span> <span class='ocrx_word' id='word_1_232' title='bbox 730 3321 778 3391; x_wconf 87' lang='lat' dir='ltr'>ut,</span> <span class='ocrx_word' id='word_1_233' title='bbox 800 3315 894 3394; x_wconf 83' lang='lat' dir='ltr'>juxta</span> <span class='ocrx_word' id='word_1_234' title='bbox 924 3311 1083 3392; x_wconf 86' lang='lat' dir='ltr'>majorum</span> <span class='ocrx_word' id='word_1_235' title='bbox 1111 3310 1227 3380; x_wconf 81' lang='lat' dir='ltr'>decreta,</span> 
     </span>
     <span class='ocr_line' id='line_1_33' title="bbox 236 3410 1228 3494; baseline -0.012 -18"><span class='ocrx_word' id='word_1_236' title='bbox 236 3437 251 3468; x_wconf 71' lang='grc' dir='ltr'>ι(</span> <span class='ocrx_word' id='word_1_237' title='bbox 274 3413 371 3476; x_wconf 85' lang='lat' dir='ltr'>Sedes</span> <span class='ocrx_word' id='word_1_238' title='bbox 388 3433 458 3494; x_wconf 85' lang='lat' dir='ltr'>quae</span> <span class='ocrx_word' id='word_1_239' title='bbox 479 3412 647 3492; x_wconf 87' lang='lat' dir='ltr'>unicuique</span> <span class='ocrx_word' id='word_1_240' title='bbox 667 3413 872 3475; x_wconf 88' lang='lat' dir='ltr'>sacerdotalis</span> <span class='ocrx_word' id='word_1_241' title='bbox 891 3410 1055 3492; x_wconf 86' lang='lat' dir='ltr'>dignitatis</span> <span class='ocrx_word' id='word_1_242' title='bbox 1070 3413 1119 3471; x_wconf 88' lang='lat' dir='ltr'>est</span> <span class='ocrx_word' id='word_1_243' title='bbox 1135 3410 1228 3474; x_wconf 88' lang='lat' dir='ltr'>mater,</span> 
     </span>
     <span class='ocr_line' id='line_1_34' title="bbox 236 3509 1228 3590; baseline -0.013 -18"><span class='ocrx_word' id='word_1_244' title='bbox 236 3533 251 3567; x_wconf 90' lang='lat'>«</span> <span class='ocrx_word' id='word_1_245' title='bbox 281 3512 321 3572; x_wconf 90' lang='lat' dir='ltr'>sit</span> <span class='ocrx_word' id='word_1_246' title='bbox 352 3511 570 3574; x_wconf 80' lang='lat' dir='ltr'>ecclesiasticae</span> <span class='ocrx_word' id='word_1_247' title='bbox 602 3511 755 3590; x_wconf 89' lang='lat' dir='ltr'>magistra</span> <span class='ocrx_word' id='word_1_248' title='bbox 788 3512 958 3574; x_wconf 89' lang='lat' dir='ltr'>rationis...</span> <span class='ocrx_word' id='word_1_249' title='bbox 991 3509 1056 3574; x_wconf 89' lang='lat' dir='ltr'>Sub</span> <span class='ocrx_word' id='word_1_250' title='bbox 1086 3509 1145 3568; x_wconf 85' lang='lat' dir='ltr'>ista</span> <span class='ocrx_word' id='word_1_251' title='bbox 1169 3517 1228 3582; x_wconf 88' lang='lat' dir='ltr'>ergo</span> 
     </span>
     <span class='ocr_line' id='line_1_35' title="bbox 235 3605 1228 3692; baseline -0.005 -24"><span class='ocrx_word' id='word_1_252' title='bbox 235 3633 252 3668; x_wconf 80' lang='lat' dir='ltr'>u</span> <span class='ocrx_word' id='word_1_253' title='bbox 275 3610 385 3688; x_wconf 87' lang='lat' dir='ltr'>regula</span> <span class='ocrx_word' id='word_1_254' title='bbox 399 3609 584 3690; x_wconf 70' lang='lat' dir='ltr'>disciplina,</span> <span class='ocrx_word' id='word_1_255' title='bbox 601 3628 666 3670; x_wconf 92' lang='lat' dir='ltr'>non</span> <span class='ocrx_word' id='word_1_256' title='bbox 679 3610 781 3682; x_wconf 85' lang='lat' dir='ltr'>solum</span> <span class='ocrx_word' id='word_1_257' title='bbox 796 3605 1060 3692; x_wconf 84' lang='lat' dir='ltr'>Metropolitanus</span> <span class='ocrx_word' id='word_1_258' title='bbox 1074 3605 1166 3666; x_wconf 89' lang='lat' dir='ltr'>totius</span> <span class='ocrx_word' id='word_1_259' title='bbox 1178 3616 1228 3662; x_wconf 73' lang='lat' dir='ltr'>sue</span> 
     </span>
     <span class='ocr_line' id='line_1_36' title="bbox 236 3695 1224 3786; baseline 0 -22"><span class='ocrx_word' id='word_1_260' title='bbox 236 3730 252 3764; x_wconf 75' lang='grc' dir='ltr'>ι(</span> <span class='ocrx_word' id='word_1_261' title='bbox 273 3707 443 3786; x_wconf 86' lang='lat' dir='ltr'>provinciae</span> <span class='ocrx_word' id='word_1_262' title='bbox 475 3707 640 3786; x_wconf 86' lang='lat' dir='ltr'>pontifices</span> <span class='ocrx_word' id='word_1_263' title='bbox 671 3708 721 3770; x_wconf 82' lang='lat' dir='ltr'>vel</span> <span class='ocrx_word' id='word_1_264' title='bbox 749 3710 929 3772; x_wconf 85' lang='lat' dir='ltr'>sacerdotes</span> <span class='ocrx_word' id='word_1_265' title='bbox 956 3705 1150 3782; x_wconf 81' lang='lat' dir='ltr'>adstringat,</span> <span class='ocrx_word' id='word_1_266' title='bbox 1180 3695 1224 3761; x_wconf 84' lang='lat' dir='ltr'>sed</span> 
     </span>
    </p>
   </div>
   <div class='ocr_carea' id='block_1_3' title="bbox 0 0 1308 4274">
    <p class='ocr_par' dir='ltr' id='par_1_5' title="bbox 0 0 1308 4274">
     <span class='ocr_line' id='line_1_37' title="bbox 0 0 1308 4274; baseline 0 0"><span class='ocrx_word' id='word_1_267' title='bbox 0 0 1308 4274; x_wconf 95' lang='lat' dir='ltr'> </span> 
     </span>
    </p>
   </div>
  </div>
 </body>
</html>
