2588 4276
270 272 336 320 tur.
359 273 393 318 ΙΙ.
414 272 534 322 utrum
554 274 665 322 STATUS
684 273 845 322 usurulost.
1013 269 1065 322 219

58 389 120 450 suis
136 387 227 449 bonis
246 388 413 468 disponere
435 389 499 450 sive
520 395 680 468 peractus
699 390 783 451 inter
806 390 903 464 vivos,
926 389 990 452 sive
1009 410 1067 470 per

58 492 288 563 testamentum,
315 507 387 550 curn
413 507 542 550 assensn
561 489 771 568 superiorum,
797 489 844 550 ita
862 489 1064 568 permittente

57 587 201 650 Ecclesia.
223 621 263 631 -
280 587 313 648 S.
330 587 539 666 Gongregntio
555 587 771 665 Regularium,
792 587 879 650 haud
894 588 992 648 semel
1007 589 1062 649 de-

60 684 242 747 claratioues
265 684 352 746 dedit
375 685 407 746 in
428 705 465 747 eo
487 705 592 760 sensu,
614 705 692 765 quas
713 686 809 747 refert
827 685 946 747 Lucidi.
968 687 1060 746 Anno

58 784 141 860 1878,
157 785 188 846 S.
207 784 239 845 S.
257 787 293 845 N.
314 785 376 845 Leo
394 785 463 846 Xlll
478 784 617 868 decrevit
633 803 742 846 omnes
758 788 788 844 et
808 783 947 862 singulos
966 783 1064 862 Belgii

57 882 233 959 RegulareS,
252 882 347 944 etiarn
368 883 423 962 qui
441 890 516 944 vota
534 883 688 944 solemnia
701 888 935 962 nuncuparunt,
954 901 1063 944 omnes

56 986 138 1042 actus
152 981 266 1062 quibus
279 982 419 1043 dominia
432 983 641 1062 acquirerent,
659 982 842 1058 retinerent,
862 981 1063 1044 administra·

56 1086 130 1155 rent,
154 1079 258 1142 valide
280 1085 314 1142 et
333 1080 419 1142 licite
444 1081 620 1142 exercuisse
645 1087 676 1141 et
696 1098 851 1153 exercere,
874 1099 909 1141 ac
930 1080 1062 1160 proinde

55 1178 185 1258 potuisse
205 1197 242 1240 ac
262 1197 354 1258 posse
374 1184 445 1240 tnta
466 1179 658 1240 conscicntia
677 1179 773 1240 etiem
791 1197 864 1238 cum
881 1177 1062 1256 juramento

56 1295 185 1338 asserere
207 1295 240 1337 se
260 1277 396 1338 voluisse
418 1276 459 1338 ad
483 1295 628 1338 normam
652 1276 759 1354 legum
785 1275 924 1337 civilium
953 1295 1063 1338 verum

57 1374 222 1460 dominium
236 1375 394 1437 bonorum
410 1395 429 1436 a
443 1394 475 1436 se
490 1389 705 1454 possessorum
724 1374 888 1455 acquirere
905 1393 975 1446 cum
989 1375 1060 1455 jure

57 1473 90 1534 dc
103 1473 138 1533 iis
151 1473 352 1553 disponendi;
371 1473 457 1554 quod
479 1473 518 1533 de
533 1474 653 1535 caeteris
666 1473 885 1550 Regularibus,
901 1472 933 1532 in
947 1473 1060 1534 eodem

57 1577 141 1646 statu,
169 1572 338 1634 dicendum
363 1578 419 1648 est,
444 1572 558 1652 quibus
585 1573 705 1634 caedem
732 1588 887 1634 concessae
915 1577 988 1634 sunt
1013 1572 1059 1632 f-

58 1670 190 1732 cultates.
210 1672 359 1733 Servatur
374 1671 552 1732 substantia
566 1671 645 1745 voti,
667 1670 925 1750 quandoquidem
937 1670 960 1730 ii
974 1672 1062 1732 actus

59 1769 127 1828 fiunt
139 1788 211 1830 curn
227 1769 439 1850 dependentia
454 1789 473 1830 a
489 1768 637 1846 legitimis
653 1768 882 1848 superioribus,
898 1775 1059 1830 annuente

59 1869 85 1928 S.
98 1869 184 1943 Sede,
201 1874 233 1930 et
251 1869 442 1949 prospicitur
460 1867 589 1929 utilitati
611 1868 843 1946 religiosorum,
865 1867 1057 1948 illorumque

60 1966 186 2030 ordini¹.

106 2067 174 2126 tta.
196 2101 236 2110 -
254 2069 370 2130 Votum
388 2067 527 2144 solemne
545 2064 734 2127 obedientiae
756 2065 853 2126 efficit
868 2071 903 2126 ut
924 2084 1061 2146 persona

6 2171 7 2242 j
59 2181 161 2226 vovens
183 2185 274 2226 suam
294 2166 489 2228 voluntatem
507 2165 552 2226 ita
573 2163 698 2224 abdicet
716 2163 749 2224 in
769 2165 923 2238 futurum,
944 2170 980 2225 ut
996 2179 1075 2224 non¹

6 2287 7 2302 2
58 2263 143 2340 possit
160 2263 265 2325 valide
284 2283 316 2324 se
336 2263 478 2342 obligare
492 2282 568 2344 erga
581 2265 691 2336 Deum,
709 2261 759 2322 vel
778 2262 934 2336 homincS,
948 2263 1006 2323 nisi
1021 2263 1062 2323 ad

6 2349 7 2398 f
58 2362 97 2420 sui
107 2361 230 2440 praelati
239 2362 416 2437 arbitrium,
435 2362 489 2441 qui
504 2365 731 2440 consequenter
743 2361 827 2420 valet
837 2359 1061 2440 promissiones

58 2463 82 2518 et
93 2465 162 2520 vota
179 2460 315 2521 irritare.
332 2460 452 2545 Dicitur
465 2461 498 2520 in
521 2478 590 2538 cap.
609 2456 646 2518 Si
660 2457 827 2538 religiosus,
844 2461 894 2531 27,
911 2475 949 2518 nu
964 2459 1058 2519 Eruc-

6 2581 7 2588 ι
57 2573 142 2631 rronn,
163 2558 197 2617 in
225 2569 270 2618 v1⁰
292 2576 299 2617 :
323 2583 338 2614 «
362 2558 537 2619 Arbitrium
557 2556 719 2638 (religiosi)
739 2575 804 2616 non
831 2574 870 2616 ex
891 2575 971 2628 sus,¹
986 2576 1057 2618 cum

59 2677 70 2710 u
88 2656 162 2716 velle
182 2659 214 2716 et
232 2656 316 2716 nolle
338 2675 403 2718 non
423 2656 552 2729 habeat,
571 2656 626 2718 sed
646 2673 685 2716 ex
702 2654 895 2735 illiusquam
916 2654 983 2716 vice
1003 2655 1059 2717 Dei

60 2773 71 2810 u
88 2772 176 2833 super
189 2759 385 2832 caputsuum
401 2754 505 2833 posuit
520 2754 683 2814 voluntate
698 2753 867 2832 dependet.
883 2775 897 2811 u

104 2851 288 2926 Canonistae,
305 2857 341 2913 ut
360 2853 507 2914 ellectum
526 2851 621 2932 hujus
640 2850 716 2925 voti,
740 2857 835 2931 atque
851 2851 935 2912 illius
949 2851 1058 2913 discri-

57 2967 116 3010 nen
126 2957 224 3012 avuto
241 2950 376 3030 simplici
388 2951 557 3030 explicent,
570 2950 680 3013 dicunt
693 2949 762 3010 deri
771 2950 904 3029 praelato
920 2949 1059 3028 regulari

58 3054 231 3125 potestatem
252 3049 479 3110 dominativum
497 3053 684 3130 perpetuam
705 3052 736 3110 et
756 3048 1003 3123 immutabilem,
1025 3049 1058 3108 in

56 3148 237 3210 voluntatem
249 3148 400 3226 religiosi,
418 3149 496 3209 adeo
513 3153 547 3209 ut
560 3147 720 3229 impotens
734 3147 791 3208 fiat
809 3149 849 3209 ad
866 3167 897 3208 se
914 3147 1055 3225 obligen-

58 3244 119 3307 dum
141 3246 283 3320 firmiter,
308 3247 368 3307 nisi
390 3247 604 3326 dependenter
638 3265 656 3306 a
683 3246 846 3306 voluntate
874 3244 1054 3324 superioris.

60 3365 71 3398 u
89 3345 223 3424 Simplex
247 3345 434 3407 obedientiae
456 3345 636 3426 promissio,
651 3345 694 3405 ait
710 3345 838 3417 Suarez,
856 3363 921 3404 non
936 3343 1058 3404 inducit

6 3433 7 3454 ³
62 3460 72 3498 u
88 3448 201 3505 tantam
222 3443 449 3522 subjectionem
470 3449 500 3504 et
517 3441 762 3522 dependentium
783 3441 816 3502 in
836 3445 980 3515 vovente,
998 3459 1056 3500 nec

60 3561 72 3594 «
88 3540 264 3602 dettantam
274 3541 449 3620 potentiam
462 3541 490 3602 ei
504 3541 553 3602 cui
566 3525 777 3620 promittitur3
788 3539 843 3600 sed
852 3538 1055 3599 huictantum

60 3755 64 3766 ¹
99 3687 120 3733 l.
136 3684 236 3744 Lucidi,
248 3684 280 3733 de
295 3685 367 3735 Via't.
386 3686 413 3734 S.
428 3684 521 3734 dimin.
532 3687 596 3733 tom.
614 3697 641 3744 u,
655 3698 680 3748 p.
692 3685 749 3744 cte,
767 3683 821 3732 320.
836 3709 865 3718 -
880 3682 918 3732 De
935 3682 1052 3748 Angelis,

59 3771 80 3808 n
90 3760 124 3812 tit.
135 3775 210 3823 xxxv,
225 3761 272 3811 lib.
290 3761 326 3811 ΙΙΙ
341 3761 631 3823 coarctarentur.
717 3773 721 3781 ’
