2632 4260
258 264 326 312 sur.
347 262 391 310 111.
414 231 628 313 erumnosus
647 264 848 314 ocrnrconuu.
908 227 913 236 ⁸
1026 263 1061 317 aa

67 379 215 442 cessaverit
228 379 369 458 obligare
385 378 515 441 clericos
529 379 562 440 in
573 381 749 442 minoribus
762 381 926 444 ordinibus
942 386 1059 446 consti-

65 483 143 552 tutos,
159 478 243 557 quod
257 478 332 538 satis
346 479 510 558 probabile
525 483 674 558 putamus
692 481 714 540 ¹.

110 579 139 638 2⁰
151 575 326 637 Prohibilio
341 583 387 638 est
402 577 460 638 sub
476 577 576 657 gravi,
591 578 678 657 quod
692 579 942 642 concludimusa
957 584 1061 660 gravi·

63 681 116 737 tate
132 691 295 754 poenarum
320 694 398 756 quas
422 694 559 737 canones
583 677 826 750 comminantur,
846 683 878 739 ct
899 698 918 740 a
939 681 1058 743 motivo

62 773 135 852 legis,
154 773 238 852 quod
256 774 318 835 fuit
336 775 512 854 periculum
534 775 685 852 avaritiae,
707 775 842 840 dissidiae
860 782 891 839 et
905 779 1057 845 scandali.

61 871 117 935 Dici
137 877 238 932 tamen
263 877 380 952 potest,
405 892 477 935 oum
499 874 530 935 S.
552 873 692 952 Lignori,
716 881 883 954 peccatum
905 863 1060 939 non'fore

62 969 184 1045 mortale,
201 970 227 1030 si
240 989 315 1032 raro
330 971 459 1032 ludatur
471 976 503 1032 et
516 971 679 1032 moderate
697 973 803 1051 quoad
817 978 944 1054 tempus
958 980 989 1036 et
1001 985 1070 1056 pe·'

62 1069 167 1129 cuniam
181 1069 376 1148 expositam
393 1069 419 1130 si
434 1069 593 1148 privatim,
614 1070 733 1150 absque
749 1071 914 1146 scandalo;
930 1072 986 1134 lib.
1003 1073 1056 1149 Ill,

63 1181 87 1228 n⁰
96 1167 156 1228 899.
165 1167 213 1228 lta
224 1167 376 1242 Ferraria,
386 1182 419 1228 v⁰
435 1164 580 1242 Clericus,
593 1174 651 1228 art.
666 1186 694 1243 v,
707 1179 742 1228 n⁰
752 1172 782 1230 4.
799 1169 866 1229 lmo
877 1188 935 1230 nac
947 1176 1058 1250 peccat

62 1264 201 1326 venialiter
214 1265 270 1345 qui
284 1265 489 1326 recreationis
502 1284 607 1339 causa,
618 1265 684 1326 sine
696 1271 790 1345 pacto
805 1267 897 1343 lucri,
907 1268 1057 1347 privatim

64 1384 117 1426 cum
129 1363 233 1425 amicis
248 1363 342 1438 ludit,
360 1363 419 1424 nisi
432 1363 518 1444 leges
534 1363 650 1425 locales
665 1365 804 1425 severius
819 1364 1056 1444 prohibuerint.

105 1462 176 1522 Ludi
189 1480 279 1523 mere
300 1462 502 1523 industriales
519 1481 583 1523 non
602 1466 676 1523 sunt
685 1461 756 1540 jure
776 1463 937 1524 communi
958 1463 1056 1525 iuter-

64 1560 128 1622 dicti.
141 1559 220 1621 Ludi
238 1561 333 1621 mixti
353 1566 425 1622 sunt
444 1560 521 1622 liciti
538 1560 589 1622 vel
607 1559 777 1634 interdicti,
798 1560 921 1622 ratione
945 1560 1058 1622 hahita

63 1659 358 1720 circumstantiarum.
382 1659 511 1720 Seclusa
532 1659 603 1740 lege
625 1658 817 1733 dioeccsana,
838 1658 973 1720 clericus
992 1677 1056 1720 uon

63 1763 157 1835 peceat,
178 1757 278 1819 modo
292 1776 299 1819 :
317 1758 349 1817 l⁰
363 1762 489 1836 tempus
502 1757 703 1819 moderatum
715 1755 880 1834 transigat
893 1756 925 1816 in
948 1756 1031 1817 ludis
1048 1776 1055 1832 ;

63 1858 85 1915 2⁰
94 1856 250 1936 pecuniam
265 1876 332 1918 non
348 1861 487 1936 exponat
501 1855 561 1916 nisi
573 1854 743 1927 modicam,
756 1853 835 1915 adeo
849 1859 960 1915 utnon
975 1854 1056 1916 lucri
1143 1861 1145 1865 ‘

63 1954 152 2016 intuitu
163 1956 219 2016 sed
234 1953 488 2020 recreationisid
500 1953 573 2029 fiat3
591 1956 623 2015 3⁰
637 1953 766 2015 tandem
788 1952 869 2013 nihil
889 1959 964 2031 agat
983 1951 1057 2014 alic·

63 2071 118 2113 num
131 2073 147 2114 a
160 2055 306 2116 decentia
325 2053 479 2116 clericalis
497 2057 607 2114 status.
624 2051 717 2114 Ratio
737 2056 785 2113 est
804 2051 890 2129 quod
906 2050 959 2132 jus
974 2070 1063 2112 com--

64 2168 135 2213 nune
148 2152 294 2214 statuerit
309 2151 508 2213 solummodo
522 2156 633 2213 contra
645 2149 818 2224 aleatorcs;
836 2149 930 2210 ludus
949 2156 1056 2211 autem

64 2247 1053 2329 uirtusdicinondebetoleo,cumportimabindustriapendeat.

105 2349 175 2410 Ludi
187 2349 374 2411 chartarum
388 2347 496 2408 multis
510 2346 644 2408 decretis
659 2343 865 2407 conciliorum
880 2345 1058 2424 provincia·

64 2442 130 2519 lum,
144 2453 173 2508 ct
186 2447 376 2510 dioecesanis
390 2445 515 2507 statutis
527 2443 751 2525 prohibentur,
769 2443 824 2503 sed
839 2441 928 2504 nulla
944 2448 991 2504 est
1004 2443 1056 2504 lex

64 2544 190 2619 generalis
209 2551 322 2608 contra
342 2545 425 2607 hanc
444 2544 582 2624 speciem
602 2542 761 2618 ludorum,
778 2559 850 2622 quae
867 2560 931 2603 non
950 2531 1058 2602 adhuc

65 2641 205 2706 adinventa
218 2647 325 2707 fuerat
339 2643 467 2723 quando
481 2642 668 2722 prodierunt
686 2639 772 2718 leges
791 2639 952 2701 canonicas
976 2658 1061 2720 quas

65 2739 211 2807 citavimus.
229 2741 431 2824 Applicanda
444 2746 516 2803 sunt
527 2738 684 2820 principia
697 2736 873 2817 generalia3
889 2755 1054 2816 quaprop-

64 2841 105 2914 ter,
114 2841 167 2903 uisi
178 2843 255 2922 quid
267 2841 475 2922 praefinierint
489 2843 608 2901 statuta
621 2836 748 2910 localia,
760 2835 854 2896 ludus
871 2835 1055 2897 chartarum

64 2941 234 3016 reputabitur
255 2939 452 3014 interdictus,
479 2942 533 3000 aut
554 2937 669 3009 licitus,
694 2933 744 2995 vel
768 2934 937 3008 toleratus,
960 2938 1056 3013 prout

65 3037 106 3098 crit
117 3039 280 3122 aleatorius
296 3045 351 3101 aut
362 3038 490 3115 mixtus,
508 3054 600 3098 sensu
612 3054 690 3097 mox
704 3032 879 3113 explicato.

65 3212 106 3292 Si·
119 3253 153 3264 -
165 3219 209 3282 Dc
224 3219 352 3302 nepotiis
365 3215 559 3280 sacularibus
573 3233 639 3297 quar
656 3211 861 3288 cantabricis
877 3208 1052 3270 interdicta.

105 3389 166 3451 348.
189 3425 227 3436 -
240 3393 296 3454 list
309 3390 421 3452 titulus
436 3389 469 3449 iu
486 3386 568 3448 libro
587 3385 629 3448 ΙΙΙ
647 3383 862 3446 Decretalium
882 3377 970 3456 cujus
984 3376 1054 3458 ipsa

66 3483 113 3546 sola
130 3486 288 3570 inscriptio
308 3507 317 3551 ι
340 3505 379 3551 uu
404 3503 533 3562 cerurci,
560 3501 617 3549 vus
644 3499 780 3547 uouscur
806 3494 840 3543 su
867 3491 1057 3572 ruurscuuur

65 3595 246 3651 susurramus
267 3603 420 3661 ussorus,
443 3585 519 3648 satis
541 3583 663 3646 indicet
685 3577 879 3662 principium
905 3572 1056 3656 gencrale

34 3715 35 3730 *
98 3747 163 3800 nur.
181 3748 551 3815 suguourunnnoscs.
