2568 4272
174 285 241 333 Ant.
263 287 290 333 V.
313 287 350 333 bs
370 283 620 334 osnielrlonious
640 285 752 334 STATUS
772 285 932 334 numerosi.
1007 279 1056 333 291

91 403 136 464 11.
164 401 212 465 De
224 401 401 465 admissione
415 413 629 486 extraneorum
645 404 727 465 sistra
741 403 966 465 monasterium.

91 501 252 581 Religiosi
270 505 403 584 possunt
420 502 585 564 admittere
604 502 688 563 viros
706 501 790 563 intra
808 501 1054 576 monasterium,

31 599 254 678 prohibentur
266 607 372 662 autern
387 601 526 682 recipere
541 601 689 662 mulieres
701 600 733 661 in
747 601 826 664 locis
841 600 1052 678 regularibus

31 699 172 774 scilicet,
188 699 272 762 iutra
287 701 470 778 claustrum,
488 719 543 762 seu
558 700 687 762 domurn
703 718 800 780 quam
814 699 996 761 inhabitant
1010 717 1057 759 re-

32 796 154 874 ligiosi,
176 803 207 858 et
219 797 361 860 officinas
376 797 551 860 interiores
570 797 754 877 Superiores
765 797 858 859 aliive
874 815 927 859 eas
942 795 1056 857 admit-

32 899 139 956 tentes
156 896 326 958 incurrunt
338 897 409 976 ipso
422 898 506 959 facto
521 915 643 958 excom.
661 894 739 975 maj.
752 895 783 958 S.
796 895 942 958 Pontifici
955 913 1056 956 reser-

34 1000 159 1055 vatam.
794 993 797 998 '

93 1094 258 1156 Moniales
277 1094 448 1170 neminem,
465 1115 524 1158 nec
538 1095 652 1171 virum,
672 1115 729 1157 neo
749 1095 925 1168 mulierem,
943 1090 1053 1154 admit·

34 1197 98 1253 tere
124 1197 265 1273 possunt
283 1193 367 1255 intra
395 1199 485 1274 septa
503 1193 698 1272 monasterii,
728 1194 853 1275 dequo
879 1193 922 1254 sic
947 1189 1057 1252 statuit

34 1290 212 1352 concilium
237 1290 456 1354 Tridentinum
482 1310 489 1354 ε
524 1315 538 1352 u
560 1292 687 1373 ingredi
706 1292 791 1354 intra
816 1297 905 1371 septa
931 1306 1057 1352 monas·

40 1411 52 1447 o
65 1389 141 1452 terii
173 1391 293 1452 nemini
318 1391 423 1465 liceat,
455 1392 682 1472 cujuscumque
710 1390 835 1470 gen'eris
862 1394 918 1452 eut
946 1386 1054 1450 condi·

38 1511 51 1543 «
67 1489 179 1565 tionis,
197 1509 290 1551 sexus
304 1489 355 1552 vel
370 1489 472 1552 aetatis
486 1491 592 1564 fuerit,
604 1486 670 1552 sine
686 1489 834 1572 Episcopi
845 1489 896 1550 vel
911 1487 1051 1568 superio·

39 1587 110 1648 «ris
127 1587 271 1665 licentia,
288 1587 320 1648 in
339 1588 463 1669 scriptis
483 1589 625 1664 obtenta,
640 1584 1055 1650 sub'excommuuicatiouis

39 1709 52 1740 «
66 1706 170 1765 poena
187 1687 257 1768 ipso
276 1687 360 1749 facto
381 1686 581 1749 incurrenda.
597 1691 679 1750 Dare
696 1692 803 1756 autem
821 1685 946 1749 tautum
963 1683 1053 1765 Epis-

41 1810 54 1838 «
68 1805 170 1866 copus
185 1787 236 1847 vel
249 1787 393 1867 superior
408 1787 569 1849 licentiam
586 1787 679 1848 debet
695 1785 729 1846 in
747 1787 871 1848 casibus
884 1779 1053 1847 necessita·

39 1884 126 1960 «tis;
149 1903 255 1965 neque
275 1885 355 1947 alius
374 1884 440 1948 ullo
459 1886 553 1948 modo
573 1885 682 1964 possit,
704 1883 800 1947 etiam
817 1885 927 1964 vigore
950 1882 1053 1962 cujus·

41 2007 54 2037 u
68 2000 207 2064 cumque
221 1985 392 2060 facultatis,
413 1985 464 2046 vel
481 1983 596 2048 indulti
610 1983 763 2046 hactenus
784 1983 934 2061 concessi,
954 1981 1005 2043 vel
1020 1981 1053 2042 in

43 2089 236 2160 «posterum
251 2083 483 2146 concedendi.»
502 2083 592 2164 (Gap.
608 2082 656 2164 v.)
685 2071 686 2074 ¹

92 2183 150 2244 Est
167 2181 266 2261 igitur
286 2183 454 2244 discrimen
471 2182 562 2243 valde
578 2173 754 2244 notandum
771 2182 854 2243 iuter
869 2182 1050 2242 clausuram

39 2279 257 2360 religiosorum
270 2287 301 2343 et
309 2282 488 2342 clausuram
498 2281 716 2362 praescriptam
730 2279 931 2354 monialibus,
944 2278 1052 2360 quoad

39 2379 260 2442 admissionem
285 2385 516 2442 extraneorum.
546 2381 577 2440 1ο
600 2377 699 2440 Primi
724 2384 857 2460 possunt
883 2377 1050 2440 admittere

38 2494 186 2553 personas
201 2479 367 2540 saeculares
384 2478 468 2539 intra
481 2478 661 2540 clausuram
677 2473 871 2552 monasterii,
888 2473 962 2538 solis
978 2494 1050 2537 mu-

39 2573 163 2638 lieribus
182 2576 329 2651 exclusis
347 2563 483 2656 quarum
503 2573 663 2658 ingressus
677 2576 804 2657 penitus
824 2575 1012 2656 prohibetur
1025 2575 1047 2633 ¹.

41 2775 104 2828 libus
115 2779 253 2845 magistris
268 2779 297 2828 in
309 2778 414 2828 scholas
425 2792 484 2829 sese
496 2778 652 2829 conferendi
661 2793 709 2844 per
719 2779 876 2830 interiorem
888 2779 1002 2846 januam
1014 2778 1047 2830 ad

42 2855 257 2906 earumoflicium
270 2853 458 2905 exercendum.
469 2855 611 2916 Ceterum,
625 2855 730 2906 indulto
743 2860 851 2906 cautum
865 2855 917 2906 tuit
928 2860 958 2905 ut
972 2859 1051 2920 porta

41 2931 90 2980 tam
106 2936 218 2984 externa
232 2944 314 2996 quem
333 2932 440 2982 interno
459 2931 553 2982 sedule
570 2945 636 2984 cure
655 2933 845 2984 custodiretur.
866 2959 896 2970 ·-
917 2931 945 2982 S.
966 2933 1048 2996 cong.

42 3004 120 3070 Episc.
141 3014 169 3060 et
186 3008 361 3074 Regularium
379 3008 514 3064 commisit
530 3001 560 3060 in
578 3023 660 3060 causa
673 3009 829 3060 Anniciensi
846 3023 896 3074 pro
913 3011 1049 3059 conventu

42 3090 194 3140 monialium
208 3077 388 3150 visitationis,
406 3089 555 3154 prudentiae
573 3088 789 3150 Ordinariorum,
805 3094 837 3140 ut
857 3089 1050 3140 adhiberentur

42 3165 197 3223 professores
218 3165 355 3236 ablextra,
371 3165 493 3215 masculis
513 3163 717 3230 quibuscumque
735 3166 847 3217 exclusis
867 3163 914 3216 aab
933 3161 1049 3228 quotibet

42 3245 172 3304 mereatu,
187 3254 231 3292 an.
248 3242 318 3291 itit.

84 3394 104 3442 l.
119 3393 204 3444 Enant
219 3391 283 3442 olim
295 3392 418 3455 quaedam
433 3391 574 3456 privilegia
584 3392 677 3442 multis
687 3406 826 3456 concessa;
841 3392 889 3443 sed
902 3393 960 3442 brec
973 3404 1048 3440 revo-

45 3467 104 3518 cavit
117 3468 278 3518 Benedictus
287 3465 350 3532 XIV,
365 3469 455 3518 Const.
471 3468 604 3532 deputaris
617 3467 770 3533 discentiae,
784 3482 827 3518 an.
845 3471 915 3536 lili,
926 3481 981 3532 qua
989 3466 1048 3516 reli·

46 3541 115 3604 giosis
128 3545 268 3594 interdixit
278 3558 313 3594 ne
328 3545 422 3608 quavis
434 3544 583 3606 occasione,
598 3548 645 3594 aut
655 3547 786 3609 praetextu
796 3545 943 3610 religionis,
958 3543 1047 3594 foemi-

45 3629 86 3669 nas
100 3621 281 3685 inuaducant,
301 3621 344 3671 vel
364 3621 468 3686 ingredi
487 3621 586 3684 sinant,
607 3622 687 3672 etiam
706 3621 814 3686 quando
837 3621 1046 3687 supplicationes

46 3709 97 3749 cum
108 3699 276 3751 sanctissimo
291 3699 464 3750 Eucharistiae
476 3703 653 3760 sacramento,
667 3699 723 3750 sive
736 3713 797 3750 cum
813 3699 912 3750 sanctis
926 3699 1046 3764 reliquiis

46 3787 85 3834 oar
95 3777 220 3838 claustra,
236 3779 320 3838 septe,
332 3779 359 3826 et
372 3777 424 3826 alia
438 3776 661 3826 monasteriorum
673 3775 740 3838 loca,
756 3777 897 3827 habentur.
914 3780 942 3836 §5
955 3779 970 3826 2
984 3779 1011 3826 et
1021 3778 1043 3824 3.
