2568 4272
275 281 343 328 Aur.
363 280 429 328 VIII.
451 280 626 329 Purvmuolr
645 281 852 330 nuoussmuu.
1017 274 1068 328 337

54 396 300 475 derogatorum,
321 397 462 477 sequitur
477 415 534 458 nec
551 399 605 460 SS.
616 391 796 458 ‘Pontifices
813 397 925 458 iisdem
939 397 1068 476 privile·

55 494 113 574 giis
128 495 308 572 derogasse,
325 495 542 556 confirmando
557 495 736 556 concilium.
845 473 850 506 ³

115 591 322 672 Quidquidsit
331 593 368 654 de
380 591 753 672 quaesuonespeoulative
764 593 1071 672 considerata,regu·

55 691 134 750 lares
147 691 204 769 qui
218 692 419 769 praetendunt
442 691 581 768 gaudere
599 690 771 771 privilegiis
786 709 857 771 quae
873 696 946 752 sunt
957 697 1069 752 contra

53 787 303 866 jurisdictionem
323 788 515 848 ordinariam
533 788 690 868 Episcopi,
711 788 828 850 debent
849 807 886 849 ea
903 788 1070 850 notificare

55 886 222 964 Episcopo,
244 888 350 964 atque,
374 905 411 947 eo
430 887 579 960 instante,
601 879 742 966 diploma
766 886 1005 966 privilegiorum
1028 905 1070 946 ex

55 983 179 1061 integro
194 984 354 1059 exhibere,
367 985 393 1045 si
409 985 452 1045 eis
463 985 509 1045 uti
523 984 637 1058 velint3
655 984 810 1064 siquidem
820 985 993 1064 Episcopus
1005 1002 1073 1045 non
1092 1042 1094 1052 ,

57 1085 179 1142 1333133
188 1080 285 1141 fidem
298 1081 449 1142 adhibere
464 1081 631 1142 assertioni
644 1081 772 1144 illorum
781 1101 917 1161 quorum
927 1082 1067 1142 interest.

56 1179 160 1238 Donec
184 1178 245 1239 sibi
264 1180 438 1260 constiterit
458 1180 498 1240 de
522 1179 659 1241 obtentis
681 1179 865 1258 privilegiis,
896 1179 1076 1259 Episcopus

58 1280 161 1354 potest
178 1277 360 1355 praecipere,
383 1277 478 1338 etiam
499 1279 558 1338 sub
585 1278 829 1340 comminatione
854 1295 1068 1350 censurarum,

58 1376 91 1432 31
109 1374 273 1452 regulares
295 1375 488 1448 abstineant3
505 1375 591 1454 quod
605 1375 631 1436 si
645 1394 730 1449 vero,
748 1375 897 1437 exhibitis
911 1373 1074 1454 diploma-

60 1470 151 1542 tibus,
168 1472 266 1532 verba
278 1471 446 1534 videantur
460 1474 638 1534 obscura-et
654 1473 815 1551 ambigua,
832 1473 996 1534 adeundus
1011 1470 1071 1532 erit

60 1565 89 1626 S.
105 1566 263 1636 Pontifex,
276 1567 459 1645 intereaque
475 1573 589 1629 cuncta
602 1567 635 1627 in
651 1584 801 1646 suspenso
816 1566 991 1628 manebunt
1005 1574 1029 1625 1.

116 1663 186 1724 502.
204 1698 242 1708 —
252 1664 289 1724 ΙΙ.
304 1664 475 1742 Regulares
488 1664 652 1743 privilegia
660 1664 815 1738 obtinent,
829 1683 894 1724 non
907 1662 1010 1724 solum
1020 1663 1073 1723 de·

62 1765 142 1821 creto
166 1760 286 1822 directo
308 1765 344 1824 R.
370 1762 532 1823 Pontificis
557 1767 589 1822 et
617 1762 854 1836 consuetudine,
883 1760 975 1824 sicuti
1000 1760 1077 1822 alie

60 1875 199 1936 personae
214 1879 251 1920 aa
267 1859 510 1922 communitates
522 1859 699 1933 saeculares,
717 1861 771 1921 sed
785 1861 914 1944 insuper
929 1850 1072 1920 commu·

60 1955 224 2016 nicatione.
244 1955 481 2020 Commonicotz'o
497 1957 639 2018 consistit
655 1958 689 2017 in
710 1958 953 2037 participatione
972 1955 1069 2035 privi-

61 2051 210 2130 legiorum
221 2073 292 2134 quae
308 2055 461 2134 superior,
479 2055 681 2116 concedendo
697 2056 792 2117 311331
804 2056 917 2129 ordini,
935 2055 976 2116 ad
992 2054 1077 2114 alios·

62 2149 152 2210 ctiam
167 2152 236 2212 vult
263 2153 400 2214 extendi.
427 2153 599 2231 Regulares
621 2153 835 2214 Mendicantes
854 2151 1073 2232 plenissimam

62 2245 176 2308 babent
189 2249 314 2310 interae
330 2250 648 2312 communicationem
658 2251 910 2330 privilegiorum
926 2249 991 2310 imo
1001 2266 1080 2327 par·-

63 2343 187 2423 ticipant
201 2347 370 2426 privilegia
385 2348 454 2409 aliis
468 2349 632 2410 ordinibus
646 2367 711 2410 non
726 2347 979 2409 mendicantibus
994 2363 1071 2407 con-

64 2459 154 2519 cessa,
165 2446 253 2524 quod
264 2445 409 2524 pluribus
420 2446 696 2508 constitutionibus
704 2449 857 2507 statutum
871 2445 941 2523 fuit,
959 2464 998 2506 ex
1008 2461 1079 2523 quo

65 2544 199 2621 tempore
213 2544 319 2605 Sixtns
333 2545 374 2608 lv
387 2545 523 2624 primam
533 2544 850 2606 communicationem
865 2544 978 2604 indixit
991 2543 1073 2603 inter

65 2639 181 2702 Eratres
197 2640 334 2703 Minores
348 2649 380 2704 31
400 2643 638 2717 Praedicatores,
656 2666 671 2700 «
687 2647 722 2704 ut
733 2661 813 2721 quos
823 2661 882 2721 par
893 2641 994 2716 labor,
1011 2658 1077 2720 pa»

69 2755 82 2792 3
100 2737 207 2818 risque
221 2741 335 2801 merita
345 2740 591 2818 conjungebant,
609 2741 699 2820 pan'a
714 2740 942 2819 conjungerent
949 2737 1073 2817 privile·

69 2854 82 2890 o
100 2836 149 2914 gia
162 2843 194 2898 et
207 2839 331 2900 favores
346 2839 357 2874 ²
374 2862 403 2898 ».
419 2838 522 2918 (Bulla
533 2839 723 2918 Bapz‘mr'm‘,§
739 2837 804 2920 16.)

116 2933 442 2996 Animadvertendum
458 2941 527 2996 est:
546 2936 785 3016 l⁰privilegium
797 2933 852 2996 uni
861 2932 1000 3010 regulari
1009 2933 1076 3012 pri·-

65 3034 130 3092 vato
144 3050 330 3094 concessum
344 3052 408 3094 non
424 3032 651 3094 communicari
662 3033 732 3094 31113
742 3033 954 3112 regularibus;
968 3035 1000 3092 2⁰
1014 3048 1077 3090 nec

66 3131 284 3191 communicari
312 3131 480 3210 privilegia
512 3131 672 3211 aliquibus
704 3131 851 3194 Ecclesiis
880 3130 919 3190 ad
947 3135 1080 3207 tempus·

67 3224 302 3290 determinatum
325 3247 489 3306 concessa;
511 3231 542 3290 3⁰
562 3247 619 3290 nec
637 3235 668 3289 31
655 3229 733 3289 tiam
748 3227 913 3308 privilegia
928 3227 983 3286 dat
970 3231 1003 3285 13
1018 3242 1075 3285 or·
1083 3238 1086 3248 ’

108 3376 129 3422 1
141 3375 233 3426 Plures
247 3378 412 3440 quaeationes
427 3375 552 3428 resolutae
568 3374 761 3440 reperiuntur
753 3389 782 3424 111
797 3387 828 3423 eo
844 3385 925 3422 sensu
940 3386 956 3422 a
969 3370 1074 3426 consti-

68 3449 159 3501 tutione
175 3451 241 3501 Cum
260 3453 336 3512 sicut,
352 3465 412 3516 quoe
428 3451 490 3502 data
508 3453 634 3502 13113313
654 3449 883 3501 declaratrombus
899 3448 924 3497 S
941 3427 1077 3510 congreg

67 3523 310 3653 :lllnilseffix'
326 3528 465 3578 occasione
485 3526 674 3578 difficultatum
692 3529 810 3577 ortorum
828 3526 898 3574 13133
912 3523 1079 3586 Episcopum

107 3679 129 3726 2.
135 3638 178 3727 131.
190 3641 316 3741 Ferraria,
328 3687 358 3730 v⁰
370 3679 549 3745 Privilcpium,
562 3683 611 3729 331.
623 3694 647 3742 ι;
659 3676 842 3739 Reiffenstuel,
854 3681 881 3728 31
896 3676 962 3727 31133
973 3672 1076 3740 passim

67 3749 237 3806 Decretalium
252 3755 419 3821 interpretes,
433 3757 461 3808 13
475 3757 516 3808 tit.
532 3769 619 3818 mm,
636 3754 683 3805 lib.
699 3754 721 3807 V
736 3754 839 3804 Decret.
