<?xml version="1.0" encoding="UTF-8"?>
<!DOCTYPE html PUBLIC "-//W3C//DTD XHTML 1.0 Transitional//EN"
    "http://www.w3.org/TR/xhtml1/DTD/xhtml1-transitional.dtd">
<html xmlns="http://www.w3.org/1999/xhtml" xml:lang="en" lang="en">
 <head>
  <title>
</title>
<meta http-equiv="Content-Type" content="text/html;charset=utf-8" />
  <meta name='ocr-system' content='tesseract 3.04.00' />
  <meta name='ocr-capabilities' content='ocr_page ocr_carea ocr_par ocr_line ocrx_word'/>
</head>
<body>
  <div class='ocr_page' id='page_1' title='image "./praelectionesju00murrgoog_0170.png"; bbox 0 0 2582 4278; ppageno 0'>
   <div class='ocr_carea' id='block_1_1' title="bbox 84 275 1054 332">
    <p class='ocr_par' dir='ltr' id='par_1_1' title="bbox 84 275 1054 332">
     <span class='ocr_line' id='line_1_1' title="bbox 84 275 1054 332; baseline 0.002 -4"><span class='ocrx_word' id='word_1_1' title='bbox 84 279 147 329; x_wconf 77' lang='lat' dir='ltr'><strong>ter.</strong></span> <span class='ocrx_word' id='word_1_2' title='bbox 168 281 210 330; x_wconf 78' lang='lat' dir='ltr'><strong>tv,</strong></span> <span class='ocrx_word' id='word_1_3' title='bbox 232 281 448 332; x_wconf 69' lang='lat' dir='ltr'><strong>obstetricans</strong></span> <span class='ocrx_word' id='word_1_4' title='bbox 467 282 680 332; x_wconf 67' lang='lat' dir='ltr'><strong>metrumne!</strong></span> <span class='ocrx_word' id='word_1_5' title='bbox 700 284 738 332; x_wconf 76' lang='grc' dir='ltr'><strong>ΕΤ</strong></span> <span class='ocrx_word' id='word_1_6' title='bbox 757 283 981 332; x_wconf 67' lang='lat' dir='ltr'><strong>canonicatum</strong></span> <span class='ocrx_word' id='word_1_7' title='bbox 1004 275 1054 330; x_wconf 77' lang='grc'><strong>155</strong></span> 
     </span>
    </p>
   </div>
   <div class='ocr_carea' id='block_1_2' title="bbox 49 397 1151 3312">
    <p class='ocr_par' dir='ltr' id='par_1_2' title="bbox 49 397 1151 2626">
     <span class='ocr_line' id='line_1_2' title="bbox 53 397 1054 480; baseline 0.001 -20"><span class='ocrx_word' id='word_1_8' title='bbox 53 401 155 476; x_wconf 75' lang='lat' dir='ltr'><strong>urgeat</strong></span> <span class='ocrx_word' id='word_1_9' title='bbox 185 399 355 461; x_wconf 75' lang='lat' dir='ltr'><strong>necessitas</strong></span> <span class='ocrx_word' id='word_1_10' title='bbox 378 399 507 460; x_wconf 89' lang='lat' dir='ltr'><strong>tertium</strong></span> <span class='ocrx_word' id='word_1_11' title='bbox 539 399 726 461; x_wconf 86' lang='lat' dir='ltr'><strong>canonicum</strong></span> <span class='ocrx_word' id='word_1_12' title='bbox 748 398 872 461; x_wconf 90' lang='lat' dir='ltr'><strong>duobus</strong></span> <span class='ocrx_word' id='word_1_13' title='bbox 895 397 1054 480; x_wconf 79' lang='lat' dir='ltr'><strong>prioribus</strong></span> 
     </span>
     <span class='ocr_line' id='line_1_3' title="bbox 53 494 1123 576; baseline -0.001 -18"><span class='ocrx_word' id='word_1_14' title='bbox 53 494 238 574; x_wconf 79' lang='lat' dir='ltr'><strong>adjungendi</strong></span> <span class='ocrx_word' id='word_1_15' title='bbox 251 497 284 557; x_wconf 92' lang='lat' dir='ltr'><strong>in</strong></span> <span class='ocrx_word' id='word_1_16' title='bbox 299 497 489 575; x_wconf 76' lang='lat' dir='ltr'><strong>adjuvamen</strong></span> <span class='ocrx_word' id='word_1_17' title='bbox 503 497 676 575; x_wconf 80' lang='lat' dir='ltr'><strong>regiminis,</strong></span> <span class='ocrx_word' id='word_1_18' title='bbox 696 497 787 558; x_wconf 90' lang='lat' dir='ltr'><strong>illum</strong></span> <span class='ocrx_word' id='word_1_19' title='bbox 806 497 924 576; x_wconf 88' lang='lat' dir='ltr'><strong>poterit</strong></span> <span class='ocrx_word' id='word_1_20' title='bbox 938 497 1052 572; x_wconf 85' lang='lat' dir='ltr'><strong>accire,</strong></span> <span class='ocrx_word' id='word_1_21' title='bbox 1120 495 1123 500; x_wconf 83' lang='lat'>&#39;</span> 
     </span>
     <span class='ocr_line' id='line_1_4' title="bbox 51 593 1056 672; baseline 0 -16"><span class='ocrx_word' id='word_1_22' title='bbox 51 593 137 656; x_wconf 85' lang='lat' dir='ltr'><strong>modu</strong></span> <span class='ocrx_word' id='word_1_23' title='bbox 152 595 319 672; x_wconf 85' lang='lat' dir='ltr'><strong>provideat</strong></span> <span class='ocrx_word' id='word_1_24' title='bbox 333 613 373 656; x_wconf 88' lang='lat' dir='ltr'><strong>ne</strong></span> <span class='ocrx_word' id='word_1_25' title='bbox 386 594 547 656; x_wconf 82' lang='lat' dir='ltr'><strong>servitium</strong></span> <span class='ocrx_word' id='word_1_26' title='bbox 560 594 689 657; x_wconf 87' lang='lat' dir='ltr'><strong>chorale</strong></span> <span class='ocrx_word' id='word_1_27' title='bbox 703 595 927 657; x_wconf 85' lang='lat' dir='ltr'><strong>detrimentum</strong></span> <span class='ocrx_word' id='word_1_28' title='bbox 942 593 1056 656; x_wconf 82' lang='lat' dir='ltr'><strong>exinde</strong></span> 
     </span>
     <span class='ocr_line' id='line_1_5' title="bbox 51 691 1059 772; baseline 0.001 -20"><span class='ocrx_word' id='word_1_29' title='bbox 51 691 192 772; x_wconf 86' lang='lat' dir='ltr'><strong>patiatur.</strong></span> <span class='ocrx_word' id='word_1_30' title='bbox 204 693 284 771; x_wconf 81' lang='lat' dir='ltr'><strong>Cap.¹</strong></span> <span class='ocrx_word' id='word_1_31' title='bbox 299 691 558 768; x_wconf 63' lang='lat' dir='ltr'><strong>Consuetudinem,</strong></span> <span class='ocrx_word' id='word_1_32' title='bbox 571 692 642 754; x_wconf 91' lang='lat' dir='ltr'><strong>eod.</strong></span> <span class='ocrx_word' id='word_1_33' title='bbox 659 693 706 754; x_wconf 88' lang='lat' dir='ltr'><strong>tit.</strong></span> <span class='ocrx_word' id='word_1_34' title='bbox 721 693 755 753; x_wconf 91' lang='lat' dir='ltr'><strong>in</strong></span> <span class='ocrx_word' id='word_1_35' title='bbox 769 703 823 766; x_wconf 80' lang='lat' dir='ltr'><strong>vr,</strong></span> <span class='ocrx_word' id='word_1_36' title='bbox 840 692 920 752; x_wconf 90' lang='lat' dir='ltr'><strong>illud</strong></span> <span class='ocrx_word' id='word_1_37' title='bbox 933 692 1059 754; x_wconf 86' lang='lat' dir='ltr'><strong>videtur</strong></span> 
     </span>
     <span class='ocr_line' id='line_1_6' title="bbox 50 787 1056 869; baseline -0.002 -19"><span class='ocrx_word' id='word_1_38' title='bbox 50 787 183 865; x_wconf 81' lang='lat' dir='ltr'><strong>mouere,</strong></span> <span class='ocrx_word' id='word_1_39' title='bbox 202 789 280 849; x_wconf 91' lang='lat' dir='ltr'><strong>dum</strong></span> <span class='ocrx_word' id='word_1_40' title='bbox 294 788 397 869; x_wconf 79' lang='lat' dir='ltr'><strong>alege</strong></span> <span class='ocrx_word' id='word_1_41' title='bbox 415 788 556 868; x_wconf 77' lang='lat' dir='ltr'><strong>generali</strong></span> <span class='ocrx_word' id='word_1_42' title='bbox 571 789 610 850; x_wconf 91' lang='lat' dir='ltr'><strong>de</strong></span> <span class='ocrx_word' id='word_1_43' title='bbox 631 789 810 852; x_wconf 75' lang='lat' dir='ltr'><strong>assistentia</strong></span> <span class='ocrx_word' id='word_1_44' title='bbox 825 789 922 850; x_wconf 86' lang='lat' dir='ltr'><strong>choro</strong></span> <span class='ocrx_word' id='word_1_45' title='bbox 938 787 1056 867; x_wconf 86' lang='lat' dir='ltr'><strong>excipit</strong></span> 
     </span>
     <span class='ocr_line' id='line_1_7' title="bbox 50 869 1151 967; baseline 0.003 -23"><span class='ocrx_word' id='word_1_46' title='bbox 50 903 114 967; x_wconf 76' lang='lat' dir='ltr'><strong>quos</strong></span> <span class='ocrx_word' id='word_1_47' title='bbox 129 885 251 950; x_wconf 82' lang='lat' dir='ltr'><strong>euidens</strong></span> <span class='ocrx_word' id='word_1_48' title='bbox 271 885 416 948; x_wconf 77' lang='lat' dir='ltr'><strong>Eccierie</strong></span> <span class='ocrx_word' id='word_1_49' title='bbox 437 886 556 948; x_wconf 81' lang='lat' dir='ltr'><strong>utilitas</strong></span> <span class='ocrx_word' id='word_1_50' title='bbox 570 897 736 960; x_wconf 70' lang='lat' dir='ltr'><strong>exemeret,</strong></span> <span class='ocrx_word' id='word_1_51' title='bbox 751 905 815 948; x_wconf 88' lang='lat' dir='ltr'><strong>non</strong></span> <span class='ocrx_word' id='word_1_52' title='bbox 832 903 982 967; x_wconf 85' lang='lat' dir='ltr'><strong>expresso</strong></span> <span class='ocrx_word' id='word_1_53' title='bbox 998 903 1059 948; x_wconf 83' lang='lat' dir='ltr'><strong>au·</strong></span> <span class='ocrx_word' id='word_1_54' title='bbox 1143 869 1151 886; x_wconf 73' lang='grc'>’</span> 
     </span>
     <span class='ocr_line' id='line_1_8' title="bbox 49 985 1055 1065; baseline 0.004 -22"><span class='ocrx_word' id='word_1_55' title='bbox 49 1001 140 1059; x_wconf 88' lang='lat' dir='ltr'><strong>mero,</strong></span> <span class='ocrx_word' id='word_1_56' title='bbox 165 985 224 1046; x_wconf 89' lang='lat' dir='ltr'><strong>sed</strong></span> <span class='ocrx_word' id='word_1_57' title='bbox 245 1003 279 1046; x_wconf 88' lang='lat' dir='ltr'><strong>re</strong></span> <span class='ocrx_word' id='word_1_58' title='bbox 300 985 449 1065; x_wconf 84' lang='lat' dir='ltr'><strong>prudenti</strong></span> <span class='ocrx_word' id='word_1_59' title='bbox 470 985 602 1048; x_wconf 88' lang='lat' dir='ltr'><strong>arbitrio</strong></span> <span class='ocrx_word' id='word_1_60' title='bbox 625 985 772 1064; x_wconf 74' lang='lat' dir='ltr'><strong>ibpiseopi</strong></span> <span class='ocrx_word' id='word_1_61' title='bbox 793 985 887 1046; x_wconf 90' lang='lat' dir='ltr'><strong>tacite</strong></span> <span class='ocrx_word' id='word_1_62' title='bbox 914 985 1055 1047; x_wconf 88' lang='lat' dir='ltr'><strong>dimissa.</strong></span> 
     </span>
     <span class='ocr_line' id='line_1_9' title="bbox 49 1080 1057 1163; baseline -0.001 -19"><span class='ocrx_word' id='word_1_63' title='bbox 49 1084 119 1144; x_wconf 82' lang='lat' dir='ltr'><strong>iiam</strong></span> <span class='ocrx_word' id='word_1_64' title='bbox 137 1083 179 1144; x_wconf 87' lang='lat' dir='ltr'><strong>ob</strong></span> <span class='ocrx_word' id='word_1_65' title='bbox 206 1101 336 1146; x_wconf 84' lang='lat' dir='ltr'><strong>eausam</strong></span> <span class='ocrx_word' id='word_1_66' title='bbox 355 1080 443 1146; x_wconf 92' lang='lat' dir='ltr'><strong>baud</strong></span> <span class='ocrx_word' id='word_1_67' title='bbox 463 1083 676 1162; x_wconf 74' lang='lat' dir='ltr'><strong>improbabile</strong></span> <span class='ocrx_word' id='word_1_68' title='bbox 695 1082 819 1144; x_wconf 88' lang='lat' dir='ltr'><strong>videtur</strong></span> <span class='ocrx_word' id='word_1_69' title='bbox 833 1083 990 1163; x_wconf 78' lang='lat' dir='ltr'><strong>Episcopo</strong></span> <span class='ocrx_word' id='word_1_70' title='bbox 1008 1083 1057 1144; x_wconf 81' lang='lat' dir='ltr'><strong>tas</strong></span> 
     </span>
     <span class='ocr_line' id='line_1_10' title="bbox 50 1178 1056 1257; baseline 0 -16"><span class='ocrx_word' id='word_1_71' title='bbox 50 1199 119 1254; x_wconf 87' lang='lat' dir='ltr'><strong>esse,</strong></span> <span class='ocrx_word' id='word_1_72' title='bbox 146 1181 263 1242; x_wconf 85' lang='lat' dir='ltr'><strong>eadem</strong></span> <span class='ocrx_word' id='word_1_73' title='bbox 284 1181 427 1244; x_wconf 85' lang='lat' dir='ltr'><strong>adhibita</strong></span> <span class='ocrx_word' id='word_1_74' title='bbox 446 1181 603 1257; x_wconf 85' lang='lat' dir='ltr'><strong>cautione,</strong></span> <span class='ocrx_word' id='word_1_75' title='bbox 626 1181 673 1242; x_wconf 89' lang='lat' dir='ltr'><strong>uti</strong></span> <span class='ocrx_word' id='word_1_76' title='bbox 698 1180 872 1242; x_wconf 90' lang='lat' dir='ltr'><strong>ministerio</strong></span> <span class='ocrx_word' id='word_1_77' title='bbox 902 1178 1056 1253; x_wconf 84' lang='lat' dir='ltr'><strong>canonici,</strong></span> 
     </span>
     <span class='ocr_line' id='line_1_11' title="bbox 51 1275 1110 1358; baseline -0.004 -19"><span class='ocrx_word' id='word_1_78' title='bbox 51 1279 169 1358; x_wconf 85' lang='lat' dir='ltr'><strong>quando</strong></span> <span class='ocrx_word' id='word_1_79' title='bbox 190 1279 297 1357; x_wconf 80' lang='lat' dir='ltr'><strong>gravis</strong></span> <span class='ocrx_word' id='word_1_80' title='bbox 317 1278 487 1342; x_wconf 76' lang='lat' dir='ltr'><strong>necessitas</strong></span> <span class='ocrx_word' id='word_1_81' title='bbox 509 1278 672 1358; x_wconf 86' lang='lat' dir='ltr'><strong>exposcit;</strong></span> <span class='ocrx_word' id='word_1_82' title='bbox 687 1297 719 1340; x_wconf 84' lang='lat' dir='ltr'><strong>v.</strong></span> <span class='ocrx_word' id='word_1_83' title='bbox 737 1298 781 1358; x_wconf 69' lang='lat' dir='ltr'><strong>g„</strong></span> <span class='ocrx_word' id='word_1_84' title='bbox 799 1277 840 1339; x_wconf 88' lang='lat' dir='ltr'><strong>ad</strong></span> <span class='ocrx_word' id='word_1_85' title='bbox 859 1275 1057 1357; x_wconf 74' lang='lat' dir='ltr'><strong>predicatio·</strong></span> <span class='ocrx_word' id='word_1_86' title='bbox 1106 1301 1110 1322; x_wconf 80' lang='grc'><em>·</em></span> 
     </span>
     <span class='ocr_line' id='line_1_12' title="bbox 52 1371 1057 1457; baseline -0.001 -21"><span class='ocrx_word' id='word_1_87' title='bbox 52 1394 114 1437; x_wconf 89' lang='lat' dir='ltr'><strong>nem</strong></span> <span class='ocrx_word' id='word_1_88' title='bbox 124 1375 261 1455; x_wconf 69' lang='lat' dir='ltr'><strong>jubilei,</strong></span> <span class='ocrx_word' id='word_1_89' title='bbox 273 1377 316 1438; x_wconf 85' lang='lat' dir='ltr'><strong>ad</strong></span> <span class='ocrx_word' id='word_1_90' title='bbox 327 1375 559 1457; x_wconf 83' lang='lat' dir='ltr'><strong>prouidendum</strong></span> <span class='ocrx_word' id='word_1_91' title='bbox 573 1395 631 1456; x_wconf 89' lang='lat' dir='ltr'><strong>per</strong></span> <span class='ocrx_word' id='word_1_92' title='bbox 645 1377 740 1438; x_wconf 83' lang='lat' dir='ltr'><strong>breve</strong></span> <span class='ocrx_word' id='word_1_93' title='bbox 755 1382 881 1454; x_wconf 88' lang='lat' dir='ltr'><strong>tempus</strong></span> <span class='ocrx_word' id='word_1_94' title='bbox 896 1371 1057 1454; x_wconf 71' lang='lat' dir='ltr'><strong>parochiae</strong></span> 
     </span>
     <span class='ocr_line' id='line_1_13' title="bbox 52 1470 1056 1554; baseline -0.002 -21"><span class='ocrx_word' id='word_1_95' title='bbox 52 1478 166 1552; x_wconf 86' lang='lat' dir='ltr'><strong>pastore</strong></span> <span class='ocrx_word' id='word_1_96' title='bbox 182 1475 324 1537; x_wconf 72' lang='lat' dir='ltr'><strong>orbatae:</strong></span> <span class='ocrx_word' id='word_1_97' title='bbox 341 1473 497 1553; x_wconf 83' lang='lat' dir='ltr'><strong>siquidem</strong></span> <span class='ocrx_word' id='word_1_98' title='bbox 512 1474 599 1554; x_wconf 79' lang='lat' dir='ltr'><strong>leges</strong></span> <span class='ocrx_word' id='word_1_99' title='bbox 618 1491 655 1536; x_wconf 90' lang='lat' dir='ltr'><strong>eo</strong></span> <span class='ocrx_word' id='word_1_100' title='bbox 679 1473 896 1536; x_wconf 83' lang='lat' dir='ltr'><strong>moderamine</strong></span> <span class='ocrx_word' id='word_1_101' title='bbox 915 1476 989 1532; x_wconf 89' lang='lat' dir='ltr'><strong>sunt</strong></span> <span class='ocrx_word' id='word_1_102' title='bbox 1009 1470 1056 1532; x_wconf 93' lang='lat' dir='ltr'><strong>in·</strong></span> 
     </span>
     <span class='ocr_line' id='line_1_14' title="bbox 52 1567 1128 1650; baseline -0.005 -18"><span class='ocrx_word' id='word_1_103' title='bbox 52 1573 255 1650; x_wconf 86' lang='lat' dir='ltr'><strong>terpretandse</strong></span> <span class='ocrx_word' id='word_1_104' title='bbox 275 1571 560 1649; x_wconf 73' lang='lat' dir='ltr'><strong>uturgention&#39;bus</strong></span> <span class='ocrx_word' id='word_1_105' title='bbox 577 1571 817 1634; x_wconf 83' lang='lat' dir='ltr'><strong>necessitatibus</strong></span> <span class='ocrx_word' id='word_1_106' title='bbox 831 1567 1056 1650; x_wconf 87' lang='lat' dir='ltr'><strong>prospiciatur.</strong></span> <span class='ocrx_word' id='word_1_107' title='bbox 1126 1611 1128 1616; x_wconf 83' lang='lat'>-</span> 
     </span>
     <span class='ocr_line' id='line_1_15' title="bbox 52 1665 1057 1747; baseline -0.003 -18"><span class='ocrx_word' id='word_1_108' title='bbox 52 1667 138 1730; x_wconf 76' lang='lat' dir='ltr'><strong>iliter</strong></span> <span class='ocrx_word' id='word_1_109' title='bbox 149 1674 261 1731; x_wconf 88' lang='lat' dir='ltr'><strong>autem</strong></span> <span class='ocrx_word' id='word_1_110' title='bbox 275 1669 443 1732; x_wconf 86' lang='lat' dir='ltr'><strong>dicendum</strong></span> <span class='ocrx_word' id='word_1_111' title='bbox 459 1669 670 1732; x_wconf 86' lang='lat' dir='ltr'><strong>si-oanonicua</strong></span> <span class='ocrx_word' id='word_1_112' title='bbox 684 1673 797 1747; x_wconf 89' lang='lat' dir='ltr'><strong>sponte</strong></span> <span class='ocrx_word' id='word_1_113' title='bbox 811 1686 870 1728; x_wconf 90' lang='lat' dir='ltr'><strong>sua</strong></span> <span class='ocrx_word' id='word_1_114' title='bbox 884 1667 971 1741; x_wconf 84' lang='lat' dir='ltr'><strong>velit,</strong></span> <span class='ocrx_word' id='word_1_115' title='bbox 990 1665 1057 1727; x_wconf 88' lang='lat' dir='ltr'><strong>sive</strong></span> 
     </span>
     <span class='ocr_line' id='line_1_16' title="bbox 52 1761 1057 1844; baseline -0.004 -18"><span class='ocrx_word' id='word_1_116' title='bbox 52 1763 124 1828; x_wconf 86' lang='lat' dir='ltr'><strong>intra</strong></span> <span class='ocrx_word' id='word_1_117' title='bbox 140 1767 207 1828; x_wconf 88' lang='lat' dir='ltr'><strong>sive</strong></span> <span class='ocrx_word' id='word_1_118' title='bbox 222 1772 313 1828; x_wconf 78' lang='lat' dir='ltr'><strong>extra</strong></span> <span class='ocrx_word' id='word_1_119' title='bbox 329 1765 504 1838; x_wconf 66' lang='lat' dir='ltr'><strong>dioecasina</strong></span> <span class='ocrx_word' id='word_1_120' title='bbox 524 1766 557 1828; x_wconf 82' lang='lat' dir='ltr'><strong>in</strong></span> <span class='ocrx_word' id='word_1_121' title='bbox 573 1765 643 1828; x_wconf 83' lang='lat' dir='ltr'><strong>aliis</strong></span> <span class='ocrx_word' id='word_1_122' title='bbox 661 1765 801 1826; x_wconf 88' lang='lat' dir='ltr'><strong>ecelesiis</strong></span> <span class='ocrx_word' id='word_1_123' title='bbox 816 1764 988 1844; x_wconf 84' lang='lat' dir='ltr'><strong>praedicare</strong></span> <span class='ocrx_word' id='word_1_124' title='bbox 1001 1782 1009 1837; x_wconf 90' lang='grc'><strong>;</strong></span> <span class='ocrx_word' id='word_1_125' title='bbox 1024 1761 1057 1823; x_wconf 91' lang='lat' dir='ltr'><strong>id</strong></span> 
     </span>
     <span class='ocr_line' id='line_1_17' title="bbox 54 1863 1057 1944; baseline 0 -21"><span class='ocrx_word' id='word_1_126' title='bbox 54 1880 157 1925; x_wconf 91' lang='lat' dir='ltr'><strong>munus</strong></span> <span class='ocrx_word' id='word_1_127' title='bbox 173 1883 269 1944; x_wconf 83' lang='lat' dir='ltr'><strong>quo-a</strong></span> <span class='ocrx_word' id='word_1_128' title='bbox 279 1881 338 1926; x_wconf 86' lang='lat' dir='ltr'><strong>suo</strong></span> <span class='ocrx_word' id='word_1_129' title='bbox 349 1864 454 1926; x_wconf 80' lang='lat' dir='ltr'><strong>officio</strong></span> <span class='ocrx_word' id='word_1_130' title='bbox 465 1863 696 1928; x_wconf 85' lang='lat' dir='ltr'><strong>distraheretur</strong></span> <span class='ocrx_word' id='word_1_131' title='bbox 703 1881 863 1926; x_wconf 86' lang='lat' dir='ltr'><strong>assumere</strong></span> <span class='ocrx_word' id='word_1_132' title='bbox 873 1881 937 1924; x_wconf 91' lang='lat' dir='ltr'><strong>non</strong></span> <span class='ocrx_word' id='word_1_133' title='bbox 952 1866 1057 1942; x_wconf 86' lang='lat' dir='ltr'><strong>potest</strong></span> 
     </span>
     <span class='ocr_line' id='line_1_18' title="bbox 55 1957 1059 2040; baseline -0.002 -19"><span class='ocrx_word' id='word_1_134' title='bbox 55 1964 112 2022; x_wconf 89' lang='lat' dir='ltr'><strong>tuta</strong></span> <span class='ocrx_word' id='word_1_135' title='bbox 124 1962 331 2036; x_wconf 84' lang='lat' dir='ltr'><strong>conscientia,</strong></span> <span class='ocrx_word' id='word_1_136' title='bbox 346 1981 386 2024; x_wconf 87' lang='lat' dir='ltr'><strong>ne</strong></span> <span class='ocrx_word' id='word_1_137' title='bbox 404 1961 595 2024; x_wconf 77' lang='lat' dir='ltr'><strong>assentiente</strong></span> <span class='ocrx_word' id='word_1_138' title='bbox 612 1961 740 2040; x_wconf 67' lang='lat' dir='ltr'><strong>quidem</strong></span> <span class='ocrx_word' id='word_1_139' title='bbox 757 1961 925 2040; x_wconf 77' lang='lat' dir='ltr'><strong>Episcopo.</strong></span> <span class='ocrx_word' id='word_1_140' title='bbox 941 1962 974 2020; x_wconf 73' lang='lat'><strong>2⁰</strong></span> <span class='ocrx_word' id='word_1_141' title='bbox 988 1957 1059 2020; x_wconf 79' lang='lat' dir='ltr'><strong>Exi-</strong></span> 
     </span>
     <span class='ocr_line' id='line_1_19' title="bbox 55 2058 1056 2139; baseline -0.002 -20"><span class='ocrx_word' id='word_1_142' title='bbox 55 2066 172 2121; x_wconf 91' lang='lat' dir='ltr'><strong>muntur</strong></span> <span class='ocrx_word' id='word_1_143' title='bbox 186 2060 282 2121; x_wconf 87' lang='lat' dir='ltr'><strong>etiam</strong></span> <span class='ocrx_word' id='word_1_144' title='bbox 298 2059 443 2122; x_wconf 86' lang='lat' dir='ltr'><strong>canonici</strong></span> <span class='ocrx_word' id='word_1_145' title='bbox 458 2058 511 2138; x_wconf 88' lang='lat' dir='ltr'><strong>qui</strong></span> <span class='ocrx_word' id='word_1_146' title='bbox 528 2077 586 2139; x_wconf 88' lang='lat' dir='ltr'><strong>pro</strong></span> <span class='ocrx_word' id='word_1_147' title='bbox 601 2059 738 2137; x_wconf 79' lang='lat' dir='ltr'><strong>negotiis</strong></span> <span class='ocrx_word' id='word_1_148' title='bbox 753 2058 884 2138; x_wconf 90' lang='lat' dir='ltr'><strong>capituli</strong></span> <span class='ocrx_word' id='word_1_149' title='bbox 898 2059 1056 2137; x_wconf 88' lang='lat' dir='ltr'><strong>deputan-</strong></span> 
     </span>
     <span class='ocr_line' id='line_1_20' title="bbox 55 2153 1058 2236; baseline 0.001 -20"><span class='ocrx_word' id='word_1_150' title='bbox 55 2159 98 2217; x_wconf 89' lang='lat' dir='ltr'><strong>tur</strong></span> <span class='ocrx_word' id='word_1_151' title='bbox 106 2160 238 2220; x_wconf 84' lang='lat' dir='ltr'><strong>Romam</strong></span> <span class='ocrx_word' id='word_1_152' title='bbox 253 2158 303 2218; x_wconf 86' lang='lat' dir='ltr'><strong>vel</strong></span> <span class='ocrx_word' id='word_1_153' title='bbox 318 2157 360 2220; x_wconf 87' lang='lat' dir='ltr'><strong>ad</strong></span> <span class='ocrx_word' id='word_1_154' title='bbox 372 2157 541 2236; x_wconf 76' lang='lat' dir='ltr'><strong>concilium</strong></span> <span class='ocrx_word' id='word_1_155' title='bbox 554 2156 759 2236; x_wconf 77' lang='lat' dir='ltr'><strong>provinciale.</strong></span> <span class='ocrx_word' id='word_1_156' title='bbox 779 2157 813 2216; x_wconf 80' lang='lat'><strong>3⁰</strong></span> <span class='ocrx_word' id='word_1_157' title='bbox 829 2156 970 2217; x_wconf 85' lang='lat' dir='ltr'><strong>Tandem</strong></span> <span class='ocrx_word' id='word_1_158' title='bbox 992 2153 1058 2217; x_wconf 84' lang='lat' dir='ltr'><strong>exi·</strong></span> 
     </span>
     <span class='ocr_line' id='line_1_21' title="bbox 55 2254 1056 2334; baseline -0.002 -20"><span class='ocrx_word' id='word_1_159' title='bbox 55 2261 173 2316; x_wconf 87' lang='lat' dir='ltr'><strong>muntur</strong></span> <span class='ocrx_word' id='word_1_160' title='bbox 187 2255 332 2317; x_wconf 90' lang='lat' dir='ltr'><strong>canonici</strong></span> <span class='ocrx_word' id='word_1_161' title='bbox 347 2255 401 2334; x_wconf 91' lang='lat' dir='ltr'><strong>qui</strong></span> <span class='ocrx_word' id='word_1_162' title='bbox 415 2273 473 2316; x_wconf 90' lang='lat' dir='ltr'><strong>suo</strong></span> <span class='ocrx_word' id='word_1_163' title='bbox 487 2254 612 2315; x_wconf 87' lang='lat' dir='ltr'><strong>muneri</strong></span> <span class='ocrx_word' id='word_1_164' title='bbox 627 2254 809 2316; x_wconf 89' lang='lat' dir='ltr'><strong>deserviunt</strong></span> <span class='ocrx_word' id='word_1_165' title='bbox 831 2258 973 2332; x_wconf 88' lang='lat' dir='ltr'><strong>tempore</strong></span> <span class='ocrx_word' id='word_1_166' title='bbox 990 2269 1056 2330; x_wconf 90' lang='lat' dir='ltr'><strong>quo</strong></span> 
     </span>
     <span class='ocr_line' id='line_1_22' title="bbox 56 2349 1058 2432; baseline -0.004 -20"><span class='ocrx_word' id='word_1_167' title='bbox 56 2349 150 2414; x_wconf 85' lang='lat' dir='ltr'><strong>divina</strong></span> <span class='ocrx_word' id='word_1_168' title='bbox 159 2353 267 2416; x_wconf 86' lang='lat' dir='ltr'><strong>officia</strong></span> <span class='ocrx_word' id='word_1_169' title='bbox 274 2353 307 2414; x_wconf 93' lang='lat' dir='ltr'><strong>in</strong></span> <span class='ocrx_word' id='word_1_170' title='bbox 320 2351 420 2416; x_wconf 88' lang='lat' dir='ltr'><strong>choro</strong></span> <span class='ocrx_word' id='word_1_171' title='bbox 428 2357 624 2432; x_wconf 81' lang='lat' dir='ltr'><strong>peraguntur</strong></span> <span class='ocrx_word' id='word_1_172' title='bbox 636 2369 643 2421; x_wconf 93' lang='lat'>;</span> <span class='ocrx_word' id='word_1_173' title='bbox 657 2351 745 2430; x_wconf 81' lang='lat' dir='ltr'><strong>quod</strong></span> <span class='ocrx_word' id='word_1_174' title='bbox 756 2350 941 2428; x_wconf 79' lang='lat' dir='ltr'><strong>contingere</strong></span> <span class='ocrx_word' id='word_1_175' title='bbox 953 2351 1058 2428; x_wconf 85' lang='lat' dir='ltr'><strong>potest</strong></span> 
     </span>
     <span class='ocr_line' id='line_1_23' title="bbox 55 2445 1057 2530; baseline -0.005 -20"><span class='ocrx_word' id='word_1_176' title='bbox 55 2450 118 2510; x_wconf 85' lang='lat' dir='ltr'><strong>satis</strong></span> <span class='ocrx_word' id='word_1_177' title='bbox 136 2453 318 2530; x_wconf 82' lang='lat' dir='ltr'><strong>frequenter</strong></span> <span class='ocrx_word' id='word_1_178' title='bbox 335 2449 623 2530; x_wconf 76' lang='lat' dir='ltr'><strong>archipresbytero,</strong></span> <span class='ocrx_word' id='word_1_179' title='bbox 646 2446 895 2529; x_wconf 69' lang='lat' dir='ltr'><strong>prenitentiaria</strong></span> <span class='ocrx_word' id='word_1_180' title='bbox 913 2451 945 2507; x_wconf 90' lang='lat' dir='ltr'><strong>et</strong></span> <span class='ocrx_word' id='word_1_181' title='bbox 963 2445 1057 2506; x_wconf 91' lang='lat' dir='ltr'><strong>theo·</strong></span> 
     </span>
     <span class='ocr_line' id='line_1_24' title="bbox 54 2543 649 2626; baseline 0.002 -19"><span class='ocrx_word' id='word_1_182' title='bbox 54 2543 150 2626; x_wconf 79' lang='lat' dir='ltr'><strong>togati.</strong></span> <span class='ocrx_word' id='word_1_183' title='bbox 646 2573 649 2582; x_wconf 74' lang='lat'><em>=</em></span> 
     </span>
    </p>

    <p class='ocr_par' dir='ltr' id='par_1_3' title="bbox 55 2639 1058 3217">
     <span class='ocr_line' id='line_1_25' title="bbox 103 2639 1058 2724; baseline -0.007 -16"><span class='ocrx_word' id='word_1_184' title='bbox 103 2644 194 2708; x_wconf 85' lang='lat' dir='ltr'><strong>Nota.</strong></span> <span class='ocrx_word' id='word_1_185' title='bbox 206 2646 375 2710; x_wconf 83' lang='lat' dir='ltr'><strong>Exeusatio</strong></span> <span class='ocrx_word' id='word_1_186' title='bbox 388 2646 510 2710; x_wconf 86' lang='lat' dir='ltr'><strong>ratione</strong></span> <span class='ocrx_word' id='word_1_187' title='bbox 523 2645 620 2711; x_wconf 81' lang='lat' dir='ltr'><strong>officii</strong></span> <span class='ocrx_word' id='word_1_188' title='bbox 634 2643 780 2724; x_wconf 84' lang='lat' dir='ltr'><strong>protrahi</strong></span> <span class='ocrx_word' id='word_1_189' title='bbox 793 2662 857 2706; x_wconf 91' lang='lat' dir='ltr'><strong>non</strong></span> <span class='ocrx_word' id='word_1_190' title='bbox 869 2643 964 2704; x_wconf 90' lang='lat' dir='ltr'><strong>debet</strong></span> <span class='ocrx_word' id='word_1_191' title='bbox 973 2639 1058 2701; x_wconf 88' lang='lat' dir='ltr'><strong>ultre</strong></span> 
     </span>
     <span class='ocr_line' id='line_1_26' title="bbox 56 2742 1057 2822; baseline -0.004 -20"><span class='ocrx_word' id='word_1_192' title='bbox 56 2745 199 2806; x_wconf 85' lang='lat' dir='ltr'><strong>moralem</strong></span> <span class='ocrx_word' id='word_1_193' title='bbox 220 2743 451 2807; x_wconf 87' lang='lat' dir='ltr'><strong>necessitatem.</strong></span> <span class='ocrx_word' id='word_1_194' title='bbox 472 2743 677 2822; x_wconf 85' lang='lat' dir='ltr'><strong>Privitegium</strong></span> <span class='ocrx_word' id='word_1_195' title='bbox 694 2742 767 2822; x_wconf 86' lang='lat' dir='ltr'><strong>jure</strong></span> <span class='ocrx_word' id='word_1_196' title='bbox 786 2758 969 2803; x_wconf 87' lang='lat' dir='ltr'><strong>eoncessum</strong></span> <span class='ocrx_word' id='word_1_197' title='bbox 991 2755 1057 2799; x_wconf 90' lang='lat' dir='ltr'><strong>non</strong></span> 
     </span>
     <span class='ocr_line' id='line_1_27' title="bbox 57 2835 1058 2923; baseline -0.006 -21"><span class='ocrx_word' id='word_1_198' title='bbox 57 2841 138 2904; x_wconf 86' lang='lat' dir='ltr'><strong>aliter</strong></span> <span class='ocrx_word' id='word_1_199' title='bbox 154 2843 285 2923; x_wconf 87' lang='lat' dir='ltr'><strong>prodest</strong></span> <span class='ocrx_word' id='word_1_200' title='bbox 302 2861 398 2923; x_wconf 88' lang='lat' dir='ltr'><strong>quam</strong></span> <span class='ocrx_word' id='word_1_201' title='bbox 419 2845 455 2902; x_wconf 88' lang='lat' dir='ltr'><strong>ut</strong></span> <span class='ocrx_word' id='word_1_202' title='bbox 478 2839 623 2905; x_wconf 82' lang='lat' dir='ltr'><strong>canonici</strong></span> <span class='ocrx_word' id='word_1_203' title='bbox 644 2839 841 2920; x_wconf 84' lang='lat' dir='ltr'><strong>inquietandi</strong></span> <span class='ocrx_word' id='word_1_204' title='bbox 859 2857 923 2899; x_wconf 90' lang='lat' dir='ltr'><strong>non</strong></span> <span class='ocrx_word' id='word_1_205' title='bbox 943 2835 1058 2898; x_wconf 88' lang='lat' dir='ltr'><strong>sintin</strong></span> 
     </span>
     <span class='ocr_line' id='line_1_28' title="bbox 56 2936 1054 3016; baseline -0.005 -18"><span class='ocrx_word' id='word_1_206' title='bbox 56 2939 114 3002; x_wconf 89' lang='lat' dir='ltr'><strong>toro</strong></span> <span class='ocrx_word' id='word_1_207' title='bbox 123 2947 266 3014; x_wconf 81' lang='lat' dir='ltr'><strong>externo,</strong></span> <span class='ocrx_word' id='word_1_208' title='bbox 277 2946 309 3002; x_wconf 89' lang='lat' dir='ltr'><strong>et</strong></span> <span class='ocrx_word' id='word_1_209' title='bbox 317 2939 499 3008; x_wconf 85' lang='lat' dir='ltr'><strong>habeantin</strong></span> <span class='ocrx_word' id='word_1_210' title='bbox 510 2939 559 3003; x_wconf 90' lang='lat' dir='ltr'><strong>sui</strong></span> <span class='ocrx_word' id='word_1_211' title='bbox 567 2939 710 3002; x_wconf 85' lang='lat' dir='ltr'><strong>favorem</strong></span> <span class='ocrx_word' id='word_1_212' title='bbox 716 2936 887 3016; x_wconf 84' lang='lat' dir='ltr'><strong>juridicam</strong></span> <span class='ocrx_word' id='word_1_213' title='bbox 903 2950 1054 3014; x_wconf 76' lang='lat' dir='ltr'><strong>presum-</strong></span> 
     </span>
     <span class='ocr_line' id='line_1_29' title="bbox 55 3033 1057 3119; baseline -0.009 -21"><span class='ocrx_word' id='word_1_214' title='bbox 55 3037 195 3115; x_wconf 87' lang='lat' dir='ltr'><strong>ptionem,</strong></span> <span class='ocrx_word' id='word_1_215' title='bbox 218 3039 347 3119; x_wconf 82' lang='lat' dir='ltr'><strong>quando</strong></span> <span class='ocrx_word' id='word_1_216' title='bbox 362 3037 460 3099; x_wconf 84' lang='lat' dir='ltr'><strong>choro</strong></span> <span class='ocrx_word' id='word_1_217' title='bbox 480 3055 543 3098; x_wconf 90' lang='lat' dir='ltr'><strong>non</strong></span> <span class='ocrx_word' id='word_1_218' title='bbox 559 3037 726 3101; x_wconf 86' lang='lat' dir='ltr'><strong>adsistunt.</strong></span> <span class='ocrx_word' id='word_1_219' title='bbox 751 3033 968 3112; x_wconf 77' lang='lat' dir='ltr'><strong>Theologalis,</strong></span> <span class='ocrx_word' id='word_1_220' title='bbox 989 3035 1057 3090; x_wconf 88' lang='lat' dir='ltr'><strong>tota</strong></span> 
     </span>
     <span class='ocr_line' id='line_1_30' title="bbox 57 3133 715 3217; baseline -0.006 -21"><span class='ocrx_word' id='word_1_221' title='bbox 57 3133 97 3196; x_wconf 86' lang='lat' dir='ltr'><strong>die</strong></span> <span class='ocrx_word' id='word_1_222' title='bbox 110 3155 173 3217; x_wconf 88' lang='lat' dir='ltr'><strong>qua</strong></span> <span class='ocrx_word' id='word_1_223' title='bbox 187 3136 276 3216; x_wconf 78' lang='lat' dir='ltr'><strong>legit,</strong></span> <span class='ocrx_word' id='word_1_224' title='bbox 292 3141 437 3197; x_wconf 87' lang='lat' dir='ltr'><strong>censetur</strong></span> <span class='ocrx_word' id='word_1_225' title='bbox 450 3153 590 3216; x_wconf 74' lang='lat' dir='ltr'><strong>praesens</strong></span> <span class='ocrx_word' id='word_1_226' title='bbox 605 3134 715 3194; x_wconf 89' lang='lat' dir='ltr'><strong>choro.</strong></span> 
     </span>
    </p>

    <p class='ocr_par' dir='ltr' id='par_1_4' title="bbox 104 3227 1057 3312">
     <span class='ocr_line' id='line_1_31' title="bbox 104 3227 1057 3312; baseline -0.014 -15"><span class='ocrx_word' id='word_1_227' title='bbox 104 3233 197 3296; x_wconf 68' lang='lat' dir='ltr'><strong>&#39;dit</strong></span> <span class='ocrx_word' id='word_1_228' title='bbox 217 3268 257 3280; x_wconf 93' lang='lat'><strong>—-</strong></span> <span class='ocrx_word' id='word_1_229' title='bbox 277 3234 315 3295; x_wconf 93' lang='lat'><strong>11.</strong></span> <span class='ocrx_word' id='word_1_230' title='bbox 341 3233 473 3297; x_wconf 83' lang='lat' dir='ltr'><strong>Ratione</strong></span> <span class='ocrx_word' id='word_1_231' title='bbox 494 3230 683 3312; x_wconf 79' lang='lat' dir='ltr'><strong>infirmitatis</strong></span> <span class='ocrx_word' id='word_1_232' title='bbox 701 3229 885 3292; x_wconf 85' lang='lat' dir='ltr'><strong>eximuntur</strong></span> <span class='ocrx_word' id='word_1_233' title='bbox 899 3227 940 3288; x_wconf 90' lang='lat' dir='ltr'><strong>ab</strong></span> <span class='ocrx_word' id='word_1_234' title='bbox 962 3241 1057 3298; x_wconf 79' lang='lat' dir='ltr'><strong>onere</strong></span> 
     </span>
    </p>
   </div>
   <div class='ocr_carea' id='block_1_3' title="bbox 58 3327 1148 3409">
    <p class='ocr_par' dir='ltr' id='par_1_5' title="bbox 58 3327 1148 3409">
     <span class='ocr_line' id='line_1_32' title="bbox 58 3327 1148 3409; baseline -0.012 -17"><span class='ocrx_word' id='word_1_235' title='bbox 58 3331 229 3394; x_wconf 82' lang='lat' dir='ltr'><strong>assistentioe</strong></span> <span class='ocrx_word' id='word_1_236' title='bbox 244 3331 341 3392; x_wconf 88' lang='lat' dir='ltr'><strong>choro</strong></span> <span class='ocrx_word' id='word_1_237' title='bbox 357 3331 412 3409; x_wconf 90' lang='lat' dir='ltr'><strong>qui</strong></span> <span class='ocrx_word' id='word_1_238' title='bbox 426 3329 536 3390; x_wconf 89' lang='lat' dir='ltr'><strong>morbo</strong></span> <span class='ocrx_word' id='word_1_239' title='bbox 554 3328 643 3406; x_wconf 76' lang='lat' dir='ltr'><strong>gravi</strong></span> <span class='ocrx_word' id='word_1_240' title='bbox 665 3328 826 3404; x_wconf 87' lang='lat' dir='ltr'><strong>laborant,</strong></span> <span class='ocrx_word' id='word_1_241' title='bbox 843 3328 921 3386; x_wconf 87' lang='lat' dir='ltr'><strong>adeo</strong></span> <span class='ocrx_word' id='word_1_242' title='bbox 937 3327 972 3384; x_wconf 91' lang='lat' dir='ltr'><strong>ut</strong></span> <span class='ocrx_word' id='word_1_243' title='bbox 992 3339 1056 3382; x_wconf 89' lang='lat' dir='ltr'><strong>non</strong></span> <span class='ocrx_word' id='word_1_244' title='bbox 1141 3389 1148 3396; x_wconf 21' lang='grc' dir='ltr'>ι</span> 
     </span>
    </p>
   </div>
   <div class='ocr_carea' id='block_1_4' title="bbox 58 3418 1057 3510">
    <p class='ocr_par' dir='ltr' id='par_1_6' title="bbox 58 3418 1057 3510">
     <span class='ocr_line' id='line_1_33' title="bbox 58 3418 1057 3510; baseline -0.012 -19"><span class='ocrx_word' id='word_1_245' title='bbox 58 3431 165 3507; x_wconf 87' lang='lat' dir='ltr'><strong>possint</strong></span> <span class='ocrx_word' id='word_1_246' title='bbox 191 3429 310 3510; x_wconf 88' lang='lat' dir='ltr'><strong>absque</strong></span> <span class='ocrx_word' id='word_1_247' title='bbox 331 3427 465 3492; x_wconf 87' lang='lat' dir='ltr'><strong>notabili</strong></span> <span class='ocrx_word' id='word_1_248' title='bbox 489 3425 538 3488; x_wconf 93' lang='lat' dir='ltr'><strong>sui</strong></span> <span class='ocrx_word' id='word_1_249' title='bbox 559 3425 761 3488; x_wconf 87' lang='lat' dir='ltr'><strong>incommodo</strong></span> <span class='ocrx_word' id='word_1_250' title='bbox 788 3422 924 3504; x_wconf 87' lang='lat' dir='ltr'><strong>publicis</strong></span> <span class='ocrx_word' id='word_1_251' title='bbox 946 3418 1057 3480; x_wconf 86' lang='lat' dir='ltr'><strong>officiis</strong></span> 
     </span>
    </p>
   </div>
   <div class='ocr_carea' id='block_1_5' title="bbox 58 3524 1058 3804">
    <p class='ocr_par' dir='ltr' id='par_1_7' title="bbox 58 3524 1058 3804">
     <span class='ocr_line' id='line_1_34' title="bbox 58 3524 983 3599; baseline -0.013 -11"><span class='ocrx_word' id='word_1_252' title='bbox 58 3524 206 3591; x_wconf 85' lang='lat' dir='ltr'><strong>interesse.</strong></span> <span class='ocrx_word' id='word_1_253' title='bbox 980 3591 983 3599; x_wconf 17' lang='lat' dir='ltr'>y</span> 
     </span>
     <span class='ocr_line' id='line_1_35' title="bbox 106 3612 1058 3703; baseline -0.016 -14"><span class='ocrx_word' id='word_1_254' title='bbox 106 3627 157 3690; x_wconf 92' lang='lat'><em>111.</em></span> <span class='ocrx_word' id='word_1_255' title='bbox 185 3626 319 3688; x_wconf 85' lang='lat' dir='ltr'><strong>Ratione</strong></span> <span class='ocrx_word' id='word_1_256' title='bbox 341 3624 458 3686; x_wconf 83' lang='lat' dir='ltr'><strong>servitii</strong></span> <span class='ocrx_word' id='word_1_257' title='bbox 480 3621 626 3684; x_wconf 80' lang='lat' dir='ltr'><strong>Ecclesiae</strong></span> <span class='ocrx_word' id='word_1_258' title='bbox 647 3621 780 3703; x_wconf 86' lang='lat' dir='ltr'><strong>praestiti</strong></span> <span class='ocrx_word' id='word_1_259' title='bbox 804 3618 985 3680; x_wconf 83' lang='lat' dir='ltr'><strong>eximuntur</strong></span> <span class='ocrx_word' id='word_1_260' title='bbox 1004 3612 1058 3693; x_wconf 88' lang='lat' dir='ltr'><strong>qui</strong></span> 
     </span>
     <span class='ocr_line' id='line_1_36' title="bbox 59 3720 1055 3804; baseline -0.013 -19"><span class='ocrx_word' id='word_1_261' title='bbox 59 3739 105 3801; x_wconf 87' lang='lat' dir='ltr'><strong>per</strong></span> <span class='ocrx_word' id='word_1_262' title='bbox 127 3722 345 3804; x_wconf 81' lang='lat' dir='ltr'><strong>quadraginta,</strong></span> <span class='ocrx_word' id='word_1_263' title='bbox 371 3721 412 3784; x_wconf 87' lang='lat' dir='ltr'><strong>ad</strong></span> <span class='ocrx_word' id='word_1_264' title='bbox 437 3720 553 3795; x_wconf 89' lang='lat' dir='ltr'><strong>minus,</strong></span> <span class='ocrx_word' id='word_1_265' title='bbox 578 3737 690 3794; x_wconf 85' lang='lat' dir='ltr'><strong>annos,</strong></span> <span class='ocrx_word' id='word_1_266' title='bbox 706 3736 820 3780; x_wconf 89' lang='lat' dir='ltr'><strong>munus</strong></span> <span class='ocrx_word' id='word_1_267' title='bbox 848 3733 939 3776; x_wconf 91' lang='lat' dir='ltr'><strong>suum</strong></span> <span class='ocrx_word' id='word_1_268' title='bbox 961 3729 1055 3791; x_wconf 78' lang='lat' dir='ltr'><strong>regu·</strong></span> 
     </span>
    </p>
   </div>
   <div class='ocr_carea' id='block_1_6' title="bbox 800 4019 895 4094">
    <p class='ocr_par' dir='ltr' id='par_1_8' title="bbox 800 4019 895 4094">
     <span class='ocr_line' id='line_1_37' title="bbox 800 4019 895 4094; baseline -0.011 1"><span class='ocrx_word' id='word_1_269' title='bbox 800 4019 802 4036; x_wconf 85' lang='grc'><em>“</em></span> <span class='ocrx_word' id='word_1_270' title='bbox 870 4045 895 4094; x_wconf 69' lang='lat' dir='ltr'><strong>e</strong></span> 
     </span>
    </p>
   </div>
   <div class='ocr_carea' id='block_1_7' title="bbox 0 0 1301 4278">
    <p class='ocr_par' dir='ltr' id='par_1_9' title="bbox 0 0 1301 4278">
     <span class='ocr_line' id='line_1_38' title="bbox 0 0 1301 4278; baseline 0 0"><span class='ocrx_word' id='word_1_271' title='bbox 0 0 1301 4278; x_wconf 95' lang='lat' dir='ltr'><strong> </strong></span> 
     </span>
    </p>
   </div>
  </div>
 </body>
</html>
