2588 4276
283 275 351 346 aar.
372 300 408 350 u.
429 301 551 350 uarum
571 301 680 352 sraros
699 299 860 350 narrorou.
1024 293 1077 348 aar

66 415 266 494 prascriptas
281 416 423 478 emittere
442 419 588 494 ualeant3
603 420 679 481 item
693 424 728 482 ut
742 417 899 480 bonorum
915 434 985 497 quae
1000 417 1075 497 ipsis

65 511 234 574 commissa
243 520 317 576 sunt
332 516 573 591 usumfructum,
591 522 623 578 ct
632 517 807 579 dominium
817 516 988 577 transferre
1002 534 1074 595 pos-

65 612 142 684 sint,
163 611 342 674 conditione
366 616 559 693 caeteroquia
581 616 707 695 adJ'ecta
729 620 765 676 ut
785 615 871 676 bona
893 632 913 674 a
932 614 1075 692 personis

64 709 254 770 auctoritate
274 712 445 791 superioris
458 713 646 793 deputandis
668 713 937 785 administrentur,
955 717 987 773 et
1005 712 1078 773 rod-

65 807 150 866 ditus
162 809 332 870 conventui
348 811 472 872 cedant.
490 813 573 890 Ergo
593 811 684 886 nihil,
704 829 743 872 ex
757 814 847 891 parte
858 810 950 889 juris,
967 808 1073 871 obstat

63 905 233 983 quominus
249 912 324 968 vota
337 907 370 968 in
385 909 492 970 Galliis
506 909 620 972 emissa
633 909 695 970 sint
709 907 873 985 solemnia,
890 907 986 970 modo
1006 926 1071 968 ser-

63 1008 176 1065 ventur
195 1005 313 1084 regulae
335 1005 407 1084 jure
431 1008 592 1070 communi
618 1007 810 1087 praescriptae
835 1006 875 1067 ad
897 1005 1074 1084 legitimam

62 1101 301 1178 professionem,
321 1110 352 1165 et
365 1104 454 1166 nulla
469 1106 502 1166 in
527 1105 721 1168 contrarium
744 1105 820 1168 data
843 1104 882 1166 sit
899 1104 1072 1166 declaratio

63 1201 188 1262 Sauctae
203 1202 304 1264 Sedis.

123 1299 201 1360 Hine
217 1306 291 1361 vota
308 1303 593 1381 benedictinorum,
615 1305 749 1364 fratrum
766 1301 936 1374 Minorem,
958 1301 1076 1362 Praedi-

62 1401 217 1472 catorum,
234 1398 436 1475 domitarum,
454 1408 541 1465 etc...
563 1406 752 1483 reputantur
768 1400 931 1462 solemnia.
952 1402 976 1461 Ε
996 1418 1073 1460 con·

60 1501 119 1569 tra,
144 1501 216 1557 vota
242 1499 427 1560 monialium
451 1505 524 1561 sunt
545 1500 711 1581 simplicia,
737 1499 812 1579 quia
834 1499 951 1560 Sancta
977 1497 1073 1560 Sedes

61 1591 148 1653 haud
162 1594 260 1655 semel
275 1595 447 1658 declaravit
467 1617 499 1658 se
514 1617 552 1659 ea
572 1617 634 1659 non
657 1602 822 1677 acceptare
845 1615 904 1676 pro
923 1596 1073 1658 solemni-

60 1690 129 1752 bus.
155 1691 187 1754 S.
213 1692 421 1774 Gongregatie
445 1697 651 1776 Regularium
672 1695 832 1774 rescripsit
855 1713 907 1755 an.
932 1695 1010 1754 1835
1032 1695 1073 1756 ad

61 1787 347 1870 Arcbi'episcopum
361 1795 575 1856 Turonenscm
594 1812 600 1854 :
618 1818 633 1850 a
648 1797 876 1856 percunctatus
890 1809 923 1851 es
939 1791 977 1852 de
992 1792 1073 1852 votis

64 1911 76 1939 ι(
92 1905 164 1965 quae
182 1888 279 1949 modo
293 1889 326 1950 in
342 1891 448 1952 Galliis
462 1909 481 1952 a
494 1891 685 1955 monialibus
705 1894 942 1969 nuncupantur,
960 1908 1000 1950 an
1020 1908 1072 1951 so·

64 2007 76 2038 a
91 1983 211 2046 lemnia
232 1985 305 2060 sint,
329 2005 369 2048 an
390 1989 556 2068 simplicia.
578 1989 667 2058 Scias
683 1994 790 2050 autem
815 1987 847 2050 S.
870 1987 1072 2048 Paenitentia-

63 2106 76 2137 «
90 2082 174 2142 riam
184 2084 299 2164 saepius
312 2104 350 2147 ea
364 2085 404 2146 dc
416 2105 449 2148 re
464 2087 652 2150 sententiam
667 2105 756 2148 suam
769 2085 940 2165 aperuisse,
959 2090 991 2145 et
1003 2102 1073 2164 pos-

63 2206 76 2234 «
92 2188 229 2244 tremum
248 2184 334 2262 quod
350 2185 448 2247 edidit
467 2187 630 2254 decretum
655 2186 743 2246 hisce
765 2184 868 2246 verbis
890 2202 1072 2263 expressum

62 2304 74 2330 «ι
90 2285 137 2339 est
156 2299 163 2340 :
182 2281 213 2341 S.
228 2282 468 2344 Poenitentiaria
482 2285 586 2344 denuo
600 2282 762 2363 perpensis
778 2285 809 2342 et
823 2281 855 2340 in
868 2298 1002 2354 examen
1016 2280 1072 2340 de-

63 2398 76 2433 «
90 2378 194 2438 ductis
207 2397 278 2457 quae
301 2400 319 2441 a
341 2381 456 2443 dilecto
476 2381 509 2441 in
534 2381 656 2442 Christo
670 2379 795 2442 Vicario
816 2378 956 2457 generali
973 2376 1068 2438 Tolo-

61 2498 75 2531 «
88 2495 169 2537 sano
178 2479 666 2564 proponunturfflraehabitoquc
676 2497 771 2557 super
785 2478 834 2537 his
849 2477 978 2538 oraculo
994 2478 1025 2538 S.
1037 2477 1069 2536 S.

60 2577 124 2636 «D.
140 2577 181 2637 N.
196 2576 244 2637 Pii
258 2578 337 2650 Vlll,
352 2579 390 2638 de
406 2577 547 2657 ejusdcm
563 2577 745 2640 sanctitatis
761 2576 924 2652 mandato,
942 2592 1072 2654 respon-

63 2673 141 2734 odet
161 2692 168 2733 :
184 2670 334 2736 Standum
349 2694 409 2737 case
423 2675 527 2737 derasis
540 2694 552 2735 .·
569 2675 623 2737 doc
636 2685 690 2752 est,
709 2683 778 2736 vota
797 2693 863 2756 qua
882 2674 1069 2756 obpresserit

61 2780 298 2832 «staturarum
322 2773 538 2835 amoaoblibus
563 2761 594 2833 o'n
618 2792 711 2853 reque
734 2771 905 2839 Gallzbrum
927 2771 1067 2832 emittun-

60 2889 73 2920 «
93 2877 155 2944 tur,
176 2878 211 2929 ut
226 2871 375 2951 orbrpb'oie
389 2890 414 2932 ov
427 2869 541 2934 Sancta
558 2869 635 2934 Sede
651 2871 808 2933 arremari.
824 2873 940 2932 Datum
960 2873 1067 2932 Rornae

63 2987 76 3018 a
95 2965 145 3028 die
161 2967 200 3027 19
215 2969 290 3029 maii
308 2967 398 3031 1829.
414 2993 430 3026 »
901 3046 903 3054 Α

113 3064 167 3125 lII.
185 3065 304 3136 Quibus
318 3067 493 3129 rationibus
511 3067 628 3130 Sancta
642 3069 738 3129 Sedes
753 3067 884 3129 inducta
897 3067 938 3128 sit
956 3073 992 3129 ut
1007 3085 1070 3128 non

62 3161 238 3224 admitteret
252 3169 325 3225 vota
339 3165 493 3227 solemnia
510 3165 707 3240 monialium,
731 3184 793 3226 non
809 3169 895 3226 certo
910 3165 1066 3226 norimus.

61 3259 224 3323 Probabile
241 3268 347 3324 tamen
366 3264 457 3324 nobis
471 3263 597 3325 videtur
611 3265 761 3325 Sanctam
786 3264 900 3325 Sedem
915 3269 1068 3342 opportu-

64 3374 132 3418 num
146 3361 302 3426 hactenus.
319 3381 384 3424 non
404 3363 530 3424 duxisse
549 3362 694 3424 assentiri
714 3361 907 3423 solemnitati
921 3366 1068 3423 votorum

63 3456 252 3533 monialium,
282 3459 324 3520 ob
361 3461 463 3521 varias
502 3479 677 3540 gravesque
715 3458 918 3520 difficultates
953 3458 1068 3537 quibus

64 3548 138 3614 hanc
153 3557 367 3618 conditionem
391 3558 463 3620 vitae
487 3555 642 3638 religiosae
668 3556 841 3619 obnoxiam
871 3555 1012 3618 efficiunt
1035 3557 1068 3618 in

65 3654 140 3728 statu
163 3655 312 3732 prasenti
336 3675 453 3732 rerum,
475 3652 871 3736 indissolubilitas·vinculi
894 3651 1065 3734 religionis,

67 3748 192 3812 strictior
206 3753 355 3815 clausura
375 3773 470 3834 super
490 3774 555 3835 qua
569 3755 674 3816 nullus
689 3754 872 3833 dispensare
888 3758 993 3816 valeat
1008 3753 1068 3816 nisi
