2568 4272
16 3525 18 3616 l

16 3693 19 3802 Ι

16 3805 18 3832 l

16 3999 18 4090 l

265 219 329 266 litt.
352 217 392 264 Vl.
414 218 548 266 insinuit
571 218 679 264 S'll'lUS
700 218 857 266 nnttulost.
1017 214 1068 268 309

100 335 197 408 Quod
214 353 293 396 vero
307 333 348 394 ad
360 351 488 414 poenam
503 333 691 395 exclusionis
707 333 830 410 attinet,
847 335 959 412 regula
973 354 1070 414 genc-

44 435 114 496 ralis
136 439 189 494 est
210 431 474 508 moniales,.vota
488 431 642 493 solemnia
651 433 819 511 professas,
843 451 907 494 non
922 433 1070 513 expellis

45 551 96 594 suo
110 537 293 607 conventu,
311 531 454 611 quamvis
466 529 696 616 incorrigibiles
707 529 885 606 videantur,
900 532 976 612 quia
987 532 1067 612 peri·

46 630 252 693 culosissima
268 630 348 691 foret
368 629 490 709 ejectio,
508 634 540 690 et
554 628 709 689 scandalis
729 629 762 689 in
778 629 1001 691 detrimentum
1020 649 1070 692 rc-

46 727 169 807 ligionis
191 727 349 789 obnoxia.
374 727 484 788 Obstat
499 726 626 787 aliunde
641 727 693 786 lex
707 725 870 802 clausuras,
892 746 987 808 super
1008 747 1071 807 qua

47 846 100 888 nec
115 826 347 905 superiorissa,
364 843 421 886 nac
439 825 622 886 Ordinarius
643 825 706 886 loci
724 825 906 905 dispensare
926 825 1021 888 valet.
1038 826 1071 889 Si

47 931 149 986 tamcn
187 924 345 986 monialis
376 942 488 1003 pacem
526 923 661 986 coenobii
687 924 862 1004 perturbet,
888 925 1001 1005 sitque,
1030 925 1070 986 ob

49 1042 134 1084 suum
164 1023 291 1083 durum
319 1039 356 1084 ac
379 1021 612 1083 inemendabile
641 1021 821 1100 ingenium,
844 1022 1070 1102 impedimento

49 1121 219 1203 quominus
241 1120 407 1200 disciplina
429 1120 582 1198 regularis
602 1125 756 1196 servetur,
773 1139 936 1182 recurrere
955 1122 1003 1182 fas
1025 1126 1072 1181 est

51 1223 85 1282 ad
98 1223 260 1284 Sanctam
275 1220 399 1296 Sedcm,
417 1239 488 1299 quae
501 1238 565 1280 non
577 1219 698 1292 abnuit,
716 1219 901 1280 necessitate
913 1219 973 1280 rite
989 1238 1072 1281 cum-

49 1318 191 1398 probata,
210 1317 389 1378 concedere
401 1317 568 1378 facultates
582 1316 775 1378 necessarias
789 1316 830 1376 ad
844 1316 1071 1396 providendum

54 1416 211 1479 communi
232 1415 319 1478 bono
338 1415 523 1476 monasterii
541 1433 597 1496 per
618 1413 758 1475 monialis
776 1414 1070 1492 caculurttutt'oncm,

55 1533 111 1596 pua
133 1514 175 1575 sit
200 1513 268 1575 loco
291 1511 485 1594 expulsionis,
509 1518 545 1574 ut
566 1512 681 1574 dicitnr
700 1512 734 1573 in
757 1512 881 1574 indulto
906 1513 991 1593 quod
1014 1532 1072 1594 pro

57 1612 240 1692 hujusmodi
268 1630 364 1674 causa
387 1610 562 1672 obtinuita
583 1611 732 1690 Gregorio
756 1612 837 1688 xvi,
864 1630 947 1674 anno
977 1613 1069 1688 1841,

56 1711 228 1790 Episcopus
244 1710 279 1770 in
294 1709 471 1772 Germania.
489 1708 620 1772 Moniali
638 1708 745 1789 ejectas
760 1710 812 1770 le'x
830 1709 951 1772 indicta
964 1710 1024 1771 fuit
1039 1715 1073 1771 ut

57 1815 150 1870 vestes
163 1781 264 1870 suum
278 1813 395 1870 statum
409 1808 556 1869 decentes
566 1825 691 1887 semper
703 1812 817 1885 gestet3
831 1812 867 1869 ut
876 1827 947 1870 cum
961 1827 1075 1889 paren-

57 1907 134 1968 tibus
152 1912 384 1981 commoretur,
401 1911 457 1967 aut
475 1906 587 1967 saltem
607 1906 739 1966 domum
760 1906 918 1968 inhabitet
932 1907 972 1968 ab
988 1906 1075 1969 omni

60 2006 193 2084 periculo
218 2024 346 2067 morum
366 2010 487 2078 tutam;
512 2003 648 2083 denique
669 2008 705 2065 ut
720 2009 795 2065 vota
813 2003 937 2086 integra
959 2011 1071 2082 servet,

32 2120 35 2132 ·
61 2104 208 2166 castitatis
231 2123 357 2186 nempe,
382 2102 570 2165 obedientiae
589 2102 647 2163 sub
669 2101 857 2164 auctoritate
875 2103 1024 2184 Episcopi
1038 2123 1075 2165 ac

62 2202 186 2280 parochi
199 2202 377 2281 vigilantia,
391 2207 421 2263 et
433 2200 630 2282 paupertatis
645 2206 800 2280 quantum
813 2201 887 2263 sinit
901 2207 1002 2263 status
1016 2201 1076 2263 vir·

64 2300 135 2376 ginis
149 2301 184 2362 in
197 2301 317 2364 sacculo
330 2299 482 2379 degentis.

115 2401 263 2461 Potestas
273 2397 554 2459 administrationis
568 2398 684 2460 suflicit
694 2398 734 2460 ad
745 2403 862 2460 statum
874 2399 1073 2478 religiosum

65 2513 97 2556 ea
109 2497 193 2558 enim
209 2497 400 2560 auctoritate
411 2495 531 2556 sullulti
540 2496 719 2578 superiores
730 2497 839 2558 valant
852 2497 1077 2560 convenienter

66 2611 166 2672 regere
182 2614 275 2657 suam
288 2593 560 2669 communitatem,
576 2599 608 2654 et
620 2594 752 2674 singulis
767 2596 940 2675 precipere
950 2613 1020 2676 quas
1036 2596 1076 2658 ad

66 2690 153 2753 finem
176 2693 337 2756 intentum
360 2692 552 2755 conducunt.
579 2692 661 2754 Satis
682 2693 851 2754 verisimile
874 2700 920 2756 eat
934 2695 1076 2776 priorum

69 2792 241 2871 temporum
272 2791 472 2864 monasteria¹
495 2789 589 2851 fuisse
621 2790 766 2852 instituta
796 2792 915 2872 absque
947 2792 1077 2874 speciali

70 3004 159 3068 regulae
174 3006 428 3070 transgressionem,
443 3004 483 3054 uti
501 3017 594 3054 recens
612 3004 841 3057 animadvertebat
856 3007 881 3057 S.
899 3009 980 3072 cong.
996 3021 1077 3073 super

70 3081 299 3134 constitutionibus
313 3083 463 3130 conventus
477 3079 633 3129 Monialium
647 3081 796 3132 Germanice
813 3096 819 3131 :
835 3101 848 3127 α
863 3082 902 3132 Oh
915 3083 1016 3133 abusus
1031 3084 1077 3147 qni

72 3154 263 3220 «irrepserunt,
274 3157 305 3207 in
316 3169 444 3222 praesens,
456 3153 483 3206 S.
497 3155 524 3205 C.
539 3155 649 3206 minime
662 3157 731 3206 solat
742 3159 890 3221 approhare
902 3158 1077 3222 aperitionem

74 3233 258 3285 «conscientia
278 3231 478 3296 superiectum
498 3230 546 3281 sed
564 3233 670 3282 tantum
688 3233 853 3294 permittitur
871 3238 902 3284 nt
921 3247 1034 3296 sorores,
1056 3234 1079 3283 si

75 3307 180 3370 «uelint,
192 3309 311 3374 pandera
322 3308 426 3372 possint
439 3306 559 3357 delectus
569 3306 710 3370 inregulae
724 3309 907 3370 observantie,
916 3313 941 3359 at
951 3323 1077 3374 progres-

75 3393 150 3433 rsum
164 3385 253 3449 quoad
265 3385 409 3444 virtutem3
423 3383 455 3432 dc
468 3383 527 3432 aliis
542 3382 623 3443 anim,
637 3382 671 3431 ab
687 3383 725 3431 cis
739 3383 874 3448 agendum
890 3389 931 3436 cst
942 3397 1004 3436 cum
1016 3397 1078 3448 pro-

77 3456 147 3518 rprio
167 3461 341 3512 conlassarin.
359 3479 371 3504 ι»
385 3461 415 3510 ln
432 3459 492 3508 aliis
512 3457 791 3508 animadversionibus
811 3465 934 3512 notatum
952 3460 1079 3512 osthane

78 3534 238 3592 aperitionem
250 3535 421 3587 conscientie
436 3533 493 3584 fleri
506 3533 604 3584 debore
618 3545 673 3583 non
685 3532 839 3599 obliputomc
854 3538 901 3588 scd
915 3535 1078 3600 sacellarios,

78 3609 100 3653 ct
118 3621 167 3660 non
190 3612 294 3664 admitti
316 3611 559 3664 manifestationem
581 3609 753 3660 conscientia
777 3611 874 3663 iactam
897 3611 1079 3676 superiorissce

80 3694 119 3742 pu
129 3687 273 3748 epistolam.
339 3743 342 3751 Α
