2632 4260
193 226 228 294 ιο
464 243 466 248 ·
518 233 592 288 rens
611 233 646 286 11.
666 233 705 286 ou
726 231 881 287 ιιιιιιιι.

190 349 308 426 tureis,
324 351 380 414 sed
395 350 632 426 secundarium,
646 369 711 413 nou
726 349 907 430 ahsolutum
925 367 933 412 ε
950 367 1048 428 porro
1061 349 1127 431 juri
1146 369 1204 416 ua·

191 448 288 510 turali
314 449 501 512 secundario
523 449 677 529 derogare
699 450 745 512 fas
762 455 813 511 est
838 447 966 528 quande
995 454 1097 512 cesset
1120 450 1206 512 iliius

190 547 284 626 ratio,
308 552 341 608 et
362 547 457 610 etiam
472 547 602 628 quando
624 548 657 610 in
676 548 825 611 conflictu
846 552 990 612 versatur
1008 565 1081 610 eum
1103 547 1205 609 altero

185 643 258 723 jure
280 645 429 719 naturali,
452 651 507 708 aut
527 645 645 720 divine,
672 645 876 727 praestante.
900 647 945 706 Re
964 644 1093 725 quidem
1114 663 1205 720 vera,

186 743 241 822 jus
262 742 301 804 de
322 760 385 822 quc
400 743 525 822 agimus
544 744 711 807 ordinetur
729 744 770 805 ad
789 744 909 806 honum
928 742 1074 808 naturale
1089 759 1208 823 puere-

191 860 273 916 rum,
293 839 328 901 in
350 859 425 902 casu
447 847 555 904 autem
582 842 732 924 praesenti
752 841 850 904 estin
871 841 1018 906 conflictu
1043 860 1115 904 oum
1134 841 1208 922 jure

190 939 297 1002 divino
315 938 401 1020 quod
414 945 501 1005 vetat
519 959 560 1004 ne
573 959 653 1021 puer
672 938 778 1019 gratia
792 939 912 1002 caelesti
928 947 1143 1019 regeneratus,
1159 958 1208 1000 ro-

191 1043 317 1100 maneat
327 1038 385 1098 sub
398 1055 475 1102 cura
486 1037 847 1130 parentuminfidelium
862 1056 935 1101 oum
947 1037 1090 1117 periculo
1103 1056 1209 1100 mora·

178 1115 263 1199 ‘liter
283 1142 369 1198 certo
387 1137 620 1217 profanationis
641 1137 831 1201 sacramenti
852 1141 885 1200 et
902 1137 1084 1206 detrimenti
1100 1155 1208 1217 supcr-
1255 1133 1257 1138 ’

190 1235 344 1296 naturalis
365 1235 497 1311 animm
519 1255 596 1316 ergo
616 1235 775 1296 neminem
797 1234 957 1298 offendere
969 1235 1071 1298 dehet
1090 1235 1208 1313 agendi

191 1333 273 1394 ratio
293 1334 456 1409 Ecclesia,
472 1334 500 1396 si
511 1333 632 1414 judicet
645 1324 792 1412 puerum,
808 1333 841 1394 in
858 1333 915 1396 tati
933 1333 1076 1418 periculo
1096 1334 1211 1397 consti-

190 1437 306 1506 tutum,
331 1431 574 1495 subducendum
599 1433 667 1494 fora
687 1431 910 1510 perentibus...
932 1431 971 1494 et
989 1449 1076 1505 vero,
1096 1445 1208 1495 omnes

189 1530 390 1592 consentiunt
400 1530 551 1610 parvulos
559 1529 645 1592 licite
656 1547 747 1608 posse
758 1528 892 1594 subduci
902 1535 1043 1608 paternae
1056 1529 1209 1610 potestati

94 1627 96 1631 ⁴
191 1628 320 1707 quando
333 1628 368 1690 id
378 1627 591 1692 necessarium
598 1627 762 1708 judicatur
777 1628 819 1689 ad
829 1627 1081 1691 subtrahendum
1094 1645 1210 1707 pervu-

190 1725 256 1788 lum
267 1726 407 1805 periculo
415 1725 604 1801 imminenti,
618 1744 674 1788 seu
685 1726 757 1788 vitae
767 1738 823 1788 seu
832 1725 1069 1805 depravationis
1081 1742 1208 1788 morum

191 1841 231 1884 ex
255 1829 346 1904 parte
370 1823 543 1904 impiorum
571 1828 756 1904 parentum3
788 1842 864 1903 ergo
893 1837 933 1886 ca
958 1824 1101 1889 omnium
1131 1839 1209 1889 eon*-

98 1939 102 1950 ’
191 1940 284 1984 sensu
296 1921 350 2002 jus
369 1927 539 2002 paternum
551 1921 585 1986 in
600 1923 684 1986 filios
701 1940 766 1986 non
786 1921 1031 1990 est'absolutum
1053 1923 1109 1986 sed
1126 1922 1222 1988 lint,

190 2026 304 2082 tatum.
980 2049 981 2052 ¹

250 2121 311 2180 Res
331 2119 506 2182 evidentior
529 2119 645 2194 evadit,
669 2119 696 2180 si
713 2125 829 2198 agatur
851 2120 891 2182 de
914 2121 1047 2200 parvulo
1067 2120 1206 2182 habente

189 2221 283 2280 usum
310 2218 452 2298 rationis,
486 2219 542 2300 qui
566 2218 744 2280 deciduam
779 2218 984 2280 christianam
1012 2220 1208 2282 sufficienter

189 2318 331 2393 edoctus,
348 2318 450 2386 libera
459 2318 624 2380 voluntate
631 2317 830 2396 Baptismum
845 2317 984 2398 suscipit,
1000 2324 1033 2380 et
1045 2319 1086 2381 ad
1100 2318 1207 2380 Eccle-

190 2413 270 2476 siam
287 2417 429 2494 confugit
447 2421 482 2477 ut
495 2434 527 2476 se
541 2415 641 2494 ipsius
655 2413 805 2494 preesidio
819 2417 940 2476 tutetur
958 2421 1070 2478 contra
1085 2416 1208 2496 pericu·

188 2511 254 2572 lum
269 2513 519 2575 conversationis
534 2518 688 2592 paterna,
705 2517 737 2574 et
751 2517 863 2574 contra
875 2518 961 2575 artes
975 2515 1089 2594 quihus
1107 2515 1204 2578 elide

188 2609 360 2673 christiane
380 2617 527 2692 parentes
547 2611 743 2672 eniterentur
760 2629 835 2672 eum
854 2612 1027 2676 retrahere.
1048 2613 1135 2676 Licet
1148 2612 1203 2674 iile

188 2708 339 2789 parvulus
359 2710 501 2787 indigeat
525 2727 602 2770 eura
631 2714 800 2789 pareutum
827 2714 859 2771 et
879 2710 1207 2790 regulariterdeheat

189 2827 261 2870 cum
277 2808 321 2868 eis
337 2807 467 2879 morari,
483 2805 691 2869 nihilominus
702 2807 758 2887 jus
773 2813 895 2870 certum
911 2808 1009 2870 habet
1030 2825 1094 2870 suae
1110 2809 1206 2870 saluti

189 2905 384 2982 consulendi,
408 2905 583 2968 descrendo
604 2907 734 2967 domum
751 2911 936 2987 paternam3
953 2917 1100 2988 quantem
1119 2907 1205 2968 enim

189 3004 230 3064 od
240 3021 276 3064 eo
289 3021 356 3084 quae
375 3013 445 3064 sunt
456 3003 544 3084 juris
562 3002 671 3078 divini,
692 3003 801 3084 incipit
819 3023 880 3064 eeu
901 3022 962 3066 case
980 3004 1148 3086 potestatis
1171 3011 1206 3066 ut
1282 3041 1285 3049 ·

188 3101 292 3162 verbis
304 3106 433 3162 utamur
445 3101 546 3162 sancti
563 3102 705 3164 Thomas.
722 3103 786 3163 Lex
801 3101 909 3163 divina
920 3102 1072 3182 Baptismi
1082 3107 1114 3163 et
1127 3102 1207 3162 obli-

188 3200 273 3278 gatio
287 3199 393 3260 media
410 3199 520 3261 salutis
535 3204 663 3262 aterna
677 3199 821 3262 efficacia
835 3199 1008 3260 adhibendi
1027 3206 1138 3261 eontra
1151 3218 1205 3279 pe-

188 3298 289 3358 ricula
312 3297 534 3378 perversioris,
558 3298 743 3377 neutiquam
767 3298 914 3377 pendent.
928 3316 949 3358 a
968 3297 1038 3376 lege
1061 3297 1203 3360 humana

188 3414 258 3474 quae
274 3401 401 3457 aetatem
416 3393 610 3460 minoritatis
624 3401 656 3455 ct
671 3395 862 3474 majoritatis
876 3395 1059 3474 praefinivit.
1112 3397 1113 3400 ’

248 3493 294 3552 iix
313 3493 506 3570 argumentis
522 3492 677 3566 adductis,
695 3491 809 3571 quibus
825 3492 897 3554 addi
913 3498 1019 3573 potest
1031 3493 1205 3558 auotoritas

189 3635 349 3697 consideret,
363 3634 393 3686 io
402 3633 455 3698 fide
465 3633 621 3698 profitico&
630 3646 687 3688 uon
699 3634 773 3687 euim
786 3635 815 3686 in
830 3635 882 3688 fide
892 3635 1020 3700 proficere
1038 3641 1135 3702 potest,
1149 3640 1202 3688 uisi

190 3711 328 3776 quiddam
341 3710 398 3774 jam
412 3711 536 3774 suscepit.
552 3728 567 3763 n
581 3709 699 3764 Gaoeoca
714 3709 1027 3776 arctissimarum.
1041 3727 1105 3768 ιιιι.
1123 3761 1126 3767 .
