2642 4270
225 259 292 306 aar.
313 258 359 305 111.
381 257 615 306 loulutsrntrlu
636 256 776 304 aaronita
795 257 949 304 uccuuslu.
1042 251 1093 304 587

144 375 215 437 634.
229 409 269 419 -
281 372 452 453 Budpetam
464 379 667 452 nuncupatur
685 378 785 434 status
798 373 980 434 reddituum
995 375 1096 453 perci·

81 473 270 553 piendorum
290 477 322 534 et
342 489 562 550 expensarum,
587 490 644 550 per
665 471 834 532 decursum
856 471 931 532 anni
954 472 1099 551 proxime

81 570 256 651 sequentis,

143 671 185 731 Ut
203 673 402 747 praeparetur
426 666 613 744 budgetum‚
644 666 808 726 Paroehus
831 666 925 726 debet
950 666 1100 727 exhibere

80 766 217 844 collegio
230 765 365 826 indicem
379 765 411 824 in
428 784 492 844 quo
505 769 706 844 exponantur
719 759 904 842 singulatim
918 783 1028 824 omnes
1042 783 1097 824 ex·

81 881 190 944 pensae
211 882 290 943 quas
311 863 503 924 necessarias
521 867 648 940 reputat
667 880 724 941 pro
749 881 807 923 usu
828 862 1025 940 quotidiano,
1042 880 1098 941 pro

81 960 320 1024 conservatione
347 961 523 1034 mobilium,
555 965 586 1020 et
612 979 768 1020 novorum
798 959 1004 1038 acquisitione
1030 959 1100 1020 loco

81 1059 226 1139 priorum
242 1077 312 1138 quae
328 1058 560 1119 obsoleverunt.
576 1060 635 1119 Eas
649 1063 696 1119 est
709 1057 804 1118 ctiam
818 1057 940 1118 caeteris
953 1057 1101 1117 matricu-

81 1158 170 1218 lariis
181 1175 360 1236 proponere
372 1175 443 1236 quae
452 1163 634 1236 opportuna
643 1156 720 1235 ipsis
731 1156 888 1217 videntur.
902 1158 975 1216 Haec
986 1162 1100 1215 cuneta

80 1255 236 1334 expendit
247 1260 393 1316 accurate
406 1252 589 1332 collegium,
604 1259 645 1327 et,
661 1271 734 1314 cum
747 1254 885 1332 probata
898 1258 983 1326 sunt,
1000 1271 1099 1313 seere-

81 1351 183 1414 tbrius
196 1354 229 1413 in
239 1353 364 1413 tabulas
375 1351 530 1425 inscribit,
545 1352 715 1412 indicando
728 1370 768 1412 ex
780 1371 844 1411 una
856 1357 946 1431 parte
957 1350 1100 1411 redditus

83 1451 140 1530 qui
153 1455 320 1529 sperantur
334 1450 503 1510 obventuri
517 1450 645 1509 fabricae
661 1467 718 1528 per
729 1449 804 1508 anni
820 1449 997 1521 decursum,
1016 1453 1047 1507 et
1061 1467 1100 1508 ex

2 1541 7 1556 ’
82 1548 186 1610 altere
199 1552 288 1626 parte
300 1565 464 1625 expensas,
483 1565 561 1626 quas
572 1547 682 1606 ordine
695 1547 901 1626 subsequenti
915 1545 1101 1624 consignan-

83 1647 141 1706 das
158 1645 210 1706 lex
226 1644 347 1706 censuit
361 1664 368 1706 :
389 1669 404 1699 «
418 1646 449 1703 1ο
462 1646 519 1728 Les
532 1644 607 1704 frais
619 1643 795 1704 ordinaires
810 1645 848 1704 de
863 1642 896 1703 la
909 1642 1100 1703 celebration

88 1765 104 1801 u
118 1743 162 1804 du
177 1742 278 1816 culte;
296 1744 328 1802 2⁰
341 1741 385 1802 les
400 1742 474 1802 freis
489 1741 528 1802 de
540 1741 724 1824 separation
737 1741 791 1801 des
802 1747 992 1816 oruements,
1010 1759 1099 1802 meu·

70 1844 102 1897 '«
117 1841 184 1902 bles
200 1846 232 1901 et
246 1840 411 1901 ustensiles
422 1840 462 1900 de
473 1838 611 1917 l'eglise;
628 1840 660 1898 3⁰
675 1837 720 1900 les
736 1856 832 1917 gages
848 1839 902 1898 des
923 1838 1058 1898 oificiers
1070 1844 1100 1898 et
1190 1917 1191 1920 Ἴ

86 1961 102 1996 «
118 1937 285 2000 serviteurs
296 1938 334 1999 de
344 1937 463 2015 l’eglise
473 1956 480 2011 3
492 1940 525 1996 4⁰
536 1937 580 1997 les
590 1937 665 1998 freis
676 1937 715 1997 de
725 1936 922 2015 reparatione
935 1935 1097 1997 locatires.

88 2061 103 2091 «
118 2037 162 2098 La
178 2036 306 2114 portion
325 2035 379 2096 des
395 2053 527 2095 revenus
545 2035 599 2114 qui
613 2039 732 2096 restera
752 2037 845 2113 apres
861 2039 942 2094 cette
958 2034 1095 2112 depense

87 2159 102 2188 «
116 2134 275 2213 acquittte
288 2133 406 2194 servire
417 2152 457 2194 au
469 2133 651 2192 traitement
661 2132 716 2192 des
726 2131 858 2192 vieairea
870 2131 1100 2210 legitimameut
1147 2193 1149 2198 ,

87 2254 99 2286 ι
119 2231 242 2305 etablis,
255 2235 286 2292 et
301 2231 489 2305 l’exce'dant,
503 2230 550 2290 s’il
564 2251 586 2311 y
600 2248 639 2289 en
655 2249 684 2306 a,
697 2248 768 2290 sera
778 2230 888 2290 affecta
902 2246 965 2288 aux
976 2245 1100 2305 grossas

84 2352 100 2384 a
117 2329 312 2408 reparations
327 2329 382 2389 des
396 2328 521 2390 edifices
533 2329 660 2389 affectes
675 2347 715 2388 au
731 2327 824 2388 culte.
842 2350 857 2382 u
877 2327 953 2407 (Art.
967 2329 1006 2386 lc
1020 2325 1100 2404 legis

83 2426 160 2486 anni
175 2424 285 2505 1809.)

144 2522 315 2584 Consilium
330 2523 458 2584 fabricae
473 2523 659 2600 budgetum,
680 2541 779 2602 opera
791 2520 917 2598 collegii
935 2537 1098 2599 praepara·

84 2626 162 2693 tum,
180 2620 342 2680 examinat
355 2638 391 2680 ac
402 2619 512 2681 statuit
520 2620 553 2678 in
564 2624 720 2681 conventu
737 2618 902 2679 dominicae
915 2617 948 2676 in
961 2615 1058 2690 Albis,
1069 2621 1100 2676 et

82 2718 196 2778 deinde
212 2718 253 2778 ad
269 2718 459 2796 Episcopum
475 2717 575 2777 defert
588 2723 623 2776 ut
637 2717 721 2776 illius
736 2717 924 2777 auctoritate
943 2714 1099 2793 approbe-

83 2821 150 2889 tur;
178 2816 353 2876 nonenim
380 2820 526 2875 censetur
552 2814 789 2892 obligatorium,
815 2832 874 2874 nec
904 2811 1100 2873 exsecutioni

83 2912 265 2988 mandatur,
282 2919 454 2991 antequam
482 2912 656 2991 Episcopus
670 2911 749 2971 illud
763 2909 954 2990 probaverit.
977 2909 1011 2972 Si
1024 2907 1099 2988 Epi-

83 3027 196 3089 scopus
216 3010 344 3088 jusserit
372 3009 610 3088 inscriptionem
628 3009 856 3088 impensarum,
871 3027 950 3087 quas
979 3005 1100 3066 fabrica

82 3107 371 3185 praetermittendas
385 3107 529 3185 duxerat,
547 3111 578 3166 et
594 3107 716 3166 fabrica
735 3106 864 3167 monitis
884 3123 921 3165 ac
941 3101 1100 3164 mandatis

81 3204 230 3284 Episcopi
247 3205 419 3277 adhereat,
440 3222 489 3264 res
504 3210 576 3266 acta
588 3205 657 3264 erit.
679 3204 712 3266 Si
729 3221 803 3264 vero
821 3203 942 3264 fabrica
960 3199 1098 3262 subscri-

82 3303 156 3362 bere
171 3303 375 3377 recusaverit,
393 3302 540 3382 Episcopi
553 3303 623 3379 erit,
641 3302 735 3362 simul
749 3308 780 3362 et
793 3299 934 3380 praefecti
949 3297 1097 3378 regionis

80 3417 211 3461 causam
225 3400 356 3460 desinire
373 3401 612 3461 communicatis
626 3400 708 3460 inter
718 3418 751 3460 se
762 3399 914 3474 consiliis;
932 3402 963 3457 et
978 3397 1010 3456 in
1025 3413 1099 3456 casu

83 3515 146 3576 quo
168 3515 232 3557 non
251 3497 284 3556 in
302 3498 388 3557 idem
403 3498 614 3572 consentiant,
634 3517 684 3559 res
702 3498 841 3558 defertur
859 3497 900 3556 ad
920 3494 1098 3554 ministrum

76 3595 238 3673 gubernii,
256 3595 460 3674 praepositum
474 3596 739 3658 administrationi
754 3594 922 3674 temporali
937 3592 1051 3654 cultus.

144 3693 275 3765 Quando
291 3693 431 3753 redditus
446 3694 606 3773 parochia
623 3695 761 3773 impares
778 3698 851 3754 sunt
870 3691 1029 3768 oneribus,
1047 3709 1098 3754 re·
