2588 4276
255 277 323 324 All'l'.
345 275 366 324 1.
387 273 476 324 osteo
495 273 633 324 odoinus
653 274 888 324 neutulosonttrt.
1029 267 1094 323 Μ·

61 440 63 444 ,
116 395 191 454 uuo
206 393 302 471 igitur
319 393 407 453 incre
426 391 527 452 sancti
545 391 713 469 Augustini
733 391 878 454 instituta
894 391 1079 472 regularia:

56 509 161 552 unum
176 489 262 570 quod
274 490 371 552 vitam
385 489 665 569 contemplativam
680 509 699 551 a
713 489 797 550 curis
812 490 920 552 saculi
940 490 1077 552 alienam

56 587 290 668 profitebatur;
308 587 443 648 alterum
458 604 532 648 vero
548 586 668 649 clericis
678 586 842 667 proprium
855 587 910 666 qui
921 587 955 648 in
967 587 1079 648 eadem

57 684 662 764 societateadunatisublegecestitatis,
675 685 881 764 paupertatis,
897 689 993 764 atque
1003 685 1080 746 obe·

58 783 188 844 dientiae
207 802 284 864 erga
297 783 465 862 praelatum
484 801 589 853 suum,
609 781 707 844 sacris
726 781 909 844 ministeriis
932 781 1080 844 Ecclesia

59 899 176 962 operas
186 882 317 943 dabant.
331 881 435 942 Priori
446 880 591 943 instituto
605 881 732 960 regulas
747 880 835 941 dedit
845 897 916 960 quaa
929 881 1080 958 leguntur

57 980 91 1041 iu
110 980 246 1058 epistola
265 995 345 1042 cars·
366 979 468 1041 sancti
483 977 633 1054 doctoris,
651 983 683 1040 et
696 983 780 1053 sunt,
802 978 913 1058 paucis
935 977 1079 1050 mutatis,
1187 973 1190 978 ’

60 1095 247 1138 communes
263 1076 337 1138 viris
350 1081 381 1138 el
394 1075 531 1138 foeminis
548 1093 555 1138 :
574 1093 649 1137 nam
664 1081 695 1137 et
708 1076 849 1137 virorum
865 1081 897 1136 et
909 1075 1080 1142 mulierum

59 1175 94 1235 in
114 1168 242 1236 civitate
262 1173 669 1255 Hipponensirnonasteria
688 1173 803 1244 crexit,
825 1177 903 1234 teste
923 1172 1077 1236 Possidio,

62 1271 191 1334 Clericis
205 1287 311 1334 'secum
326 1271 523 1334 morantibus
535 1271 664 1349 regulas
674 1270 808 1350 scriptas
829 1289 893 1332 nen
910 1269 1009 1344 dedit,
1023 1270 1079 1330 sed

64 1369 281 1430 observantias
293 1369 443 1430 diuturna
452 1369 544 1448 praxi
556 1367 770 1442 confirmatas,
789 1369 829 1430 de
849 1368 964 1447 quibus
983 1367 1081 1428 etiam

64 1467 142 1528 duos
153 1485 316 1528 sermones
329 1466 371 1528 sd
385 1485 478 1527 suum
493 1467 614 1528 ciorum
629 1465 752 1544 habuit,
769 1481 857 1528 eoenv
871 1470 904 1526 et
917 1481 1029 1538 eccovr,
1044 1463 1082 1526 de

71 1563 136 1626 Vtra
150 1573 180 1626 et
194 1563 329 1626 Moribus
343 1563 531 1625 clericerum.

121 1663 244 1737 Plures,
260 1663 301 1724 ab
315 1681 354 1724 ea
367 1667 473 1738 atate,
488 1667 522 1723 el
537 1662 690 1734 fortassis,
707 1666 743 1723 ut
758 1661 948 1742 quibusdam
962 1661 1080 1740 placet,

67 1742 85 1821 a
107 1760 360 1840 praecedentibus
385 1760 527 1837 suculis,
552 1760 697 1822 formata
722 1765 796 1820 eunt
821 1760 1083 1839 congregationes

68 1859 251 1920 olorinorum
273 1859 332 1918 sub
352 1859 465 1920 eodem
486 1856 651 1936 regimine.
676 1859 833 1918 incertum
855 1862 962 1918 autem
991 1856 1084 1918 nobis

68 1961 111 2016 est
123 1961 234 2016 utrum
246 1955 492 2016 communitates
498 1954 771 2016 illae-clericorum
786 1955 950 2016 recensita
964 1955 1083 2016 fuerint

67 2053 145 2114 inter
170 2053 299 2114 ordines
319 2053 484 2133 religiosos
505 2051 634 2132 proprio
653 2052 766 2127 dictos,
787 2059 960 2136 antequam
982 2052 1083 2115 sancti

68 2151 227 2230 presules,
244 2170 280 2212 ac
293 2150 469 2230 prasertim
485 2151 538 2213 SS.
561 2149 730 2211 Pontifices
749 2150 1007 2212 reformationem
1027 2168 1081 2211 or-

68 2249 145 2309 dinis
157 2248 311 2310 clericalis
326 2248 560 2329 aggredientes,
574 2247 647 2309 illas
662 2247 811 2308 constitui
825 2247 1004 2308 curaverint
1022 2247 1081 2308 sub

68 2345 175 2424 regula
189 2345 291 2408 sancti
304 2346 482 2424 Augustini,
499 2345 621 2408 amanlis
635 2350 714 2407 xr‘et
728 2361 789 2420 xu3
807 2361 846 2406 ex
862 2363 924 2424 quo
940 2351 1084 2423 tempore

69 2443 169 2506 clerim
192 2443 292 2504 vitam
318 2443 500 2522 religiosam
522 2443 656 2522 professi
680 2443 891 2504 communiter
912 2442 988 2503 dicti
1009 2447 1083 2504 sunt

71 2539 215 2602 Canonim'
235 2541 391 2622 reputares
416 2539 531 2602 ordt‘m's
552 2540 650 2602 sancti
679 2539 854 2620 Augustini.
881 2541 1083 2620 Pracipuum

69 2639 167 2700 locum
187 2645 357 2719 occupant,
374 2640 407 2700 in
420 2639 483 2701 hac
503 2639 667 2719 religione,
685 2639 832 2702 canonici
846 2638 1007 2718 regulares
1021 2639 1081 2701 nc·

70 2737 166 2799 clesiae
192 2738 425 2800 Lataranensis.
454 2737 626 2817 Regulsres
652 2737 772 2798 ordinis
795 2738 1081 2800 Pramonstraten·

70 2833 156 2908 sium,
173 2854 194 2896 a
208 2839 319 2896 saneto
330 2835 485 2896 Norberlo
499 2835 633 2897 instituti
650 2834 748 2914 (anno
767 2833 870 2916 1120),
887 2835 970 2896 inter
983 2851 1082 2897 cauo·

71 2931 152 2993 nicos
167 2932 266 2993 etiam
280 2933 312 2992 S.
329 2932 499 3012 Augustini
513 2938 727 2994 recensentur.

124 3031 198 3092 433.
215 3054 256 3076 -·—
272 3031 328 3093 111.
342 3033 369 3091 A
383 3030 501 3092 saeculo
515 3042 587 3092 x111⁰
600 3030 674 3094 noti
685 3030 823 3104 ordines,
837 3031 902 3092 Deo
916 3031 960 3090 sic
974 3029 1083 3110 prosi-

75 3206 195 3260 «habere
204 3207 307 3270 aliquid
315 3207 486 3273 proprium...
508 3207 578 3272 Ergo
590 3207 702 3274 clericus
712 3207 849 3272 professus
856 3210 895 3258 est
907 3207 1084 3268 sanctitatem,

73 3283 229 3346 cprcfessns
243 3289 284 3334 est
299 3284 479 3334 communiter
494 3283 602 3334 vivendi
615 3283 798 3334 societatem...
815 3285 860 3346 qui
875 3283 927 3332 hoc
941 3295 997 3330 non
1011 3280 1083 3343 vult,

74 3357 192 3409 shabeat
205 3359 368 3422 libertatem
381 3359 429 3409 sed
439 3359 528 3409 videat
543 3362 633 3409 utrum
645 3358 743 3409 habere
758 3359 841 3421 possit
857 3357 993 3407 felicitatis
1005 3359 1082 3406 ueter-

14 3459 15 3486 t
74 3433 213 3484 «mamm,
229 3453 241 3478 n
258 3435 362 3499 (Sermo
375 3447 465 3496 eccur,
481 3434 548 3484 alias
561 3436 640 3498 rurs.)
652 3435 678 3485 S.
697 3434 864 3498 Augustinus
881 3435 1010 3482 statueret
1022 3431 1083 3481 nuf-

14 3511 15 3536 ³
74 3507 123 3558 lum
131 3510 259 3560 clericum
270 3510 394 3560 ordinare
403 3511 511 3574 nisiqui
520 3511 698 3562 velietvivere
709 3524 763 3560 una
771 3523 831 3560 cum
844 3509 977 3570 Episcopo
985 3509 1012 3556 et
1023 3505 1085 3556 aliis

14 3583 15 3614 l
76 3580 178 3643 clericis;
192 3589 287 3648 postea
300 3589 391 3635 autem
406 3588 509 3636 mutato
523 3585 635 3636 consilio
650 3585 787 3638 consensit
801 3587 831 3632 ut
845 3583 959 3656 liberum
968 3580 1033 3646 ipsis
1042 3580 1085 3631 fc·

14 3685 15 3696 ,
76 3661 112 3707 ret
125 3673 222 3710 rovere
236 3665 422 3724 paupertatem
443 3666 470 3711 et
484 3661 707 3712 obedientiarum
724 3660 850 3710 societate
868 3657 1021 3719 communi;
1037 3658 1085 3707 sut

77 3743 205 3786 remanere
218 3736 291 3786 solos
306 3737 333 3786 iu
349 3737 458 3798 monle,
470 3736 596 3802 periculis
610 3735 705 3787 mundi
720 3735 862 3788 obnoxios.
