<?xml version="1.0" encoding="UTF-8"?>
<!DOCTYPE html PUBLIC "-//W3C//DTD XHTML 1.0 Transitional//EN"
    "http://www.w3.org/TR/xhtml1/DTD/xhtml1-transitional.dtd">
<html xmlns="http://www.w3.org/1999/xhtml" xml:lang="en" lang="en">
 <head>
  <title>
</title>
<meta http-equiv="Content-Type" content="text/html;charset=utf-8" />
  <meta name='ocr-system' content='tesseract 3.04.00' />
  <meta name='ocr-capabilities' content='ocr_page ocr_carea ocr_par ocr_line ocrx_word'/>
</head>
<body>
  <div class='ocr_page' id='page_1' title='image "./praelectionesju00murrgoog_0188.png"; bbox 0 0 2582 4278; ppageno 0'>
   <div class='ocr_carea' id='block_1_1' title="bbox 0 3382 4 4195">
    <p class='ocr_par' dir='ltr' id='par_1_1' title="bbox 0 3382 4 4195">
     <span class='ocr_line' id='line_1_1' title="bbox 0 3382 4 4195; baseline 0 0"><span class='ocrx_word' id='word_1_1' title='bbox 0 3382 4 4195; x_wconf 95' lang='lat' dir='ltr'><strong> </strong></span> 
     </span>
    </p>
   </div>
   <div class='ocr_carea' id='block_1_2' title="bbox 267 209 1053 302">
    <p class='ocr_par' dir='ltr' id='par_1_2' title="bbox 267 209 1053 302">
     <span class='ocr_line' id='line_1_2' title="bbox 267 209 1053 302; baseline -0.004 -2"><span class='ocrx_word' id='word_1_2' title='bbox 267 209 337 302; x_wconf 75' lang='lat' dir='ltr'><strong>aar.</strong></span> <span class='ocrx_word' id='word_1_3' title='bbox 358 253 400 300; x_wconf 85' lang='lat' dir='ltr'><strong>vr.</strong></span> <span class='ocrx_word' id='word_1_4' title='bbox 421 253 596 302; x_wconf 77' lang='lat' dir='ltr'><strong>curvamus</strong></span> <span class='ocrx_word' id='word_1_5' title='bbox 614 233 823 302; x_wconf 79' lang='lat' dir='ltr'><strong>brriruusms.</strong></span> <span class='ocrx_word' id='word_1_6' title='bbox 1002 243 1053 298; x_wconf 73' lang='grc' dir='ltr'><strong>ιιι</strong></span> 
     </span>
    </p>
   </div>
   <div class='ocr_carea' id='block_1_3' title="bbox 2 367 1114 3673">
    <p class='ocr_par' dir='ltr' id='par_1_3' title="bbox 41 367 1059 644">
     <span class='ocr_line' id='line_1_3' title="bbox 41 367 1059 450; baseline -0.004 -18"><span class='ocrx_word' id='word_1_7' title='bbox 41 369 256 450; x_wconf 77' lang='lat' dir='ltr'>subsequenti,</span> <span class='ocrx_word' id='word_1_8' title='bbox 274 369 402 431; x_wconf 87' lang='lat' dir='ltr'><strong>attentis</strong></span> <span class='ocrx_word' id='word_1_9' title='bbox 411 373 518 436; x_wconf 86' lang='lat' dir='ltr'><strong>tamen</strong></span> <span class='ocrx_word' id='word_1_10' title='bbox 533 368 788 445; x_wconf 72' lang='lat' dir='ltr'><strong>circumstantiis,</strong></span> <span class='ocrx_word' id='word_1_11' title='bbox 801 367 923 431; x_wconf 91' lang='lat' dir='ltr'><strong>scilicet</strong></span> <span class='ocrx_word' id='word_1_12' title='bbox 931 367 1059 430; x_wconf 84' lang='lat' dir='ltr'><strong>motivis</strong></span> 
     </span>
     <span class='ocr_line' id='line_1_4' title="bbox 42 466 1058 548; baseline 0 -20"><span class='ocrx_word' id='word_1_13' title='bbox 42 469 156 548; x_wconf 89' lang='lat' dir='ltr'><strong>quibus</strong></span> <span class='ocrx_word' id='word_1_14' title='bbox 170 468 274 548; x_wconf 87' lang='lat' dir='ltr'><strong>prima</strong></span> <span class='ocrx_word' id='word_1_15' title='bbox 294 468 432 546; x_wconf 73' lang='lat' dir='ltr'><strong>dignitas</strong></span> <span class='ocrx_word' id='word_1_16' title='bbox 451 466 578 528; x_wconf 83' lang='lat' dir='ltr'><strong>ducitur</strong></span> <span class='ocrx_word' id='word_1_17' title='bbox 598 468 639 528; x_wconf 88' lang='lat' dir='ltr'><strong>ad</strong></span> <span class='ocrx_word' id='word_1_18' title='bbox 653 467 924 545; x_wconf 77' lang='lat' dir='ltr'><strong>supersedendum</strong></span> <span class='ocrx_word' id='word_1_19' title='bbox 940 483 1058 528; x_wconf 88' lang='lat' dir='ltr'><strong>convo-</strong></span> 
     </span>
     <span class='ocr_line' id='line_1_5' title="bbox 42 564 314 644; baseline -0.004 -18"><span class='ocrx_word' id='word_1_20' title='bbox 42 565 159 626; x_wconf 88' lang='lat' dir='ltr'><strong>cationi</strong></span> <span class='ocrx_word' id='word_1_21' title='bbox 170 564 314 644; x_wconf 86' lang='lat' dir='ltr'><strong>capituli.</strong></span> 
     </span>
    </p>

    <p class='ocr_par' dir='ltr' id='par_1_4' title="bbox 2 660 1096 2209">
     <span class='ocr_line' id='line_1_6' title="bbox 97 660 1060 743; baseline 0 -21"><span class='ocrx_word' id='word_1_22' title='bbox 97 663 148 722; x_wconf 82' lang='lat' dir='ltr'><strong>An</strong></span> <span class='ocrx_word' id='word_1_23' title='bbox 170 662 351 741; x_wconf 86' lang='lat' dir='ltr'><strong>requiratur</strong></span> <span class='ocrx_word' id='word_1_24' title='bbox 370 661 490 741; x_wconf 79' lang='lat' dir='ltr'><strong>praevia</strong></span> <span class='ocrx_word' id='word_1_25' title='bbox 508 661 638 724; x_wconf 87' lang='lat' dir='ltr'><strong>licentia</strong></span> <span class='ocrx_word' id='word_1_26' title='bbox 655 660 804 743; x_wconf 84' lang='lat' dir='ltr'><strong>Episcopi</strong></span> <span class='ocrx_word' id='word_1_27' title='bbox 818 667 854 722; x_wconf 92' lang='lat' dir='ltr'><strong>ut</strong></span> <span class='ocrx_word' id='word_1_28' title='bbox 871 661 928 723; x_wconf 85' lang='lat' dir='ltr'><strong>liat</strong></span> <span class='ocrx_word' id='word_1_29' title='bbox 941 679 1060 723; x_wconf 91' lang='lat' dir='ltr'><strong>convo-</strong></span> 
     </span>
     <span class='ocr_line' id='line_1_7' title="bbox 44 759 1060 840; baseline -0.003 -18"><span class='ocrx_word' id='word_1_30' title='bbox 44 760 135 835; x_wconf 83' lang='lat' dir='ltr'><strong>catio,</strong></span> <span class='ocrx_word' id='word_1_31' title='bbox 161 778 226 821; x_wconf 90' lang='lat' dir='ltr'><strong>non</strong></span> <span class='ocrx_word' id='word_1_32' title='bbox 246 760 291 822; x_wconf 87' lang='lat' dir='ltr'><strong>ita</strong></span> <span class='ocrx_word' id='word_1_33' title='bbox 313 765 447 821; x_wconf 86' lang='lat' dir='ltr'><strong>constat.</strong></span> <span class='ocrx_word' id='word_1_34' title='bbox 472 759 535 821; x_wconf 84' lang='lat' dir='ltr'><strong>Alii</strong></span> <span class='ocrx_word' id='word_1_35' title='bbox 555 759 711 820; x_wconf 90' lang='lat' dir='ltr'><strong>sustinent</strong></span> <span class='ocrx_word' id='word_1_36' title='bbox 730 760 869 840; x_wconf 88' lang='lat' dir='ltr'><strong>capitulo</strong></span> <span class='ocrx_word' id='word_1_37' title='bbox 890 759 991 820; x_wconf 81' lang='lat' dir='ltr'><strong>inesse</strong></span> <span class='ocrx_word' id='word_1_38' title='bbox 1006 759 1060 839; x_wconf 83' lang='lat' dir='ltr'><strong>jus</strong></span> 
     </span>
     <span class='ocr_line' id='line_1_8' title="bbox 43 857 1061 938; baseline 0 -20"><span class='ocrx_word' id='word_1_39' title='bbox 43 857 207 938; x_wconf 88' lang='lat' dir='ltr'><strong>proprium</strong></span> <span class='ocrx_word' id='word_1_40' title='bbox 225 876 259 918; x_wconf 91' lang='lat' dir='ltr'><strong>se</strong></span> <span class='ocrx_word' id='word_1_41' title='bbox 282 857 483 918; x_wconf 80' lang='lat' dir='ltr'><strong>coadunandi</strong></span> <span class='ocrx_word' id='word_1_42' title='bbox 504 857 625 936; x_wconf 88' lang='lat' dir='ltr'><strong>absque</strong></span> <span class='ocrx_word' id='word_1_43' title='bbox 650 857 778 920; x_wconf 86' lang='lat' dir='ltr'><strong>licentia</strong></span> <span class='ocrx_word' id='word_1_44' title='bbox 800 857 958 937; x_wconf 82' lang='lat' dir='ltr'><strong>Episcopi,</strong></span> <span class='ocrx_word' id='word_1_45' title='bbox 977 862 1010 917; x_wconf 90' lang='lat' dir='ltr'><strong>et</strong></span> <span class='ocrx_word' id='word_1_46' title='bbox 1027 857 1061 918; x_wconf 90' lang='lat' dir='ltr'><strong>in</strong></span> 
     </span>
     <span class='ocr_line' id='line_1_9' title="bbox 45 949 1058 1034; baseline 0 -18"><span class='ocrx_word' id='word_1_47' title='bbox 45 972 104 1017; x_wconf 82' lang='lat' dir='ltr'><strong>suae</strong></span> <span class='ocrx_word' id='word_1_48' title='bbox 123 955 284 1034; x_wconf 89' lang='lat' dir='ltr'><strong>opinionis</strong></span> <span class='ocrx_word' id='word_1_49' title='bbox 305 954 517 1034; x_wconf 87' lang='lat' dir='ltr'><strong>patrocinium</strong></span> <span class='ocrx_word' id='word_1_50' title='bbox 540 954 689 1017; x_wconf 88' lang='lat' dir='ltr'><strong>invocant</strong></span> <span class='ocrx_word' id='word_1_51' title='bbox 718 953 888 1016; x_wconf 91' lang='lat' dir='ltr'><strong>nonnullas</strong></span> <span class='ocrx_word' id='word_1_52' title='bbox 913 949 1058 1016; x_wconf 87' lang='lat' dir='ltr'><strong>declara·</strong></span> 
     </span>
     <span class='ocr_line' id='line_1_10' title="bbox 45 1044 1061 1132; baseline 0 -19"><span class='ocrx_word' id='word_1_53' title='bbox 45 1053 144 1122; x_wconf 86' lang='lat' dir='ltr'><strong>tiones</strong></span> <span class='ocrx_word' id='word_1_54' title='bbox 164 1053 243 1115; x_wconf 91' lang='lat' dir='ltr'><strong>olim</strong></span> <span class='ocrx_word' id='word_1_55' title='bbox 262 1053 351 1114; x_wconf 86' lang='lat' dir='ltr'><strong>datas</strong></span> <span class='ocrx_word' id='word_1_56' title='bbox 366 1071 386 1114; x_wconf 89' lang='lat' dir='ltr'><strong>a</strong></span> <span class='ocrx_word' id='word_1_57' title='bbox 402 1054 435 1116; x_wconf 87' lang='lat' dir='ltr'><strong>S.</strong></span> <span class='ocrx_word' id='word_1_58' title='bbox 452 1052 703 1132; x_wconf 67' lang='lat' dir='ltr'><strong>congregatione</strong></span> <span class='ocrx_word' id='word_1_59' title='bbox 720 1051 861 1115; x_wconf 84' lang='lat' dir='ltr'><strong>Concilii.</strong></span> <span class='ocrx_word' id='word_1_60' title='bbox 882 1044 1061 1113; x_wconf 83' lang='lat' dir='ltr'><strong>Admittunt</strong></span> 
     </span>
     <span class='ocr_line' id='line_1_11' title="bbox 48 1148 1061 1231; baseline -0.003 -19"><span class='ocrx_word' id='word_1_61' title='bbox 48 1156 152 1212; x_wconf 67' lang='lat' dir='ltr'><strong>umen</strong></span> <span class='ocrx_word' id='word_1_62' title='bbox 176 1150 369 1230; x_wconf 83' lang='lat' dir='ltr'><strong>Episcopum</strong></span> <span class='ocrx_word' id='word_1_63' title='bbox 393 1168 497 1231; x_wconf 90' lang='lat' dir='ltr'><strong>posse,</strong></span> <span class='ocrx_word' id='word_1_64' title='bbox 523 1167 563 1210; x_wconf 85' lang='lat' dir='ltr'><strong>ex</strong></span> <span class='ocrx_word' id='word_1_65' title='bbox 585 1150 693 1230; x_wconf 88' lang='lat' dir='ltr'><strong>aliqua</strong></span> <span class='ocrx_word' id='word_1_66' title='bbox 716 1150 805 1228; x_wconf 90' lang='lat' dir='ltr'><strong>gravi</strong></span> <span class='ocrx_word' id='word_1_67' title='bbox 825 1154 859 1210; x_wconf 93' lang='lat' dir='ltr'><strong>et</strong></span> <span class='ocrx_word' id='word_1_68' title='bbox 879 1148 1061 1210; x_wconf 83' lang='lat' dir='ltr'><strong>rationabili</strong></span> 
     </span>
     <span class='ocr_line' id='line_1_12' title="bbox 5 1246 1061 1328; baseline -0.004 -18"><span class='ocrx_word' id='word_1_69' title='bbox 5 1279 6 1282; x_wconf 36' lang='lat'>¹</span> <span class='ocrx_word' id='word_1_70' title='bbox 48 1267 149 1322; x_wconf 86' lang='lat' dir='ltr'><strong>causa,</strong></span> <span class='ocrx_word' id='word_1_71' title='bbox 164 1247 336 1327; x_wconf 86' lang='lat' dir='ltr'><strong>aliquando</strong></span> <span class='ocrx_word' id='word_1_72' title='bbox 350 1248 544 1326; x_wconf 90' lang='lat' dir='ltr'><strong>suspendere</strong></span> <span class='ocrx_word' id='word_1_73' title='bbox 556 1247 787 1328; x_wconf 88' lang='lat' dir='ltr'><strong>velprobibere</strong></span> <span class='ocrx_word' id='word_1_74' title='bbox 800 1246 1061 1308; x_wconf 81' lang='lat' dir='ltr'><strong>convocationem</strong></span> 
     </span>
     <span class='ocr_line' id='line_1_13' title="bbox 48 1342 1062 1426; baseline -0.003 -20"><span class='ocrx_word' id='word_1_75' title='bbox 48 1342 186 1425; x_wconf 86' lang='lat' dir='ltr'><strong>capituli.</strong></span> <span class='ocrx_word' id='word_1_76' title='bbox 202 1345 316 1408; x_wconf 83' lang='lat' dir='ltr'><strong>Caeteri</strong></span> <span class='ocrx_word' id='word_1_77' title='bbox 329 1345 500 1406; x_wconf 72' lang='lat' dir='ltr'><strong>canonista</strong></span> <span class='ocrx_word' id='word_1_78' title='bbox 516 1350 635 1424; x_wconf 86' lang='lat' dir='ltr'><strong>negant</strong></span> <span class='ocrx_word' id='word_1_79' title='bbox 648 1345 710 1408; x_wconf 93' lang='lat' dir='ltr'><strong>hoc</strong></span> <span class='ocrx_word' id='word_1_80' title='bbox 720 1345 773 1426; x_wconf 87' lang='lat' dir='ltr'><strong>jus</strong></span> <span class='ocrx_word' id='word_1_81' title='bbox 785 1352 963 1424; x_wconf 86' lang='lat' dir='ltr'><strong>competere</strong></span> <span class='ocrx_word' id='word_1_82' title='bbox 978 1343 1062 1422; x_wconf 86' lang='lat' dir='ltr'><strong>capi·</strong></span> 
     </span>
     <span class='ocr_line' id='line_1_14' title="bbox 49 1441 1061 1514; baseline -0.001 -11"><span class='ocrx_word' id='word_1_83' title='bbox 49 1443 127 1514; x_wconf 84' lang='lat' dir='ltr'><strong>tulis,</strong></span> <span class='ocrx_word' id='word_1_84' title='bbox 152 1441 214 1503; x_wconf 90' lang='lat' dir='ltr'><strong>nisi</strong></span> <span class='ocrx_word' id='word_1_85' title='bbox 235 1442 400 1504; x_wconf 91' lang='lat' dir='ltr'><strong>inductum</strong></span> <span class='ocrx_word' id='word_1_86' title='bbox 420 1443 517 1503; x_wconf 87' lang='lat' dir='ltr'><strong>fuerit</strong></span> <span class='ocrx_word' id='word_1_87' title='bbox 540 1442 690 1505; x_wconf 87' lang='lat' dir='ltr'><strong>dlutuma</strong></span> <span class='ocrx_word' id='word_1_88' title='bbox 713 1441 949 1504; x_wconf 89' lang='lat' dir='ltr'><strong>consuetudine.</strong></span> <span class='ocrx_word' id='word_1_89' title='bbox 972 1443 1061 1502; x_wconf 88' lang='lat' dir='ltr'><strong>Hauc</strong></span> 
     </span>
     <span class='ocr_line' id='line_1_15' title="bbox 51 1537 1060 1602; baseline -0.003 -2"><span class='ocrx_word' id='word_1_90' title='bbox 51 1539 234 1601; x_wconf 85' lang='lat' dir='ltr'><strong>sententiam</strong></span> <span class='ocrx_word' id='word_1_91' title='bbox 254 1539 426 1602; x_wconf 83' lang='lat' dir='ltr'><strong>admissam</strong></span> <span class='ocrx_word' id='word_1_92' title='bbox 445 1539 545 1602; x_wconf 85' lang='lat' dir='ltr'><strong>fuisse</strong></span> <span class='ocrx_word' id='word_1_93' title='bbox 558 1559 578 1602; x_wconf 86' lang='lat' dir='ltr'><strong>a</strong></span> <span class='ocrx_word' id='word_1_94' title='bbox 592 1540 745 1602; x_wconf 88' lang='lat' dir='ltr'><strong>tribunali</strong></span> <span class='ocrx_word' id='word_1_95' title='bbox 765 1542 854 1602; x_wconf 86' lang='lat' dir='ltr'><strong>Rotae</strong></span> <span class='ocrx_word' id='word_1_96' title='bbox 872 1539 1007 1600; x_wconf 83' lang='lat' dir='ltr'><strong>refertur</strong></span> <span class='ocrx_word' id='word_1_97' title='bbox 1027 1537 1060 1598; x_wconf 94' lang='lat' dir='ltr'><strong>in</strong></span> 
     </span>
     <span class='ocr_line' id='line_1_16' title="bbox 51 1635 1061 1718; baseline -0.004 -18"><span class='ocrx_word' id='word_1_98' title='bbox 51 1653 141 1700; x_wconf 85' lang='lat' dir='ltr'><strong>causa</strong></span> <span class='ocrx_word' id='word_1_99' title='bbox 154 1637 320 1699; x_wconf 87' lang='lat' dir='ltr'><strong>condictus</strong></span> <span class='ocrx_word' id='word_1_100' title='bbox 340 1637 474 1716; x_wconf 86' lang='lat' dir='ltr'><strong>alicujus</strong></span> <span class='ocrx_word' id='word_1_101' title='bbox 493 1638 641 1718; x_wconf 89' lang='lat' dir='ltr'><strong>Episcopi</strong></span> <span class='ocrx_word' id='word_1_102' title='bbox 655 1656 726 1699; x_wconf 90' lang='lat' dir='ltr'><strong>cum</strong></span> <span class='ocrx_word' id='word_1_103' title='bbox 739 1655 796 1699; x_wconf 87' lang='lat' dir='ltr'><strong>suo</strong></span> <span class='ocrx_word' id='word_1_104' title='bbox 811 1635 961 1716; x_wconf 88' lang='lat' dir='ltr'><strong>capitulo.</strong></span> <span class='ocrx_word' id='word_1_105' title='bbox 978 1637 1061 1698; x_wconf 85' lang='lat' dir='ltr'><strong>Gen·</strong></span> 
     </span>
     <span class='ocr_line' id='line_1_17' title="bbox 50 1733 1059 1815; baseline -0.002 -19"><span class='ocrx_word' id='word_1_106' title='bbox 50 1737 109 1796; x_wconf 91' lang='lat' dir='ltr'><strong>suit</strong></span> <span class='ocrx_word' id='word_1_107' title='bbox 130 1735 282 1797; x_wconf 90' lang='lat' dir='ltr'><strong>nimirum</strong></span> <span class='ocrx_word' id='word_1_108' title='bbox 313 1736 585 1815; x_wconf 89' lang='lat' dir='ltr'><strong>pronuntiandum</strong></span> <span class='ocrx_word' id='word_1_109' title='bbox 607 1738 673 1800; x_wconf 82' lang='lat' dir='ltr'><strong>lore</strong></span> <span class='ocrx_word' id='word_1_110' title='bbox 697 1737 729 1798; x_wconf 91' lang='lat' dir='ltr'><strong>in</strong></span> <span class='ocrx_word' id='word_1_111' title='bbox 750 1737 891 1798; x_wconf 87' lang='lat' dir='ltr'><strong>favorem</strong></span> <span class='ocrx_word' id='word_1_112' title='bbox 916 1733 1059 1814; x_wconf 87' lang='lat' dir='ltr'><strong>capituli,</strong></span> 
     </span>
     <span class='ocr_line' id='line_1_18' title="bbox 3 1833 1060 1914; baseline -0.001 -19"><span class='ocrx_word' id='word_1_113' title='bbox 3 1901 4 1904; x_wconf 8' lang='grc' dir='ltr'><strong>Ἴ</strong></span> <span class='ocrx_word' id='word_1_114' title='bbox 53 1834 172 1913; x_wconf 88' lang='lat' dir='ltr'><strong>quando</strong></span> <span class='ocrx_word' id='word_1_115' title='bbox 180 1833 340 1896; x_wconf 87' lang='lat' dir='ltr'><strong>firmatam</strong></span> <span class='ocrx_word' id='word_1_116' title='bbox 353 1834 614 1896; x_wconf 87' lang='lat' dir='ltr'><strong>consuetudinem</strong></span> <span class='ocrx_word' id='word_1_117' title='bbox 624 1834 837 1914; x_wconf 78' lang='lat' dir='ltr'><strong>praetenditzu</strong></span> <span class='ocrx_word' id='word_1_118' title='bbox 847 1836 894 1894; x_wconf 82' lang='lat' dir='ltr'><strong>Ex</strong></span> <span class='ocrx_word' id='word_1_119' title='bbox 904 1833 1060 1894; x_wconf 89' lang='lat' dir='ltr'><strong>diametro</strong></span> 
     </span>
     <span class='ocr_line' id='line_1_19' title="bbox 54 1930 1060 2012; baseline 0.004 -24"><span class='ocrx_word' id='word_1_120' title='bbox 54 1956 70 1988; x_wconf 89' lang='lat'>«</span> <span class='ocrx_word' id='word_1_121' title='bbox 89 1937 202 2005; x_wconf 85' lang='lat' dir='ltr'><strong>autem,</strong></span> <span class='ocrx_word' id='word_1_122' title='bbox 221 1930 282 1992; x_wconf 91' lang='lat' dir='ltr'><strong>nisi</strong></span> <span class='ocrx_word' id='word_1_123' title='bbox 301 1937 426 1994; x_wconf 90' lang='lat' dir='ltr'><strong>constet</strong></span> <span class='ocrx_word' id='word_1_124' title='bbox 443 1933 483 1994; x_wconf 91' lang='lat' dir='ltr'><strong>de</strong></span> <span class='ocrx_word' id='word_1_125' title='bbox 495 1932 732 2007; x_wconf 84' lang='lat' dir='ltr'><strong>consuetudine,</strong></span> <span class='ocrx_word' id='word_1_126' title='bbox 749 1931 920 2012; x_wconf 89' lang='lat' dir='ltr'><strong>procedere</strong></span> <span class='ocrx_word' id='word_1_127' title='bbox 937 1930 1060 1993; x_wconf 90' lang='lat' dir='ltr'><strong>resolu-</strong></span> 
     </span>
     <span class='ocr_line' id='line_1_20' title="bbox 60 2029 1096 2110; baseline 0 -22"><span class='ocrx_word' id='word_1_128' title='bbox 60 2051 73 2088; x_wconf 82' lang='grc' dir='ltr'><strong>ι</strong></span> <span class='ocrx_word' id='word_1_129' title='bbox 92 2030 187 2090; x_wconf 89' lang='lat' dir='ltr'><strong>tiones</strong></span> <span class='ocrx_word' id='word_1_130' title='bbox 204 2029 248 2109; x_wconf 89' lang='lat' dir='ltr'><strong>(S.</strong></span> <span class='ocrx_word' id='word_1_131' title='bbox 265 2029 536 2108; x_wconf 89' lang='lat' dir='ltr'><strong>Congregationis)</strong></span> <span class='ocrx_word' id='word_1_132' title='bbox 552 2029 624 2109; x_wconf 81' lang='lat' dir='ltr'><strong>quae</strong></span> <span class='ocrx_word' id='word_1_133' title='bbox 640 2030 847 2110; x_wconf 89' lang='lat' dir='ltr'><strong>militantpro</strong></span> <span class='ocrx_word' id='word_1_134' title='bbox 862 2029 1057 2109; x_wconf 86' lang='lat' dir='ltr'><strong>Episcopo.»</strong></span> <span class='ocrx_word' id='word_1_135' title='bbox 1094 2082 1096 2088; x_wconf 90' lang='lat'>.</span> 
     </span>
     <span class='ocr_line' id='line_1_21' title="bbox 2 2126 1060 2209; baseline -0.003 -20"><span class='ocrx_word' id='word_1_136' title='bbox 2 2163 3 2166; x_wconf 61' lang='lat'><em>=</em></span> <span class='ocrx_word' id='word_1_137' title='bbox 56 2129 98 2189; x_wconf 89' lang='lat' dir='ltr'><strong>lta</strong></span> <span class='ocrx_word' id='word_1_138' title='bbox 114 2127 264 2202; x_wconf 88' lang='lat' dir='ltr'><strong>Barbosa,</strong></span> <span class='ocrx_word' id='word_1_139' title='bbox 288 2126 468 2209; x_wconf 84' lang='lat' dir='ltr'><strong>Pignatelli‚</strong></span> <span class='ocrx_word' id='word_1_140' title='bbox 492 2128 584 2190; x_wconf 79' lang='lat' dir='ltr'><strong>card.</strong></span> <span class='ocrx_word' id='word_1_141' title='bbox 608 2130 713 2202; x_wconf 84' lang='lat' dir='ltr'><strong>Petra,</strong></span> <span class='ocrx_word' id='word_1_142' title='bbox 738 2128 889 2200; x_wconf 85' lang='lat' dir='ltr'><strong>Ferraris,</strong></span> <span class='ocrx_word' id='word_1_143' title='bbox 909 2131 969 2190; x_wconf 91' lang='lat' dir='ltr'><strong>etc.</strong></span> <span class='ocrx_word' id='word_1_144' title='bbox 995 2147 1010 2184; x_wconf 83' lang='grc' dir='ltr'><strong>ι</strong></span> <span class='ocrx_word' id='word_1_145' title='bbox 1023 2127 1060 2186; x_wconf 93' lang='lat' dir='ltr'><strong>ln</strong></span> 
     </span>
    </p>

    <p class='ocr_par' dir='ltr' id='par_1_5' title="bbox 2 2223 1114 3673">
     <span class='ocr_line' id='line_1_22' title="bbox 59 2223 1060 2306; baseline 0.004 -26"><span class='ocrx_word' id='word_1_146' title='bbox 59 2223 144 2286; x_wconf 75' lang='lat' dir='ltr'><strong>«bac</strong></span> <span class='ocrx_word' id='word_1_147' title='bbox 167 2242 215 2297; x_wconf 88' lang='lat' dir='ltr'><strong>re,</strong></span> <span class='ocrx_word' id='word_1_148' title='bbox 240 2223 287 2285; x_wconf 91' lang='lat' dir='ltr'><strong>ait</strong></span> <span class='ocrx_word' id='word_1_149' title='bbox 308 2224 488 2304; x_wconf 85' lang='lat' dir='ltr'><strong>Pignalelli,</strong></span> <span class='ocrx_word' id='word_1_150' title='bbox 518 2225 609 2286; x_wconf 91' lang='lat' dir='ltr'><strong>video</strong></span> <span class='ocrx_word' id='word_1_151' title='bbox 634 2227 747 2306; x_wconf 79' lang='lat' dir='ltr'><strong>pers.</strong></span> <span class='ocrx_word' id='word_1_152' title='bbox 774 2224 1060 2304; x_wconf 78' lang='lat' dir='ltr'><strong>congregationem</strong></span> 
     </span>
     <span class='ocr_line' id='line_1_23' title="bbox 56 2315 1060 2404; baseline 0.004 -27"><span class='ocrx_word' id='word_1_153' title='bbox 56 2346 71 2378; x_wconf 86' lang='lat'>«</span> <span class='ocrx_word' id='word_1_154' title='bbox 88 2323 186 2402; x_wconf 85' lang='lat' dir='ltr'><strong>Episc.</strong></span> <span class='ocrx_word' id='word_1_155' title='bbox 203 2327 235 2382; x_wconf 92' lang='lat' dir='ltr'><strong>et</strong></span> <span class='ocrx_word' id='word_1_156' title='bbox 250 2322 363 2401; x_wconf 85' lang='lat' dir='ltr'><strong>Regnl.</strong></span> <span class='ocrx_word' id='word_1_157' title='bbox 379 2341 443 2384; x_wconf 91' lang='lat' dir='ltr'><strong>non</strong></span> <span class='ocrx_word' id='word_1_158' title='bbox 458 2323 578 2404; x_wconf 87' lang='lat' dir='ltr'><strong>requiri</strong></span> <span class='ocrx_word' id='word_1_159' title='bbox 593 2323 755 2385; x_wconf 89' lang='lat' dir='ltr'><strong>licentiam</strong></span> <span class='ocrx_word' id='word_1_160' title='bbox 769 2321 928 2402; x_wconf 87' lang='lat' dir='ltr'><strong>Episcopi,</strong></span> <span class='ocrx_word' id='word_1_161' title='bbox 942 2322 969 2382; x_wconf 92' lang='lat' dir='ltr'><strong>si</strong></span> <span class='ocrx_word' id='word_1_162' title='bbox 983 2315 1060 2382; x_wconf 88' lang='lat' dir='ltr'><strong>soli-</strong></span> 
     </span>
     <span class='ocr_line' id='line_1_24' title="bbox 59 2414 1114 2508; baseline 0.003 -32"><span class='ocrx_word' id='word_1_163' title='bbox 59 2442 71 2475; x_wconf 91' lang='lat'>«</span> <span class='ocrx_word' id='word_1_164' title='bbox 89 2424 152 2480; x_wconf 88' lang='lat' dir='ltr'><strong>turn</strong></span> <span class='ocrx_word' id='word_1_165' title='bbox 175 2419 217 2480; x_wconf 86' lang='lat' dir='ltr'><strong>sit</strong></span> <span class='ocrx_word' id='word_1_166' title='bbox 238 2419 304 2480; x_wconf 90' lang='lat' dir='ltr'><strong>sine</strong></span> <span class='ocrx_word' id='word_1_167' title='bbox 326 2438 419 2481; x_wconf 89' lang='lat' dir='ltr'><strong>ease</strong></span> <span class='ocrx_word' id='word_1_168' title='bbox 443 2438 646 2501; x_wconf 87' lang='lat' dir='ltr'><strong>congregare.</strong></span> <span class='ocrx_word' id='word_1_169' title='bbox 672 2423 755 2508; x_wconf 85' lang='lat' dir='ltr'><strong>Ergo</strong></span> <span class='ocrx_word' id='word_1_170' title='bbox 775 2439 792 2482; x_wconf 91' lang='lat' dir='ltr'><strong>e</strong></span> <span class='ocrx_word' id='word_1_171' title='bbox 814 2414 973 2481; x_wconf 86' lang='lat' dir='ltr'><strong>contrario</strong></span> <span class='ocrx_word' id='word_1_172' title='bbox 994 2437 1060 2480; x_wconf 89' lang='lat' dir='ltr'><strong>non</strong></span> <span class='ocrx_word' id='word_1_173' title='bbox 1112 2441 1114 2450; x_wconf 64' lang='grc'>’</span> 
     </span>
     <span class='ocr_line' id='line_1_25' title="bbox 55 2517 1060 2599; baseline 0.006 -27"><span class='ocrx_word' id='word_1_174' title='bbox 55 2541 70 2572; x_wconf 87' lang='lat'>«</span> <span class='ocrx_word' id='word_1_175' title='bbox 89 2517 159 2579; x_wconf 89' lang='lat' dir='ltr'><strong>licet</strong></span> <span class='ocrx_word' id='word_1_176' title='bbox 181 2535 215 2578; x_wconf 91' lang='lat' dir='ltr'><strong>se</strong></span> <span class='ocrx_word' id='word_1_177' title='bbox 243 2535 454 2597; x_wconf 85' lang='lat' dir='ltr'><strong>congregare,</strong></span> <span class='ocrx_word' id='word_1_178' title='bbox 479 2519 505 2579; x_wconf 92' lang='lat' dir='ltr'><strong>si</strong></span> <span class='ocrx_word' id='word_1_179' title='bbox 531 2537 595 2582; x_wconf 94' lang='lat' dir='ltr'><strong>non</strong></span> <span class='ocrx_word' id='word_1_180' title='bbox 624 2519 779 2599; x_wconf 85' lang='lat' dir='ltr'><strong>probetur</strong></span> <span class='ocrx_word' id='word_1_181' title='bbox 805 2517 971 2581; x_wconf 88' lang='lat' dir='ltr'><strong>solitum...</strong></span> <span class='ocrx_word' id='word_1_182' title='bbox 1004 2517 1060 2578; x_wconf 85' lang='lat' dir='ltr'><strong>Est</strong></span> 
     </span>
     <span class='ocr_line' id='line_1_26' title="bbox 59 2615 1061 2696; baseline -0.001 -20"><span class='ocrx_word' id='word_1_183' title='bbox 59 2639 71 2668; x_wconf 79' lang='grc' dir='ltr'><strong>ι</strong></span> <span class='ocrx_word' id='word_1_184' title='bbox 88 2616 195 2695; x_wconf 87' lang='lat' dir='ltr'><strong>regule</strong></span> <span class='ocrx_word' id='word_1_185' title='bbox 215 2620 329 2676; x_wconf 89' lang='lat' dir='ltr'><strong>utnon</strong></span> <span class='ocrx_word' id='word_1_186' title='bbox 350 2615 443 2688; x_wconf 82' lang='lat' dir='ltr'><strong>bosut</strong></span> <span class='ocrx_word' id='word_1_187' title='bbox 462 2615 603 2696; x_wconf 87' lang='lat' dir='ltr'><strong>collegiis</strong></span> <span class='ocrx_word' id='word_1_188' title='bbox 618 2623 650 2678; x_wconf 90' lang='lat' dir='ltr'><strong>et</strong></span> <span class='ocrx_word' id='word_1_189' title='bbox 664 2616 919 2679; x_wconf 88' lang='lat' dir='ltr'><strong>universitatibus</strong></span> <span class='ocrx_word' id='word_1_190' title='bbox 934 2633 967 2677; x_wconf 92' lang='lat' dir='ltr'><strong>se</strong></span> <span class='ocrx_word' id='word_1_191' title='bbox 984 2631 1061 2678; x_wconf 88' lang='lat' dir='ltr'><strong>con-</strong></span> 
     </span>
     <span class='ocr_line' id='line_1_27' title="bbox 60 2712 1058 2794; baseline 0.007 -24"><span class='ocrx_word' id='word_1_192' title='bbox 60 2733 72 2770; x_wconf 84' lang='grc' dir='ltr'><strong>ι</strong></span> <span class='ocrx_word' id='word_1_193' title='bbox 88 2731 217 2793; x_wconf 85' lang='lat' dir='ltr'><strong>gregare</strong></span> <span class='ocrx_word' id='word_1_194' title='bbox 227 2712 295 2774; x_wconf 87' lang='lat' dir='ltr'><strong>sine</strong></span> <span class='ocrx_word' id='word_1_195' title='bbox 306 2713 435 2776; x_wconf 85' lang='lat' dir='ltr'><strong>licentia</strong></span> <span class='ocrx_word' id='word_1_196' title='bbox 444 2714 624 2794; x_wconf 85' lang='lat' dir='ltr'><strong>superioris.</strong></span> <span class='ocrx_word' id='word_1_197' title='bbox 636 2739 652 2772; x_wconf 81' lang='lat' dir='ltr'><strong>n</strong></span> <span class='ocrx_word' id='word_1_198' title='bbox 666 2717 756 2778; x_wconf 83' lang='lat' dir='ltr'><strong>Tem.</strong></span> <span class='ocrx_word' id='word_1_199' title='bbox 769 2715 819 2789; x_wconf 87' lang='lat' dir='ltr'><strong>lv,</strong></span> <span class='ocrx_word' id='word_1_200' title='bbox 835 2712 968 2776; x_wconf 80' lang='lat' dir='ltr'><strong>Censuit.</strong></span> <span class='ocrx_word' id='word_1_201' title='bbox 981 2730 1058 2790; x_wconf 77' lang='lat' dir='ltr'><strong>cclv,</strong></span> 
     </span>
     <span class='ocr_line' id='line_1_28' title="bbox 55 2809 1059 2892; baseline 0.003 -23"><span class='ocrx_word' id='word_1_202' title='bbox 55 2809 87 2869; x_wconf 64' lang='lat' dir='ltr'><strong>ul&#39;</strong></span> <span class='ocrx_word' id='word_1_203' title='bbox 97 2813 160 2872; x_wconf 79' lang='lat' dir='ltr'><strong>l-l.</strong></span> <span class='ocrx_word' id='word_1_204' title='bbox 177 2811 270 2872; x_wconf 80' lang='lat' dir='ltr'><strong>(laud.</strong></span> <span class='ocrx_word' id='word_1_205' title='bbox 287 2813 382 2872; x_wconf 86' lang='lat' dir='ltr'><strong>Petra</strong></span> <span class='ocrx_word' id='word_1_206' title='bbox 395 2811 619 2876; x_wconf 85' lang='lat' dir='ltr'><strong>animadvertit</strong></span> <span class='ocrx_word' id='word_1_207' title='bbox 632 2831 704 2874; x_wconf 90' lang='lat' dir='ltr'><strong>cum</strong></span> <span class='ocrx_word' id='word_1_208' title='bbox 718 2812 863 2892; x_wconf 91' lang='lat' dir='ltr'><strong>pluribus</strong></span> <span class='ocrx_word' id='word_1_209' title='bbox 875 2811 1059 2886; x_wconf 87' lang='lat' dir='ltr'><strong>canonistis,</strong></span> 
     </span>
     <span class='ocr_line' id='line_1_29' title="bbox 37 2908 1062 2989; baseline 0.002 -20"><span class='ocrx_word' id='word_1_210' title='bbox 37 2964 40 2969; x_wconf 87' lang='lat'><em>.</em></span> <span class='ocrx_word' id='word_1_211' title='bbox 57 2909 307 2970; x_wconf 90' lang='lat' dir='ltr'><strong>consuetudinem</strong></span> <span class='ocrx_word' id='word_1_212' title='bbox 325 2909 426 2986; x_wconf 83' lang='lat' dir='ltr'><strong>illam,</strong></span> <span class='ocrx_word' id='word_1_213' title='bbox 440 2909 468 2970; x_wconf 91' lang='lat' dir='ltr'><strong>si</strong></span> <span class='ocrx_word' id='word_1_214' title='bbox 483 2912 711 2989; x_wconf 74' lang='lat' dir='ltr'><strong>pretendatur,</strong></span> <span class='ocrx_word' id='word_1_215' title='bbox 735 2910 877 2972; x_wconf 90' lang='lat' dir='ltr'><strong>«deberi</strong></span> <span class='ocrx_word' id='word_1_216' title='bbox 895 2908 1026 2982; x_wconf 85' lang='lat' dir='ltr'><strong>probari</strong></span> <span class='ocrx_word' id='word_1_217' title='bbox 1041 2927 1062 2971; x_wconf 88' lang='lat' dir='ltr'><strong>a</strong></span> 
     </span>
     <span class='ocr_line' id='line_1_30' title="bbox 59 3005 1058 3088; baseline 0.001 -20"><span class='ocrx_word' id='word_1_218' title='bbox 59 3030 71 3060; x_wconf 77' lang='lat' dir='ltr'><strong>u</strong></span> <span class='ocrx_word' id='word_1_219' title='bbox 88 3006 237 3086; x_wconf 90' lang='lat' dir='ltr'><strong>capitulo,</strong></span> <span class='ocrx_word' id='word_1_220' title='bbox 260 3025 333 3068; x_wconf 89' lang='lat' dir='ltr'><strong>cum</strong></span> <span class='ocrx_word' id='word_1_221' title='bbox 344 3005 399 3086; x_wconf 88' lang='lat' dir='ltr'><strong>jus</strong></span> <span class='ocrx_word' id='word_1_222' title='bbox 411 3007 538 3070; x_wconf 87' lang='lat' dir='ltr'><strong>assistat</strong></span> <span class='ocrx_word' id='word_1_223' title='bbox 555 3008 754 3088; x_wconf 88' lang='lat' dir='ltr'><strong>Episcopo».</strong></span> <span class='ocrx_word' id='word_1_224' title='bbox 771 3011 845 3070; x_wconf 85' lang='lat' dir='ltr'><strong>boc.</strong></span> <span class='ocrx_word' id='word_1_225' title='bbox 867 3008 935 3083; x_wconf 81' lang='lat' dir='ltr'><strong>cit,</strong></span> <span class='ocrx_word' id='word_1_226' title='bbox 956 3015 990 3067; x_wconf 86' lang='lat' dir='ltr'><strong>n⁰</strong></span> <span class='ocrx_word' id='word_1_227' title='bbox 1006 3005 1058 3069; x_wconf 75' lang='grc'><strong>48.</strong></span> 
     </span>
     <span class='ocr_line' id='line_1_31' title="bbox 3 3104 1063 3188; baseline -0.001 -23"><span class='ocrx_word' id='word_1_228' title='bbox 3 3159 4 3188; x_wconf 48' lang='lat'>3</span> <span class='ocrx_word' id='word_1_229' title='bbox 106 3104 205 3166; x_wconf 90' lang='lat' dir='ltr'><strong>lidem</strong></span> <span class='ocrx_word' id='word_1_230' title='bbox 216 3104 388 3168; x_wconf 72' lang='lat' dir='ltr'><strong>canonistas</strong></span> <span class='ocrx_word' id='word_1_231' title='bbox 400 3105 542 3167; x_wconf 79' lang='lat' dir='ltr'><strong>referunt</strong></span> <span class='ocrx_word' id='word_1_232' title='bbox 551 3107 835 3186; x_wconf 76' lang='lat' dir='ltr'><strong>congregationem</strong></span> <span class='ocrx_word' id='word_1_233' title='bbox 845 3106 923 3167; x_wconf 86' lang='lat' dir='ltr'><strong>alias</strong></span> <span class='ocrx_word' id='word_1_234' title='bbox 934 3121 1063 3184; x_wconf 89' lang='lat' dir='ltr'><strong>respon-</strong></span> 
     </span>
     <span class='ocr_line' id='line_1_32' title="bbox 2 3201 1062 3285; baseline -0.001 -23"><span class='ocrx_word' id='word_1_235' title='bbox 2 3240 3 3285; x_wconf 23' lang='lat' dir='ltr'>g</span> <span class='ocrx_word' id='word_1_236' title='bbox 56 3201 128 3264; x_wconf 88' lang='lat' dir='ltr'><strong>disse</strong></span> <span class='ocrx_word' id='word_1_237' title='bbox 142 3203 347 3282; x_wconf 85' lang='lat' dir='ltr'><strong>Episcopum,</strong></span> <span class='ocrx_word' id='word_1_238' title='bbox 368 3202 423 3264; x_wconf 89' lang='lat' dir='ltr'><strong>ubi</strong></span> <span class='ocrx_word' id='word_1_239' title='bbox 441 3205 637 3266; x_wconf 87' lang='lat' dir='ltr'><strong>consuetudo</strong></span> <span class='ocrx_word' id='word_1_240' title='bbox 651 3205 739 3283; x_wconf 86' lang='lat' dir='ltr'><strong>viget</strong></span> <span class='ocrx_word' id='word_1_241' title='bbox 759 3210 793 3266; x_wconf 84' lang='lat' dir='ltr'><strong>ut</strong></span> <span class='ocrx_word' id='word_1_242' title='bbox 806 3203 983 3284; x_wconf 87' lang='lat' dir='ltr'><strong>capitulum</strong></span> <span class='ocrx_word' id='word_1_243' title='bbox 997 3219 1062 3262; x_wconf 90' lang='lat' dir='ltr'><strong>non</strong></span> 
     </span>
     <span class='ocr_line' id='line_1_33' title="bbox 2 3298 1082 3383; baseline 0.006 -24"><span class='ocrx_word' id='word_1_244' title='bbox 2 3298 3 3376; x_wconf 51' lang='lat' dir='ltr'><strong>l</strong></span> <span class='ocrx_word' id='word_1_245' title='bbox 57 3306 259 3379; x_wconf 88' lang='lat' dir='ltr'><strong>congregetur</strong></span> <span class='ocrx_word' id='word_1_246' title='bbox 273 3301 394 3380; x_wconf 85' lang='lat' dir='ltr'><strong>absque</strong></span> <span class='ocrx_word' id='word_1_247' title='bbox 407 3301 493 3362; x_wconf 90' lang='lat' dir='ltr'><strong>illius</strong></span> <span class='ocrx_word' id='word_1_248' title='bbox 507 3301 646 3378; x_wconf 86' lang='lat' dir='ltr'><strong>licentia,</strong></span> <span class='ocrx_word' id='word_1_249' title='bbox 658 3321 722 3364; x_wconf 90' lang='lat' dir='ltr'><strong>non</strong></span> <span class='ocrx_word' id='word_1_250' title='bbox 736 3320 827 3383; x_wconf 91' lang='lat' dir='ltr'><strong>posse</strong></span> <span class='ocrx_word' id='word_1_251' title='bbox 841 3319 954 3380; x_wconf 90' lang='lat' dir='ltr'><strong>cogere</strong></span> <span class='ocrx_word' id='word_1_252' title='bbox 969 3315 1063 3361; x_wconf 88' lang='lat' dir='ltr'><strong>cano·</strong></span> <span class='ocrx_word' id='word_1_253' title='bbox 1078 3359 1082 3366; x_wconf 94' lang='lat'>.</span> 
     </span>
     <span class='ocr_line' id='line_1_34' title="bbox 59 3396 1062 3480; baseline 0 -23"><span class='ocrx_word' id='word_1_254' title='bbox 59 3396 135 3458; x_wconf 85' lang='lat' dir='ltr'><strong>nicos</strong></span> <span class='ocrx_word' id='word_1_255' title='bbox 149 3397 191 3458; x_wconf 89' lang='lat' dir='ltr'><strong>ad</strong></span> <span class='ocrx_word' id='word_1_256' title='bbox 205 3397 431 3459; x_wconf 85' lang='lat' dir='ltr'><strong>declarandum</strong></span> <span class='ocrx_word' id='word_1_257' title='bbox 446 3418 518 3479; x_wconf 83' lang='lat' dir='ltr'><strong>quae</strong></span> <span class='ocrx_word' id='word_1_258' title='bbox 540 3401 669 3480; x_wconf 88' lang='lat' dir='ltr'><strong>negotia</strong></span> <span class='ocrx_word' id='word_1_259' title='bbox 687 3417 781 3478; x_wconf 88' lang='lat' dir='ltr'><strong>agere</strong></span> <span class='ocrx_word' id='word_1_260' title='bbox 800 3400 937 3460; x_wconf 91' lang='lat' dir='ltr'><strong>debeant</strong></span> <span class='ocrx_word' id='word_1_261' title='bbox 949 3397 982 3458; x_wconf 89' lang='lat' dir='ltr'><strong>in</strong></span> <span class='ocrx_word' id='word_1_262' title='bbox 1004 3413 1062 3458; x_wconf 89' lang='lat' dir='ltr'><strong>suo</strong></span> 
     </span>
     <span class='ocr_line' id='line_1_35' title="bbox 58 3496 1064 3578; baseline 0.002 -25"><span class='ocrx_word' id='word_1_263' title='bbox 58 3501 215 3570; x_wconf 91' lang='lat' dir='ltr'><strong>conventu,</strong></span> <span class='ocrx_word' id='word_1_264' title='bbox 231 3496 376 3575; x_wconf 85' lang='lat' dir='ltr'><strong>quamvis</strong></span> <span class='ocrx_word' id='word_1_265' title='bbox 386 3498 547 3578; x_wconf 86' lang='lat' dir='ltr'><strong>requirere</strong></span> <span class='ocrx_word' id='word_1_266' title='bbox 556 3499 661 3560; x_wconf 89' lang='lat' dir='ltr'><strong>valeat</strong></span> <span class='ocrx_word' id='word_1_267' title='bbox 670 3503 706 3559; x_wconf 89' lang='lat' dir='ltr'><strong>ut</strong></span> <span class='ocrx_word' id='word_1_268' title='bbox 715 3497 775 3559; x_wconf 91' lang='lat' dir='ltr'><strong>sibi</strong></span> <span class='ocrx_word' id='word_1_269' title='bbox 788 3497 960 3558; x_wconf 83' lang='lat' dir='ltr'><strong>exhibeant</strong></span> <span class='ocrx_word' id='word_1_270' title='bbox 973 3501 1064 3556; x_wconf 90' lang='lat' dir='ltr'><strong>tran-</strong></span> 
     </span>
     <span class='ocr_line' id='line_1_36' title="bbox 61 3591 1064 3673; baseline 0.006 -25"><span class='ocrx_word' id='word_1_271' title='bbox 61 3591 252 3672; x_wconf 83' lang='lat' dir='ltr'><strong>scriptionem</strong></span> <span class='ocrx_word' id='word_1_272' title='bbox 267 3594 484 3658; x_wconf 84' lang='lat' dir='ltr'><strong>authenticam</strong></span> <span class='ocrx_word' id='word_1_273' title='bbox 495 3596 769 3658; x_wconf 86' lang='lat' dir='ltr'><strong>deliberationum.</strong></span> <span class='ocrx_word' id='word_1_274' title='bbox 788 3593 955 3673; x_wconf 84' lang='lat' dir='ltr'><strong>Invigilare</strong></span> <span class='ocrx_word' id='word_1_275' title='bbox 971 3593 1064 3673; x_wconf 91' lang='lat' dir='ltr'><strong>siqui-</strong></span> 
     </span>
    </p>
   </div>
   <div class='ocr_carea' id='block_1_4' title="bbox 62 3687 1182 3776">
    <p class='ocr_par' dir='ltr' id='par_1_6' title="bbox 62 3687 1182 3776">
     <span class='ocr_line' id='line_1_37' title="bbox 62 3687 1182 3776; baseline 0.007 -27"><span class='ocrx_word' id='word_1_276' title='bbox 62 3687 125 3751; x_wconf 87' lang='lat' dir='ltr'><strong>dem</strong></span> <span class='ocrx_word' id='word_1_277' title='bbox 141 3690 235 3754; x_wconf 89' lang='lat' dir='ltr'><strong>debet</strong></span> <span class='ocrx_word' id='word_1_278' title='bbox 253 3711 292 3755; x_wconf 88' lang='lat' dir='ltr'><strong>ne</strong></span> <span class='ocrx_word' id='word_1_279' title='bbox 308 3693 477 3775; x_wconf 81' lang='lat' dir='ltr'><strong>ecapitulo</strong></span> <span class='ocrx_word' id='word_1_280' title='bbox 492 3695 647 3776; x_wconf 89' lang='lat' dir='ltr'><strong>prodeant</strong></span> <span class='ocrx_word' id='word_1_281' title='bbox 665 3693 875 3757; x_wconf 88' lang='lat' dir='ltr'><strong>resolutiones</strong></span> <span class='ocrx_word' id='word_1_282' title='bbox 896 3691 1081 3756; x_wconf 63' lang='lat' dir='ltr'><strong>contrariae*</strong></span> <span class='ocrx_word' id='word_1_283' title='bbox 1179 3749 1182 3774; x_wconf 39' lang='grc'>;</span> 
     </span>
    </p>
   </div>
   <div class='ocr_carea' id='block_1_5' title="bbox 877 3812 919 3866">
    <p class='ocr_par' dir='ltr' id='par_1_7' title="bbox 877 3812 919 3866">
     <span class='ocr_line' id='line_1_38' title="bbox 877 3812 919 3866; baseline 0 0"><span class='ocrx_word' id='word_1_284' title='bbox 877 3812 919 3866; x_wconf 83' lang='lat' dir='ltr'><strong>lt).</strong></span> 
     </span>
    </p>
   </div>
   <div class='ocr_carea' id='block_1_6' title="bbox 0 0 1304 4278">
    <p class='ocr_par' dir='ltr' id='par_1_8' title="bbox 0 0 1304 4278">
     <span class='ocr_line' id='line_1_39' title="bbox 0 0 1304 4278; baseline 0 0"><span class='ocrx_word' id='word_1_285' title='bbox 0 0 1304 4278; x_wconf 95' lang='lat' dir='ltr'><strong> </strong></span> 
     </span>
    </p>
   </div>
  </div>
 </body>
</html>
