2632 4260
227 219 261 272 66
593 227 669 274 PARS
688 226 722 274 11.
743 225 871 274 cunaldi.

226 362 297 422 cap.
314 339 496 414 Secundum,
510 343 543 403 in
558 362 622 422 quo
635 343 815 404 Alexander
826 343 867 402 ΙΙΙ
886 340 1099 403 comminatur
1112 353 1244 417 poenam

226 441 561 502 excommunicationis
594 441 715 503 clericis
748 439 1009 518 negotiatoribus.
1044 439 1076 500 S.
1113 434 1245 513 Lignori

229 539 368 598 affirmat
382 557 456 599 cum
469 539 612 618 pluribus
624 539 782 616 theologis
796 557 860 598 non
875 553 1008 616 peccare
1023 535 1161 614 graviter
1177 532 1244 594 cle-

228 636 329 696 ricum
344 637 399 715 qui
411 653 476 696 una
489 641 544 696 aut
557 635 657 696 altera
670 636 738 697 viee
752 635 942 714 negotiatur,
955 634 1034 696 citra
1044 630 1243 704 scandalum,

230 734 304 813 quia
318 734 393 812 jura
412 739 589 795 statuerunt
613 739 726 795 contra
747 734 878 794 clericos
898 732 1129 809 negotiatorem
1154 733 1246 790 actus

230 836 336 892 autem
349 832 442 909 pauci
451 851 514 892 non
525 832 685 892 sufficiunt
696 837 731 892 ut
740 833 810 911 quis
822 835 986 910 reputetur
996 827 1246 906 negotiationem
1300 823 1301 870 ἶ

225 945 376 996 ¹asseruere
394 932 418 990 ².

289 1030 321 1088 2⁰
334 1028 521 1106 Excepimus
534 1047 553 1089 a
567 1029 709 1107 generali
724 1028 938 1109 prohibitione
954 1045 1062 1088 casum
1076 1023 1184 1103 gravis
1195 1041 1248 1082 ne
1301 1099 1302 1106 ἵ

231 1125 394 1198 cassilatis,
411 1131 446 1186 ut
461 1126 487 1186 si
502 1126 632 1188 clericus
646 1127 826 1204 negotietur
837 1125 878 1186 ad
892 1145 995 1200 suam,
1012 1123 1181 1185 suorumve
1194 1138 1248 1200 pa·

230 1228 362 1284 rentum·
378 1224 649 1298 sustentationem,
667 1225 722 1286 sed
740 1225 773 1286 in
792 1226 853 1287 hoe
873 1243 947 1289 casu
971 1239 1132 1284 recurrere
1153 1220 1248 1280 debet

231 1321 271 1382 ad
291 1321 504 1394 artificiolum,
522 1340 577 1382 seu
597 1323 638 1383 ad
656 1323 800 1384 laborem
820 1323 1000 1384 manualem
1025 1320 1247 1399 potiusquam
1302 1341 1303 1376 l

231 1418 272 1479 ad
293 1423 515 1480 mercaturam.
538 1420 679 1482 Clemens
703 1423 771 1483 ΧΙΙΙ
790 1420 982 1500 praescripsit
997 1424 1042 1492 ut,
1058 1416 1247 1478 necessitate

231 1521 375 1595 urgente,
393 1517 523 1578 clericus
542 1518 636 1580 adeat
652 1519 844 1598 Episcopum
864 1537 961 1598 aquo
976 1514 1248 1594 dispensationem

230 1613 347 1692 poterit
361 1613 513 1690 obtinere,
530 1617 625 1678 modo
638 1635 645 1678 ε
659 1621 690 1677 Ιο
705 1617 829 1678 nullum
844 1617 930 1677 aliud
944 1614 1084 1676 medium
1099 1614 1249 1692 suppetat
1303 1637 1304 1646 Ι

232 1711 360 1773 levandi
380 1712 602 1791 indigentiam
625 1719 659 1776 2⁰
674 1715 826 1794 suscipiat
847 1733 946 1794 genus
965 1709 1146 1775 commercii
1162 1707 1249 1787 quod

201 1828 206 1836 ·
231 1809 336 1870 minus
356 1810 486 1872 dedecet
506 1817 624 1874 statum
644 1813 837 1888 clericalem
858 1815 891 1872 3ο
910 1812 1045 1874 facultas
1063 1805 1249 1886 negotiandi

234 1908 326 1968 detur
341 1909 382 1968 ad
395 1913 531 1988 tempus,
548 1911 649 1972 donec
663 1930 760 1975 causa
774 1911 952 1972 cessaverit.

291 2005 324 2064 3⁰
343 2006 510 2068 Posuimus
529 2008 563 2068 in
581 2015 691 2070 nostra
719 2010 889 2070 assertione
914 2008 1064 2070 clericum
1092 2001 1249 2084 negotiari

233 2119 323 2164 causo
333 2102 420 2166 lucri.
434 2105 466 2166 Si
474 2091 740 2184 quisadfidelium
752 2107 800 2168 sui
811 2106 921 2186 oppidi
930 2105 1110 2180 utilitatem,
1121 2103 1250 2181 objecta

234 2201 393 2280 quaedam,
404 2209 512 2283 puta:
537 2223 655 2279 cruces,
673 2205 876 2279 numismata,
892 2221 1026 2266 coronas
1040 2201 1248 2283 precatorias,

146 2303 148 2312 “
231 2299 342 2376 libros,
360 2303 472 2362 emerit
491 2309 528 2363 nt
549 2305 660 2365 eodem
681 2304 746 2364 fere
767 2304 868 2382 pretio
889 2304 1052 2373 rcvcndat,
1072 2319 1137 2362 non
1156 2296 1251 2377 argui

231 2396 323 2458 debet
334 2401 516 2461 commercii
525 2401 625 2478 vetiti.
640 2401 740 2480 Magis
749 2406 855 2462 tamen
872 2401 1001 2481 expedit
1009 2400 1078 2460 haec
1088 2398 1155 2458 viro
1167 2396 1249 2457 laico

233 2495 402 2570 committi;
418 2498 493 2574 quia
505 2499 581 2558 satis
589 2499 808 2577 periculosum
822 2506 929 2575 estne,
946 2499 1004 2562 sub
1018 2497 1089 2560 velo
1102 2493 1251 2558 utilitatis

234 2589 375 2652 fidelium
397 2595 616 2671 procurandae,
639 2596 742 2658 latitet
781 2599 897 2676 cupido
934 2598 1057 2659 lucrum
1086 2592 1250 2674 quoddam

229 2687 405 2766 obtinendi,
422 2709 499 2752 neve
519 2693 650 2754 clericus
667 2695 700 2754 in
713 2695 924 2773 suspicionem
937 2694 1053 2755 veniat.

296 2786 474 2849 Toleranda
492 2789 589 2868 igitur
609 2810 673 2852 non
692 2791 817 2853 videtur
836 2793 952 2870 agendi
973 2791 1054 2853 ratio
1069 2788 1179 2852 elerici
1198 2784 1251 2866 qui

232 2900 342 2944 verum
361 2887 524 2964 negotium
544 2894 680 2962 exercet,
702 2890 761 2950 sub
784 2895 942 2968 praetcxtu
960 2890 1045 2968 quod
1064 2889 1153 2948 lucra
1174 2886 1251 2947 inde

232 2987 396 3060 reportata
409 3004 473 3046 non
487 2985 633 3048 intendat
647 2987 707 3048 sibi
719 2987 856 3049 retinere
871 2988 1101 3068 adaugendam
1116 3004 1187 3046 rem
1201 2987 1249 3046 fa·

233 3080 402 3154 miliarem,
414 3084 468 3144 scd
481 3083 663 3163 impendere
676 3085 710 3146 in
722 3087 864 3146 favorem
877 3104 1055 3166 pauperum
1066 3081 1125 3145 'aut
1138 3085 1248 3146 Eccle-

233 3178 304 3253 siae;
320 3179 381 3240 nisi
394 3180 427 3242 id
440 3181 536 3242 faciat
550 3182 589 3242 de
604 3198 734 3244 assensu
748 3183 881 3261 legitimi
891 3183 1060 3264 superioris
1076 3182 1131 3261 qui
1145 3186 1250 3260 potest

232 3275 334 3356 legem
350 3278 520 3352 moderari,
537 3281 744 3360 etproridcre
759 3300 799 3343 nc
813 3282 1092 3362 irrepantabusus.
1110 3278 1249 3342 Clericus

279 3467 301 3512 1.
317 3464 343 3514 S.
359 3467 473 3530 Liguori.
493 3467 539 3518 lib.
554 3469 598 3530 ΙΙΙ,
615 3478 647 3518 n⁰
662 3470 760 3520 831.1d
776 3471 881 3520 admitti
896 3473 984 3532 potest
999 3470 1021 3519 si
1033 3467 1147 3532 quaestio
1165 3464 1250 3516 consi·

232 3538 341 3589 deretur
352 3543 385 3590 ad
397 3557 520 3594 normam
526 3545 595 3608 juris
603 3547 754 3596 communis
766 3560 773 3606 ;
785 3547 858 3608 quod
870 3559 934 3596 varo
945 3546 980 3596 ad
994 3537 1182 3594 missiouarids
1192 3540 1250 3593 atti-

231 3617 287 3675 net,
305 3615 426 3667 Clemens
447 3620 480 3670 ΙΙΙ
498 3621 614 3683 graviter
632 3622 779 3684 prohibuit,
802 3622 831 3672 in
854 3621 945 3672 Const.
967 3634 1030 3672 mox
1048 3621 1139 3682 citata,
1156 3615 1251 3670 nevel

232 3689 311 3740 semel
324 3705 352 3742 se
369 3692 492 3756 ingerant
507 3695 535 3743 in
547 3698 713 3758 mercaturis,
726 3709 774 3748 ssu
788 3698 1025 3761 negotiationibus.
