2568 4272
245 237 297 294 360
512 240 585 289 PARS
605 240 652 287 111.
674 241 728 289 RES
748 240 991 288 EGGhESth'l'lGdl.

304 360 359 422 Dic
374 359 515 438 praefixa,
527 359 558 420 S.
575 356 723 418 Pontifex
742 356 863 417 accedit
877 375 950 417 cum
964 374 1079 434 magno
1098 363 1246 434 apparatu
1277 427 1278 436 ἵ

244 461 285 521 ad
308 477 429 520 sacram
453 456 639 517 basilicam:
661 455 705 515 ibi
725 460 799 535 post
817 473 914 515 novas
928 455 1126 534 iteratosque
1151 473 1250 533 expos
1277 439 1279 518 Ῐ

243 558 423 629 tulationes,
437 555 543 615 multis
557 553 726 634 persolutis
746 553 953 627 orationibus
974 553 1126 614 invocato
1144 553 1250 630 Spiritu
1278 534 1280 614 l

192 711 194 714 ,
244 660 364 726 sanct0,
375 655 502 714 demum
514 651 770 714 auctoritatellei
785 651 1021 730 omnipotentis,
1038 651 1250 729 apostolorum
1279 639 1280 660 ³

243 754 330 814 Petri
344 758 375 813 et
395 750 496 825 Pauli,
516 750 657 810 decernit
677 767 714 810 ac
729 748 840 810 delinit
853 751 891 810 N.
908 754 1053 810 sanctum
1068 767 1155 820 esse,
1172 766 1252 808 sanc-

244 858 350 913 torum
371 849 515 926 catalogo
535 848 789 925 adscribendum,
809 851 841 906 et
864 847 904 908 ab
923 846 1098 907 universali
1122 844 1252 906 Ecclesia

244 949 421 1011 colendum.
439 945 612 1024 Expeditur
622 950 733 1024 postea
747 943 933 1005 Constitutio
948 942 1127 1024 pontificia,
1144 942 1252 1004 directa
1280 959 1281 1044 J

146 1050 150 1057 '
243 1047 285 1109 ad
299 1064 425 1108 omnem
440 1044 624 1104 Ecclesiam.

303 1146 564 1206 Cauourznrmest
579 1140 733 1201 sententia
745 1139 916 1216 definitiva,
938 1157 1001 1218 qua
1012 1139 1199 1200 decernitur
1207 1139 1250 1198 ali-

243 1260 338 1322 quem
356 1241 389 1300 in
409 1240 516 1299 album
532 1239 719 1299 Sanctorum
736 1256 802 1298 csse
820 1237 1036 1311 deferendum,
1054 1243 1088 1297 et
1109 1255 1150 1297 eo
1169 1237 1248 1296 titulo

244 1339 411 1401 colendum
425 1335 551 1415 publice
563 1335 595 1395 in
610 1335 757 1396 universa
768 1335 940 1396 Ecclesia¹.

303 1437 377 1508 Quae
391 1434 431 1494 sit
445 1433 615 1493 auctoritas
630 1433 829 1494 decretorum
839 1431 963 1494 Sancta
974 1431 1075 1505 Sedis,
1091 1437 1165 1491 tum
1178 1431 1246 1492 circa
1281 1411 1282 1480 3

174 1577 176 1581 ψ
241 1531 520 1604 beatificationem,
547 1535 615 1589 tum
645 1531 728 1591 circa
762 1529 1043 1602 canonizationem,
1074 1527 1247 1589 examinant
1281 1533 1282 1536 ’

243 1629 384 1706 theologi
398 1630 438 1688 ad
454 1646 532 1706 quos
547 1628 745 1689 remittimus,
763 1629 837 1690 Haec
850 1627 953 1688 solum
964 1633 1118 1688 notamus
1141 1646 1148 1688 :
1168 1628 1196 1687 1ο
1208 1644 1244 1685 sc·

243 1727 345 1807 posita
359 1727 454 1786 etiarn
465 1726 562 1786 divini
572 1726 949 1804 Spiritussupcrnatureli
960 1717 1154 1801 assistentia,
1164 1742 1244 1784 causa

243 1830 332 1886 tanta
353 1843 424 1885 cum
446 1824 615 1904 prudentia
636 1828 802 1899 tractatur,
814 1829 849 1884 ut
863 1823 1019 1903 judicium
1033 1823 1194 1902 prolatum
1211 1823 1241 1881 sit

242 1922 404 1983 moraliter
419 1927 554 1994 certum;
570 1923 601 1980 2⁰
616 1922 771 1983 sententia
788 1922 826 1983 de
840 1921 1091 1995 beatificatione,
1109 1939 1178 1981 oum
1189 1936 1241 1979 non
1282 1907 1283 1962 l

242 2021 282 2081 sit
294 2019 448 2098 judicium
468 2019 719 2080 definitivumad
733 2018 942 2080 universalem
957 2019 1137 2080 Ecclesiam
1150 2016 1236 2096 prola·

243 2125 321 2194 turn,
338 2137 402 2178 non
416 2117 553 2177 habetur
574 2117 771 2178 communius
790 2117 975 2191 infallibilis,
995 2117 1143 2196 quamvis
1156 2115 1238 2192 impu-

243 2215 333 2295 gnari
342 2235 406 2276 non
414 2220 520 2295 posset
529 2214 595 2275 sine
608 2215 786 2277 temeritate
797 2221 829 2276 et
838 2215 1097 2294 praesumptionis
1108 2217 1235 2293 peccato;

242 2315 273 2374 3⁰
300 2314 455 2375 sententia
479 2312 726 2374 canonizationis
756 2319 802 2373 est
827 2312 1012 2373 infallibilis.
1034 2313 1116 2374 Cum
1141 2311 1237 2387 dogma

241 2411 433 2473 catholicum
444 2411 484 2471 sit
492 2411 788 2483 RomPontifrccm,
809 2409 1235 2490 ‹rpcrassistentiamdivinam

245 2535 259 2564 a
280 2509 341 2589 ipsi
354 2510 387 2569 in
398 2511 495 2570 Beato
510 2510 605 2569 Petro
621 2509 822 2588 promissam,
839 2527 877 2569 ea
891 2507 1120 2569 infallibilitate
1135 2505 1235 2586 pollere

245 2630 260 2662 «
283 2626 346 2684 qua
356 2606 479 2666 divinus
492 2605 685 2685 Redemptor
694 2607 868 2668 Ecclesiam
884 2625 973 2666 suam
983 2607 1171 2666 instructam
1184 2618 1234 2663 csse

187 2725 193 2742 κ
244 2727 260 2758 «
281 2703 422 2778 voluit»,
440 2704 581 2782 sequitur
594 2705 630 2763 n.
647 2704 834 2765 Pontificem
849 2703 993 2764 eamdem
1005 2720 1163 2763 summam
1174 2717 1233 2761 auc·

241 2800 400 2861 toritatem
413 2801 532 2861 habere
545 2801 578 2860 in
593 2802 715 2863 edendo
730 2803 856 2863 decreto
870 2803 908 2862 de
930 2807 1116 2863 sanctorum
1129 2796 1234 2860 canoni·

241 2897 376 2973 satione,
389 2915 484 2976 quam
494 2909 607 2958 omnes*
616 2900 764 2961 catholici
773 2901 806 2960 in
813 2899 953 2960 Ecclesia
962 2899 1144 2960 admittunt.
1155 2898 1234 2956 Porro

241 3014 315 3058 non,
334 2995 495 3056 dubitatur
518 2996 601 3056 inter
627 2997 801 3059 catholicos
829 2998 867 3058 de
895 2996 1123 3058 infallibilitate
1156 2991 1231 3070 hujus

241 3093 370 3155 decreti.
379 3092 544 3154 Enimvero
560 3093 620 3153 nisi
634 3095 844 3156 infallibiliter
858 3099 1016 3156 constaret
1030 3094 1070 3155 do
1083 3090 1230 3154 sanctitate

287 3252 309 3299 l.
327 3250 396 3298 Dum
412 3261 505 3296 servus
520 3247 568 3296 Dei
580 3249 739 3312 proponitur
751 3249 919 3300 venerationi
933 3249 1063 3310 fidelium,
1074 3247 1153 3298 simul
1164 3243 1232 3294 decla-

238 3326 313 3373 ratur
327 3323 378 3372 sub
389 3335 442 3385 quo
457 3322 535 3371 titulo
550 3321 647 3372 debeat
658 3323 793 3386 honorari,
803 3327 829 3374 et
841 3324 1024 3388 proscribitur
1035 3320 1193 3374 officiumv.
1202 3331 1230 3381 sl

238 3399 379 3448 subtituto
394 3397 523 3460 Apostoli,
535 3398 668 3461 Martyris,
684 3400 859 3461 confessoris,
869 3400 1015 3464 Virginis...
1032 3396 1176 3463 Presbyteri
1187 3405 1230 3444 non

239 3473 364 3523 coluntur
378 3475 431 3523 ritu
444 3473 561 3536 speciali,
575 3473 622 3523 sed
636 3476 715 3525 titulo
727 3475 909 3539 Consessorum
922 3490 975 3526 nou
990 3476 1170 3539 Pontificum...
1181 3469 1231 3519 cor·

238 3561 348 3609 sessores
363 3548 426 3597 olim
438 3548 598 3598 dicebantur
610 3551 656 3612 qui
672 3550 752 3600 fldem
769 3551 942 3600 christianum
957 3550 1072 3601 confessi
1088 3549 1185 3600 fucrant
1195 3557 1228 3593 co·

237 3635 296 3671 ram
306 3628 490 3690 persecutoro;
504 3623 628 3686 pluribus
643 3625 741 3677 abhinc
755 3627 860 3678 saeculis
871 3627 966 3677 titulus
978 3625 1024 3678 ille
1035 3625 1114 3677 datur
1122 3621 1227 3676 omnihus

239 3697 328 3760 justis,
345 3713 392 3749 sou
406 3701 555 3764 Episcopis,
572 3714 620 3752 seu
632 3703 806 3767 Presbyteris,
819 3718 866 3754 seu
880 3704 964 3754 laicis.
