2604 4274
110 260 194 306 ΛΒΤ.
219 257 244 305 1.
270 257 358 306 ortuo
379 259 415 306 lll'
435 259 535 307 l‘Ollllh
554 259 653 307 lllVllll
673 259 794 308 aaaron.
923 253 975 308 387

100 381 109 436 t
125 375 394 455 Chrysostomus
408 375 441 435 in
456 377 597 438 Ecclesia
612 375 772 450 orientali;
791 376 891 439 sancti
900 378 975 437 Am·

100 493 168 548 reo,
191 473 355 548 Gelasius,
374 473 552 551 Gregorius,
573 474 605 533 in
627 473 825 544 occidentali.
847 475 976 536 Modum

100 572 310 632 astitueruut
327 571 466 650 psalmos
486 571 519 631 in
531 569 857 649 Ecclesiarecitandi,
881 591 977 652 quam

104 669 185 748 jam
198 669 239 728 in
258 668 470 730 Orientalibus
489 669 633 748 partibus
648 670 834 744 institutam,
852 676 978 730 sanctus

100 786 124 826 rs
138 767 177 826 in
193 767 406 828 Occidentem
416 767 552 843 induxit,
568 771 648 830 teste
663 771 772 830 sancto
787 767 975 846 Augustino,

100 871 168 925 etus
180 865 347 942 originem
358 865 543 944 psalmodiae
554 865 705 954 adscribit
715 866 864 926 Ecclesiae*
872 865 978 925 Antio·

100 963 126 1022 b
144 963 347 1042 pontificatu
357 963 511 1037 Flaviani,
522 963 578 1044 qui
593 963 713 1042 primus
728 964 842 1024 choros
856 963 979 1024 induas

100 1060 202 1136 ivisit,
226 1066 261 1120 et
280 1061 421 1139 psalmos
449 1058 578 1122 alternis
604 1061 726 1122 vicibus
750 1079 863 1122 canere
887 1079 979 1120 suum

100 1212 103 1217 .
121 1157 241 1218 docuit
257 1176 264 1231 ;
285 1183 301 1212 ιι
314 1159 404 1230 Quod
420 1159 559 1237 quidem,
577 1159 632 1232 ait,
655 1163 730 1219 tunc
752 1159 892 1236 primum
913 1159 978 1217 An-

100 1274 110 1316 a
126 1256 326 1336 incoeptum,
342 1255 416 1316 indo
435 1255 476 1316 ad
492 1256 631 1335 reliquos
648 1257 786 1335 pervasit
805 1255 890 1317 etad
904 1253 978 1315 ulti-

100 1372 183 1432 sque
213 1357 375 1416 terrarum
404 1353 483 1413 lines
513 1353 672 1431 perlatum
701 1359 757 1414 est.
785 1375 802 1409 »
833 1352 913 1433 (Lib.
938 1352 977 1427 ll,

100 1451 143 1531 v.)
156 1452 299 1512 Sanctus
313 1455 419 1536 autem
433 1451 629 1530 Augustinus
642 1452 739 1511 reiert
748 1455 893 1512 sanctum
902 1451 978 1509 Am-

108 1548 199 1607 huno
220 1561 344 1608 morem
364 1548 574 1608 introduxisse
586 1549 619 1608 in
634 1548 807 1609 Ecclesiam
825 1547 979 1610 Mediola-

109 1646 245 1724 quando
256 1646 390 1719 lustina,
400 1645 614 1708 Valentiniani
624 1645 762 1708 iunioris
769 1650 883 1719 mater,
893 1662 981 1705 sano·

100 1763 237 1822 scopum
254 1743 514 1823 persequebatur,
536 1749 631 1823 atque
648 1743 702 1823 pia
731 1744 821 1823 plebs
840 1742 982 1803 fidelium

100 1841 266 1902 >praesule
278 1840 471 1901 excubabat.
499 1862 515 1897 «
532 1841 621 1900 Tunc
636 1839 749 1920 hymni
767 1844 798 1901 et
812 1839 927 1920 psalmi
948 1843 982 1900 ut

100 1943 189 1999 entur
206 1939 382 1999 secundum
396 1957 519 1999 morem
535 1937 743 1998 Orientalium
766 1938 917 2017 partium,
944 1955 983 1996 ne

100 2055 134 2096 us
149 2037 297 2098 moeroris
316 2036 413 2097 taedio
426 2037 673 2110 contabesceret,
690 2035 868 2096 institutum
886 2038 942 2108 est,
953 2039 985 2095 et

100 2153 116 2195 o
150 2135 183 2195 in
207 2135 398 2195 hodiernum
417 2139 588 2209 retentum,
612 2131 720 2194 multis
739 2133 818 2212 jam,
846 2153 882 2193 ac
903 2150 983 2211 pene

100 2251 150 2292 aus
173 2233 322 2312 gregibus
337 2232 410 2308 tuis,
427 2250 486 2311 per
509 2236 623 2294 catera
637 2230 722 2292 orbis
742 2231 979 2291 imitantibus.»

100 2331 212 2391 stonum
227 2331 281 2391 lib.
298 2331 432 2409 1x‚cap.
448 2329 514 2410 vn.)
801 2317 803 2323 ⁵

100 2434 169 2488 ,ctus
184 2428 365 2489 Ambrosius
384 2427 520 2506 hymnos
540 2427 727 2507 composuit,
745 2427 861 2506 quibus
875 2425 984 2486 hacte-

101 2545 169 2585 mur
182 2527 213 2586 in
226 2525 386 2587 Breviorio
407 2527 566 2595 Romano;
584 2526 662 2586 alios
681 2525 871 2586 Prudentius
892 2528 987 2603 poeta

100 2623 238 2684 Ecclesia
271 2622 442 2684 orientales
472 2622 608 2682 retinent
638 2623 774 2702 hymnos
804 2627 986 2682 sanctorum

100 2739 130 2793 n,
145 2720 245 2780 Basilii
256 2725 287 2780 et
302 2721 441 2798 Gregorii
453 2719 652 2780 Nazianzeni.

100 2818 112 2877 i
121 2819 199 2878 viros
209 2818 341 2880 eruditos
351 2836 415 2878 non
425 2817 525 2879 lateat
535 2819 649 2897 quibus
657 2816 877 2897 progressibus
885 2817 988 2878 forma

100 2933 132 2976 ca
151 2915 249 2992 oflicii,
267 2933 324 2994 per
344 2916 511 2977 decursum
532 2916 698 2994 temporis,
715 2916 856 2994 perfecte
879 2915 986 2988 fuerit,

100 3031 160 3072 nen
168 3012 296 3073 dubitari
306 3018 412 3092 potest
423 3013 498 3092 quin
509 3013 651 3073 asaeenlo
662 3012 774 3091 quinto
787 3012 828 3073 ad
839 3031 912 3073 eum
924 3013 988 3072 lere

100 3129 123 3169 m
136 3111 252 3171 redacta
262 3111 328 3190 jam
349 3111 445 3171 luerit
463 3128 558 3189 quern
578 3110 618 3169 ad
637 3115 779 3170 nostram
796 3126 896 3189 usque
911 3114 1007 3170 aeta.

100 3209 194 3270 etinet.
220 3209 314 3288 hujus
338 3209 385 3270 rei
417 3213 639 3286 argumentum
668 3209 851 3288 suppeditat
880 3205 991 3284 regula

100 3305 264 3381 ,Benedicti3
276 3326 350 3367 nam
366 3306 631 3367 verisimillimum
642 3310 689 3366 est
703 3311 847 3367 sanctum
857 3304 991 3383 patriar-

107 3404 313 3465 monachorum
325 3404 504 3466 Occidentis
519 3403 578 3464 sibi
594 3403 795 3483 proposuisse
810 3402 989 3480 exemplum

100 3503 187 3580 ,quod
202 3501 231 3562 in
244 3521 298 3562 usu
313 3507 381 3564 crat
396 3502 481 3582 apud
496 3501 670 3562 Ecclesiam
688 3504 876 3562 Romanam.
892 3501 990 3560 Porro

100 3617 129 3658 us
142 3600 305 3661 Benedictus
326 3619 390 3661 non
410 3601 512 3661 solum
531 3599 690 3660 distribuit
709 3600 803 3659 horas
823 3597 993 3658 canonicas

100 3702 166 3776 ¹atem
178 3703 278 3777 partes,
294 3699 349 3760 sed
364 3699 599 3760 cunctaeodem
613 3699 678 3759 iere
691 3696 801 3759 ordine
816 3693 992 3776 composuit
