2568 4272
229 296 295 346 aar.
315 297 356 344 Vl.
378 297 515 346 adaltrud
536 299 650 348 arares
669 298 829 346 nuttetosl.
985 292 1036 346 303

27 412 184 474 ommuni
198 413 383 489 eximerent,
407 419 560 494 quantum
574 433 633 495 par
648 421 728 490 erat,
744 415 785 476 ad
799 415 903 496 majus
916 417 1036 478 honum

26 512 268 574 recurandum.
292 512 491 574 Sufficienter
509 513 583 575 inde
610 513 723 594 cuique
752 520 952 595 perspectum
979 513 1037 575 erit

26 610 111 687 uale
125 610 168 670 sit
182 610 324 689 regimen
340 611 505 691 proprium
520 617 619 675 status
634 612 774 692 religiosi
786 613 819 674 in
833 631 960 691 genere.

71 711 120 770 De
131 707 207 788 jure
222 709 253 770 S.
269 709 431 771 Pontificio
445 712 478 771 in
490 710 662 788 Regulares
677 730 741 771 non
755 711 987 786 disserendum
1000 711 1037 772 si·

26 806 148 888 [uidem
165 811 255 870 extra
277 807 411 870 dubium
430 815 478 871 est
497 809 686 871 Pontificem
700 812 879 872 Romanum
892 827 958 872 esse
971 809 1036 889 pri·

26 925 105 966 num
115 907 291 968 Praelatum
303 906 445 968 omnium
457 907 606 970 ordinum
615 908 847 988 religiosorum,
861 926 880 969 a
895 927 958 988 quo
969 926 1037 988 spe·

26 1005 88 1066 :iali
116 1007 214 1068 modo
244 1006 386 1088 pendent
414 1025 524 1068 omnes
558 1007 831 1086 congregationes.
864 1008 905 1068 Ut
936 1007 1038 1084 magis

26 1110 162 1166 servetur
176 1104 289 1166 intima
302 1104 359 1168 illa
373 1105 448 1166 unio
461 1105 608 1166 ordinum
621 1123 694 1166 cum
709 1106 826 1168 Sancta
838 1104 930 1180 Sede,
945 1104 1039 1185 pleri-

26 1221 78 1282 1ue
94 1203 228 1266 abbates
242 1203 404 1283 generales
413 1209 445 1264 et
457 1203 622 1284 praepositi
636 1202 784 1264 ordinum
799 1208 1038 1266 commorantur

26 1303 144 1377 lomae;
163 1302 270 1362 oaeteri
282 1301 403 1362 habent
415 1302 449 1362 in
462 1303 541 1365 urhe
556 1302 819 1377 commissarium,
837 1302 893 1382 qui
906 1298 978 1368 illos
992 1319 1040 1362 re·

26 1406 194 1479 praesentet
206 1407 238 1463 ct
251 1419 363 1463 causas
379 1401 633 1480 congregationis
649 1405 725 1479 agat
737 1419 809 1462 cum
822 1402 854 1464 S.
871 1399 1035 1462 Pontifioe.

78 1500 151 1562 489.
169 1534 209 1544 -
224 1500 250 1560 1⁰
264 1499 324 1575 (lai
334 1501 396 1560 sint
410 1500 579 1581 superiores
590 1495 731 1564 ordinum
748 1496 979 1579 religiosorum?

79 1598 265 1678 Superiores
280 1598 470 1676 religionum
479 1604 511 1660 et
522 1599 671 1660 ordinum
680 1603 764 1670 sunt,
775 1596 831 1677 qui
839 1597 1039 1660 commissam

26 1698 141 1760 hahent
150 1716 261 1760 curam
269 1696 431 1776 religionis
438 1697 489 1759 vel
501 1697 631 1771 ordinis,
643 1697 694 1758 vel
706 1696 840 1776 alicujus
855 1695 1037 1776 provincia,

26 1796 203 1861 monasterii
217 1802 273 1860 aut
294 1798 417 1859 domus.
433 1796 588 1860 Dicuntur
602 1797 746 1874 abbates,
762 1796 884 1876 priores
898 1813 1032 1858 conven-

26 1897 132 1970 tuales,
147 1896 311 1976 prepositi
325 1895 500 1974 generales,
516 1895 651 1956 ministri
665 1895 840 1973 generales,
857 1893 1037 1973 provincia·

27 1994 79 2073 les,
94 1995 274 2072 guardiam,
290 1999 364 2072 etc,
378 2013 437 2074 pro
450 1994 573 2056 diverso
587 2005 717 2057 munere
731 1993 817 2074 quod
833 1997 958 2072 gerunt.

78 2096 220 2158 Assorus
234 2098 306 2156 sunt
318 2093 495 2174 superiores
508 2092 753 2166 monachorum,
771 2109 826 2154 seu
838 2091 1041 2156 monasterio

27 2213 92 2256 rum
106 2194 236 2274 proprie
250 2194 417 2268 dictorum,
433 2212 464 2254 v.
480 2212 525 2272 g.,
544 2191 630 2272 apud
641 2191 871 2268 Benedictinos,
891 2190 1040 2270 Trappis·

27 2299 88 2368 tas;
118 2296 250 2356 Pelorus
275 2308 506 2356 corrueremus
534 2296 608 2352 sunt
638 2289 814 2370 superiores
842 2288 1037 2364 monasterii,

28 2391 110 2470 cujus
125 2392 266 2470 dignitas
284 2390 451 2454 abbatialis
477 2391 571 2456 datur
593 2389 708 2452 clerico
723 2388 868 2450 saeculari
884 2405 941 2467 per
961 2405 1039 2448 com-

28 2488 156 2552 mendam
178 2490 201 2552 ¹.
223 2489 262 2550 Hi
286 2489 406 2569 priores
429 2488 668 2567 aequiparantur
692 2486 861 2548 abbatibus
880 2485 1037 2561 locorum,

29 2587 194 2668 iisdemque
204 2586 331 2667 juribus
344 2586 510 2667 potiuntur
523 2605 582 2665 pro
596 2585 749 2664 regimine
758 2584 884 2646 interno
898 2600 1040 2647 commu·

31 2685 137 2748 nitatis.
151 2686 336 2766 Superiores
348 2684 596 2746 mendicantium
607 2689 640 2746 et
649 2683 836 2745 clericorum
846 2680 1039 2762 regularium

32 2784 151 2846 diversis
172 2784 354 2848 nominibus
374 2783 602 2862 designantur:
626 2787 701 2844 sunt
719 2779 1040 2856 Pnums1r1,voer·

32 2899 118 2944 msrm
134 2899 318 2958 eudemum,
334 2898 556 2956 marmoratas,
580 2897 714 2954 romans,
730 2885 762 2942 et
776 2879 938 2959 eliguntur
948 2877 1041 2958 juxta

34 2987 140 3044 statuta
153 2982 202 3043 sui
217 2981 346 3045 ordinis.

84 3081 220 3144 Abbates
230 3080 617 3160 regularesappellatione
631 3077 837 3158 prelatorum
848 3077 991 3152 veniunt,
1008 3075 1041 3136 in

37 3180 120 3240 sacris
143 3179 318 3242 canonibus
342 3197 349 3240 :
367 3179 422 3241 alii
443 3183 517 3242 sunt
531 3177 707 3256 generales,
725 3177 780 3256 qui
793 3176 901 3238 multis
913 3191 1040 3236 monas·

38 3278 110 3338 tertis
124 3279 182 3339 sub
196 3279 309 3342 eodem
323 3277 476 3356 regimine
501 3275 680 3340 constitutis
693 3274 922 3356 preficiantur,
947 3293 977 3335 v.
994 3291 1041 3351 g,

79 3486 99 3532 t.
107 3483 222 3536 Abbatss
232 3482 452 3536 commendatarii
460 3481 587 3540 dicuntur
596 3480 686 3532 clerici
696 3480 837 3532 seculares
848 3478 947 3542 quihus
956 3477 1042 3542 digni-

40 3561 73 3608 tas
86 3560 224 3612 abhatialis
241 3560 304 3612 data
322 3559 373 3610 luit
390 3559 418 3609 in
436 3558 624 3620 conserendam,
640 3559 775 3626 utlaiuut,
791 3555 818 3606 id
838 3557 879 3604 est
899 3553 950 3605 tuit
969 3568 1042 3604 com·

42 3636 112 3685 missa
130 3649 192 3687 cum
204 3637 265 3699 J'ure
285 3635 392 3686 fruendi
409 3633 539 3685 beneflcio
558 3632 710 3699 temporali,
725 3636 752 3683 et
766 3630 928 3696 quibusdam
943 3645 1030 3696 praero

42 3712 124 3773 galivio
134 3711 299 3774 honorificis,
313 3715 339 3762 et
355 3725 418 3762 cum
430 3725 511 3763 onere
527 3709 686 3776 providendi
700 3707 898 3760 conservationi
910 3707 1042 3759 beneficit.

44 3789 74 3836 De
84 3788 217 3838 beneflciis
228 3787 298 3838 datis
310 3788 338 3838 in
350 3788 529 3838 commendam
541 3787 662 3838 dicemus
674 3790 702 3836 in
714 3787 761 3854 ΠΙι
772 3787 857 3848 parta.
