2494 4258
159 227 237 274 aar.
257 227 278 272 1.
301 225 388 273 orico
409 226 445 272 nr
465 224 617 272 osiacum
638 225 805 275 rnsronmr.
942 223 991 278 361
1058 211 1060 217 “

7 340 994 425 sujusserviDei,universalisbicclesiainerroreminducipos-

7 445 42 503 in
55 443 154 503 cultu
166 439 319 520 publico;
331 440 416 518 quod
426 439 529 500 dicere
537 457 601 499 non
610 439 799 502 sinitsensus
807 444 993 506 catholicus.

16 542 91 602 512.
110 573 156 584 —
171 538 234 598 ΙΙΙθ
243 537 381 611 Ouaesiot
394 537 548 617 fmtcjure
560 538 864 621 commum'praeceptc
871 559 884 618 ,·
893 532 997 604 utrum

10 637 110 718 iscopi
132 635 260 697 cossim
273 653 352 722 novo
368 634 428 694 suis
446 633 619 695 diecesanis
634 634 775 711 indicere,
791 647 845 700 out
859 639 996 703 instituta

7 731 167 796 minuere?

17 835 43 894 1.
61 834 145 905 Quae
168 831 239 892 sint
258 831 338 890 festa
358 848 416 908 per
439 830 549 890 orbem
567 830 757 891 celebranda
777 833 999 898 determinavit

7 949 57 1010 [ue
72 929 230 990 decrevit
245 928 390 990 Urbanus
401 927 470 988 Vlll
485 945 542 1006 per
556 927 819 992 Constitutionem
837 931 994 1009 Universa,

7 1033 71 1088 tam
88 1047 146 1090 an.
165 1027 263 1099 1642,
280 1025 313 1084 in
330 1044 394 1104 qua
411 1025 547 1103 legimus
562 1045 569 1086 :
587 1049 602 1081 α
627 1028 845 1104 ...Apostolica
858 1032 997 1091 auctori·

7 1129 69 1186 tate
85 1124 300 1186 decernimus
318 1130 349 1183 et
370 1123 580 1195 declaramus,
598 1123 827 1203 infrascriptos
843 1126 998 1188 duntaxat

7 1223 71 1283 [lies
86 1241 152 1301 pro
169 1221 264 1282 festis
284 1239 321 1281 ex
341 1224 502 1300 praecepto
522 1220 673 1282 colendos
686 1239 763 1296 esse,
786 1241 865 1301 quos
884 1243 997 1305 nempe

7 1321 57 1382 vel
73 1321 116 1381 ab
138 1321 239 1380 initio
254 1319 436 1379 veneranda
451 1319 586 1379 sacravit
608 1318 791 1398 antiquitas,
808 1322 857 1382 vel
876 1324 1000 1385 univer-

9 1419 82 1480 salis
98 1419 259 1480 Ecclesiae
267 1417 414 1497 probavit
423 1418 628 1490 consuetudo,
646 1416 696 1477 vel
705 1417 846 1478 omnium
858 1421 999 1498 gentium

11 1518 176 1578 unanimis
203 1515 319 1595 pietas
340 1520 509 1575 veneratur
537 1531 544 1574 :
581 1515 763 1576 Dominicos
789 1517 908 1578 scilicet
933 1519 1000 1580 dies

12 1616 108 1676 totius
117 1615 213 1689 anni,
223 1612 444 1674 Natiuitatisll.
458 1615 494 1672 N.
508 1612 582 1671 Jesu
595 1612 722 1688 Christi,
736 1613 998 1691 Circumcisionis,

14 1713 221 1792 Epiphaniae,
253 1709 512 1771 Resurrectionis'
532 1727 603 1769 cum
638 1709 761 1770 duabus
797 1715 1001 1790 sequentibus

16 1809 109 1886 seriis,
140 1808 358 1882 Ascensionis,
385 1809 589 1868 Pentecostes
622 1825 694 1868 cum
727 1809 851 1869 duabus
881 1812 1002 1889 pariter

19 1909 228 1986 sequentibus
248 1906 343 1982 seriis,
362 1904 573 1967 Sanctissimae
594 1904 767 1979 Trinitatis,
785 1907 1001 1970 solemnitatis

20 2005 165 2084 Corporis
191 2004 321 2077 Christi,
343 2008 374 2064 et
393 2001 587 2064 inventionis
608 2008 725 2064 sanctae
743 2004 859 2080 Crucis,
877 2026 1001 2068 necnon

21 2101 231 2165 festivitatum
240 2100 482 2174 Purificationis
494 2100 760 2175 Annuntiationis,
770 2105 1002 2183 Assumptionis

23 2204 51 2259 et
65 2186 250 2262 Natiuitatis
264 2199 406 2277 Deiparae
414 2198 561 2276 Virginis,
573 2199 785 2259 Dedicationis
795 2201 827 2261 S.
839 2201 1002 2262 Michaelis

25 2297 228 2378 Archangeli,
258 2296 436 2357 Nativitatis
456 2297 487 2358 S.
507 2296 638 2358 Joannis
659 2295 819 2374 Baptistae,
841 2298 894 2359 SS.
916 2300 1003 2360 Petri

28 2399 55 2453 et
67 2397 169 2472 Pauli,
186 2399 221 2459 S.
245 2395 390 2467 Andreae,
407 2393 440 2454 S.
455 2393 577 2466 Jacobi,
596 2394 628 2455 S.
644 2393 785 2469 Ioannis,
805 2395 836 2455 S.
857 2395 1002 2472 Thomae,

28 2491 77 2553 SS.
92 2494 283 2574 Philippici
299 2492 423 2566 Jacobi,
436 2492 467 2552 S.
480 2490 714 2568 Bartholomaei,
730 2493 763 2554 S.
775 2492 928 2569 Matthaei,
946 2495 1000 2557 SS.

13 2607 14 2640 1
31 2589 161 2652 Simonis
174 2597 207 2653 et
222 2593 240 2653 J
244 2591 325 2664 udae,
340 2596 372 2650 et
388 2589 419 2650 S.
437 2588 591 2663 Matthiae,
609 2589 724 2650 Christi
738 2590 864 2651 Domini
881 2598 1007 2671 aposto-

14 2684 144 2764 lorum,
167 2691 246 2751 item
266 2691 297 2751 S.
320 2687 474 2766 Stephani
490 2686 743 2766 protomartyris,
769 2689 823 2750 SS.
848 2689 1003 2751 Innocen-

15 2801 18 2834 r
34 2783 117 2863 tium,
134 2789 166 2850 S.
193 2786 358 2848 Laurentii
380 2785 538 2865 martyris,
563 2785 594 2846 S.
611 2784 763 2864 Sylvestri
777 2804 869 2865 papae
883 2792 914 2848 et
929 2806 1005 2849 con-

16 2899 19 2929 r
36 2879 163 2960 fossoris,
175 2888 207 2948 S.
217 2884 338 2963 Ioseph
349 2883 445 2944 etiam
454 2883 650 2956 confessoris,
661 2888 693 2943 et
705 2885 735 2945 S.
744 2885 853 2959 Annae,
861 2886 1004 2965 Deiparae

17 2984 202 3058 trespeetive
229 2982 337 3063 sponsi
367 3000 403 3042 ac
431 2981 600 3060 genitricis,
625 2980 831 3042 solemnitatis
859 2984 1006 3044 Omnium

18 3091 24 3126 ι
41 3074 219 3142 Sanctorum
246 3086 341 3160 atque
363 3079 456 3140 unius
471 3097 510 3139 ex
520 3077 797 3166 principalioribus
816 3081 961 3140 Patronis
973 3081 1007 3140 in

19 3189 24 3220 ι
42 3188 234 3257 quocumque
244 3195 342 3256 regno
355 3177 419 3238 sive
432 3175 595 3257 provincia
605 3180 637 3235 et
653 3174 781 3236 alterius
795 3170 914 3255 pariter
924 3176 1009 3255 prin·

20 3285 28 3312 ἵ(
45 3267 192 3345 cipalioris
212 3277 244 3336 in
269 3293 470 3354 quacumque
490 3273 626 3348 civitate,
643 3273 771 3351 oppido,
788 3272 838 3333 vel
857 3292 940 3351 pago
953 3272 1009 3333 ubi

21 3379 28 3412 ¹
45 3359 96 3425 hos
109 3372 377 3446 patronoshaberi
387 3377 419 3432 et
426 3371 570 3432 venerari
578 3370 754 3448 contigerit.
768 3393 784 3426 »
796 3368 888 3431 Aliud
899 3377 1010 3448 postea

22 3451 1008 3549 lestumdepraeceptoadditumiuitmemoratisabUrbanonll,

23 3567 115 3637 tempe
130 3563 241 3628 festum
255 3567 470 3630 Immaculatae
486 3566 716 3645 Conceptionis‚
734 3565 920 3645 quodlonge
938 3570 1010 3628 ante

24 3643 259 3726 tonsututionem
275 3666 395 3728 Urbani
406 3665 636 3726 celebrabatur.

114 3805 183 3838 rnna.
197 3810 246 3842 sun.
263 3811 316 3842 cis.
329 3810 353 3842 n.
835 3781 866 3835 21
