2632 4260
283 185 354 234 aar.
376 184 422 234 111.
443 183 660 242 osbltlrlbttss
679 183 876 234 obsalcosurr.
1054 176 1088 232 43

84 304 148 350 nem
157 284 225 365 jam
235 285 373 364 amplius
384 302 498 347 uxores
510 303 574 346 non
591 285 755 346 ducerent.
772 281 932 364 Quidquid
944 282 1090 358 sit,·nihil

82 384 158 447 enim
173 403 211 446 ea
223 385 264 445 de
285 403 319 446 re
339 387 489 446 testatum
502 383 699 464 reliquerunt
721 387 793 443 acta
813 381 938 443 concilii
957 381 1086 456 Nicaeni,

80 481 238 542 indubium
250 486 298 542 est
311 499 331 541 a
342 486 486 559 tempore
502 481 614 541 saltem
630 479 757 542 concilii
771 479 803 539 in
822 477 925 540 Troilo
941 497 996 540 scu
1014 477 1087 554 Oui-

79 579 183 640 oirccti
220 578 316 658 (anno
350 579 421 653 692,
462 596 531 640 can.
568 580 587 639 6
617 582 650 640 et
685 577 747 658 13),
778 563 962 640 concessum
992 577 1087 639 luisse

78 677 157 756 apud
182 677 320 752 Graecos,
346 675 539 756 presbyteris
561 682 594 738 et
613 675 756 739 diaconis
781 675 829 736 uti
854 675 918 736 suis
937 675 1087 736 uxoribus

77 775 171 836 ductis
191 780 265 836 ante
286 774 533 849 ordinationem3
554 779 585 836 et
609 774 818 837 constitutum
836 778 873 834 ut
891 791 956 834 non
971 772 1025 834 alii
1046 773 1086 834 ad

76 872 286 952 episcopatum
312 878 578 952 promoverentur
605 873 665 934 nisi
686 872 742 953 qui
768 871 893 936 caelibas
921 870 1085 950 vixissent,

74 974 124 1031 aut
133 987 163 1030 se
172 970 401 1032 continentiam
410 975 565 1052 perpetuo
578 974 758 1034 servaturos
767 971 969 1050 sponderent.
981 969 1087 1030 Eccle-

75 1068 115 1127 sia
131 1069 275 1130 Romana
295 1087 432 1131 canones
449 1069 617 1131 Trullanos
633 1086 804 1150 nunquam
824 1087 879 1129 sua
897 1067 1087 1129 auctoritate

75 1166 184 1243 sanxit3
210 1166 360 1230 toleravit
381 1173 501 1241 tamen,
527 1167 568 1229 ob
589 1168 711 1229 bonum
728 1167 830 1246 pacis,
854 1171 1086 1244 temperamen-

76 1269 134 1324 tum
146 1265 310 1343 primaavae
326 1265 501 1346 disciplina
517 1265 694 1328 inductum.
713 1264 818 1338 Latini
831 1263 950 1326 idcirco
962 1263 1085 1325 nullam

75 1361 107 1422 de
122 1362 272 1424 caelibatu
286 1363 475 1425 elericorum
491 1363 699 1444 quaestionem
710 1381 782 1424 oum
795 1361 909 1424 Graecis
918 1365 1086 1423 moverunt

74 1459 244 1522 inconcilio
262 1461 457 1538 Florentino,
475 1462 604 1541 quando
622 1462 661 1523 de
680 1477 827 1539 regressu
842 1462 1023 1546 Graecorum
1043 1457 1086 1518 ad

75 1555 220 1618 unitatem
236 1559 423 1623 actumluit.
533 1587 536 1594 ·

124 1654 194 1717 337.
212 1689 252 1702 -
267 1658 319 1718 111.
337 1658 599 1738 'tolerantiaque
614 1677 672 1721 usa
683 1664 732 1720 est
745 1657 887 1720 Ecclesia
899 1655 1085 1718 Latinares·

74 1757 157 1828 pactu
168 1751 363 1816 clericorum
374 1753 523 1818 Ecclesiae
537 1755 712 1831 orientalis,
726 1757 843 1835 probat
865 1771 923 1815 nec
943 1753 1015 1834 jura
1029 1769 1085 1814 na-

71 1851 150 1927 tura,
165 1869 227 1913 nec
236 1849 309 1930 jure
323 1852 429 1914 divino
446 1853 674 1916 continentiam
689 1853 835 1917 connecti
854 1851 1017 1913 ordinibus
1036 1869 1082 1911 sa·

71 1946 132 2007 cris.
157 1949 339 2012 Canonistae
363 1955 472 2013 tenent
493 1952 694 2014 communius
711 1951 939 2032 obligationem
956 1946 1084 2010 fundari

70 2043 154 2106 simul
171 2046 205 2108 in
218 2047 289 2126 lege
304 2048 518 2124 ecclesiastica
530 2056 562 2112 et
573 2051 606 2111 in
621 2055 707 2113 voto.

121 2145 165 2204 De
179 2144 251 2228 lege
267 2146 422 2209 canonica
434 2166 484 2210 res
494 2147 670 2210 certissima
684 2153 731 2210 est
748 2167 755 2210 :
771 2148 878 2227 quoad
888 2151 1009 2219 votum,
1026 2145 1083 2206 Bo·

72 2239 196 2303 nilacius
216 2244 285 2306 Vlll
304 2243 409 2306 innuit
430 2244 510 2306 illud
528 2246 726 2308 intercedere
745 2246 858 2308 saltem
875 2242 1027 2323 implicite
1048 2241 1081 2302 in

70 2341 264 2420 susceptione
278 2360 441 2404 sacrorum
460 2342 619 2420 ordinum,
637 2342 714 2404 dum
728 2343 762 2404 in
781 2361 851 2423 cap.
868 2339 1080 2417 (laodomam,
1103 2394 1107 2402 .

72 2451 103 2497 ns
120 2439 218 2512 Vero,
235 2439 290 2500 lib.
314 2441 368 2516 111,
387 2441 420 2502 in
441 2450 498 2515 v1⁰‚
517 2441 594 2504 dicit
615 2459 623 2502 ε
648 2465 663 2498 «
683 2441 916 2503 Declarandum
933 2436 1081 2498 duximus

72 2558 86 2587 ι
98 2533 176 2596 illud
198 2537 301 2598 solum
319 2543 430 2601 votum
450 2539 512 2602 dici
529 2538 644 2601 debere
664 2538 843 2601 solemne...
859 2537 945 2618 quod
964 2534 1079 2598 solem·

71 2632 233 2694 «bicatum
255 2635 352 2697 fucrit
368 2655 426 2716 per
444 2637 677 2716 susceptionem
695 2637 814 2698 ordinis
834 2635 925 2709 sacri,
947 2638 1003 2694 aut
1023 2648 1081 2713 per

74 2731 325 2809 «professionem
337 2752 519 2816 expressam
534 2734 585 2794 vel
599 2734 729 2796 tacitam
743 2735 860 2795 factam
873 2731 969 2794 alicui
983 2731 1021 2792 de
1035 2748 1081 2790 rc·

72 2826 267 2907 «ligionibus
285 2850 342 2910 per
358 2831 474 2894 Sedem
488 2832 703 2912 Apostolicam
719 2831 914 2912 approbatis.
931 2853 946 2885 a
964 2830 1078 2890 Neces-

70 2924 181 2986 sarium
199 2946 263 2988 non
283 2933 330 2990 est
350 2934 385 2990 ut
403 2929 511 2991 clerici
527 2931 568 2992 ad
587 2930 852 2992 subdiaconatum
872 2924 1079 3007 promovendi

70 3026 171 3084 votum
186 3025 332 3104 explicite
349 3027 517 3102 emittant;
534 3027 651 3089 sulficit
665 3028 693 3088 si
710 3046 801 3090 suam
815 3013 1023 3088 intentionem
1038 3022 1080 3084 ad

70 3126 202 3182 mentem
218 3123 362 3185 Ecclesiae
375 3126 574 3188 conformare
589 3125 766 3188 intendant.

124 3217 232 3280 Clerici
248 3221 381 3299 proinde
401 3223 467 3302 qui,
489 3229 562 3302 post
578 3199 742 3303 suscc⁰ptos
761 3241 868 3284 sacros
885 3221 1021 3293 ordines,
1044 3217 1077 3278 in

70 3321 227 3390 paccatum
247 3317 381 3381 luxuriae
403 3320 579 3384 miserrime
599 3322 761 3395 labuntur,
783 3319 916 3400 duplicis
939 3315 1078 3378 criminis

70 3427 134 3473 reos
149 3430 180 3473 se
196 3415 412 3493 constituunt3
428 3418 549 3480 violent
564 3417 658 3479 simul
673 3419 776 3497 legem
789 3416 968 3479 naturalem
983 3413 1077 3476 casti·

70 3507 148 3585 tetis,
160 3512 347 3573 etvirtutem
357 3515 529 3593 religIonis,
541 3516 626 3595 quod
634 3516 836 3594 sacrilegium
845 3513 988 3575 includit.
999 3514 1078 3575 Gum

69 3605 149 3666 enim
165 3606 216 3670 lex
231 3612 386 3674 canonica
405 3614 581 3676 castitatem
602 3615 719 3676 servari
736 3613 900 3695 praecipiat
913 3613 947 3673 in
967 3610 1093 3696 ordine,

69 3703 107 3763 ad
129 3705 272 3770 virtutem
295 3710 468 3790 religionis,
492 3718 527 3774 ut
546 3730 660 3791 nempe
683 3712 789 3776 clerici
812 3711 960 3773 decenter
981 3706 1077 3770 sacris
