2632 4260
223 251 257 303 32
411 235 418 242 ’
592 255 665 302 rsus
684 255 718 304 11.
739 255 869 303 cauum.

222 374 313 434 rioris
335 373 390 453 qui
408 379 574 454 reputatur
588 371 754 452 dispositio
773 373 963 434 conveniens
982 375 1163 436 adsacrum
1178 376 1238 436 rni-

221 471 384 532 nisterium
410 471 443 532 in
468 473 568 552 gradu
595 470 749 551 superiori
772 470 832 532 rite
861 469 1116 552 adimplendum;
1143 491 1241 535 causa

222 568 319 648 igitur
334 569 460 632 sublata
471 589 528 651 per
542 567 821 650 dispensationem,
834 569 975 630 aufertur
989 570 1174 650 prohibitio.
1307 653 1308 656 Ἴ

280 666 351 729 Dixi
372 685 380 728 ε
403 665 472 729 Nisi
489 667 740 741 ministraverunt,
762 666 856 728 etita
879 685 951 728 cum
973 668 1059 729 maia
1079 668 1141 731 fide
1161 687 1239 748 ege-

220 766 300 842 rint;
329 767 516 846 omnesqui
540 766 643 844 legem
667 765 853 827 canonicam
881 770 1000 826 temere
1023 767 1145 829 violant
1167 769 1238 830 fun·

220 864 323 942 gendo
333 865 429 926 sacris
440 864 633 939 ministeriis,
648 869 797 926 tenentur
815 881 975 925 recurrere
999 865 1039 925 ad
1054 867 1087 928 S.
1102 867 1236 928 Pontifi-
1307 873 1308 902 t

220 980 304 1038 cem3
324 964 409 1042 quod
426 981 464 1024 ex
485 968 571 1024 textu
594 961 720 1024 concilii
739 961 949 1038 concluditur,
964 981 1036 1025 oum
1060 982 1156 1044 super
1174 965 1238 1027 hoc
1307 955 1308 960 ¹

218 1061 365 1141 Episcopi
384 1079 448 1122 nou
462 1061 603 1123 habeant
622 1059 675 1141 jus
695 1060 909 1140 dispensandi.

257 1251 289 1309 3θ
310 1265 350 1312 ΒΕ
370 1265 583 1324 lacessamus
606 1265 646 1312 DE
667 1265 815 1312 STATUTIS
836 1267 1036 1325 TEMPORIBUS,
1060 1269 1100 1312 ET
1120 1267 1195 1314 Loco

600 1363 844 1410 oanlntulonuti.

276 1539 347 1598 327.
370 1537 397 1598 1⁰
421 1535 501 1612 (tuit
516 1536 593 1616 jure
608 1536 820 1622 pemscm'plnrn
836 1537 876 1596 sit
899 1535 934 1597 dc
958 1538 1129 1600 enterstitlt‘s
1150 1540 1234 1601 entra

220 1633 355 1716 stropulos
364 1633 569 1696 ordinationes
581 1623 757 1696 servandis?

275 1734 298 1795 Ι.
311 1735 338 1795 Α
349 1734 503 1814 primaeva
517 1738 611 1796 atate
625 1732 766 1794 Ecclesia
779 1733 1020 1814 sapientissimis
1031 1735 1148 1814 regulis
1160 1755 1235 1817 pro-

214 1834 294 1897 vidit
308 1839 345 1894 ut
360 1837 561 1896 servarentur
572 1831 743 1894 interstitia
756 1832 839 1894 inter
855 1833 993 1908 ordines,
1009 1835 1049 1896 de
1062 1853 1126 1916 quo
1141 1835 1230 1898 suffi-
1307 1821 1308 1824 ¹

214 1935 278 1996 ciat
290 1933 407 1994 iterum
427 1931 524 1992 citare
546 1930 712 2011 epistolam
733 1932 861 2012 Zozymi
884 1932 924 1993 ad
946 1933 1138 2013 Hesychium
1159 1937 1235 2015 Epi·
1307 1951 1308 1954 ’

214 2050 345 2112 scopum
360 2031 590 2102 Salonitanum,
606 2047 702 2109 quam
719 2029 815 2091 modo
836 2031 1104 2111 memoravimus:
1122 2055 1139 2090 a
1156 2035 1234 2096 Haec
1307 2067 1308 2108 3

218 2154 232 2189 u
247 2136 354 2191 autem
369 2128 503 2207 singulis
518 2127 669 2208 gradihus
678 2128 872 2190 observanda
890 2135 964 2190 sunt
975 2135 1130 2209 tempora.
1144 2131 1179 2193 Si
1189 2133 1233 2194 ab
1307 2149 1308 2156 ¹

215 2252 232 2286 u
247 2228 381 2290 iniantia
401 2226 623 2289 ecclesiasticis
644 2227 826 2288 ministeriis
849 2245 967 2290 nomen
990 2228 1124 2308 dederit,
1146 2229 1234 2291 inter
1307 2247 1308 2266 ³

214 2351 229 2384 (ι
247 2327 380 2389 lectores
399 2345 500 2406 usque
516 2326 557 2387 ad
572 2325 762 2405 vigesimum
781 2325 884 2388 aetatis
903 2344 1023 2388 annum
1043 2328 1233 2390 continuata

216 2451 231 2482 «
246 2424 465 2487 observatione
479 2425 641 2504 perduret.
664 2423 697 2484 Si
716 2423 820 2504 major
836 2423 904 2503 jam
923 2430 955 2486 at
974 2426 1163 2504 grandaevus
1179 2447 1230 2490 ac·
1307 2451 1308 2454 ¹

213 2549 228 2580 ι(
245 2523 384 2601 cesserit,
400 2523 446 2584 ita
463 2528 571 2584 tamen
584 2528 620 2583 ut
635 2528 706 2602 post
726 2521 921 2602 baptismum
936 2524 1054 2598 statim,
1071 2525 1097 2585 si
1111 2525 1229 2590 divinae
1307 2561 1308 2578 2

214 2643 229 2681 c
242 2620 363 2682 militiae
377 2620 536 2682 desiderat
544 2620 731 2700 mancipari,
747 2621 811 2682 sive
825 2621 909 2682 inter
927 2621 1073 2696 lectores,
1096 2623 1161 2684 sive
1177 2625 1226 2684 in·
1307 2651 1308 2702 4

214 2745 228 2774 u
241 2724 291 2780 ter
305 2718 477 2780 exorcistas
496 2717 712 2798 quinquennio
733 2723 879 2780 teneatur
903 2737 910 2779 :
932 2719 1045 2780 exinde
1059 2720 1229 2800 acolythus
1307 2743 1308 2748 ¹

213 2843 226 2876 t
242 2819 292 2880 vel
307 2817 518 2880 subdiaconus
534 2821 670 2896 quatuor
682 2817 788 2890 annis;
804 2821 835 2877 et
854 2814 907 2877 sic‘
917 2818 958 2878 ad
970 2818 1226 2882 benedictionem

211 2940 226 2972 r<
243 2915 439 2992 diaconatus,
455 2915 481 2976 si
498 2920 648 2991 meretur,
666 2914 813 2990 accedat;
831 2915 865 2974 in
878 2933 941 2994 quo
957 2916 1068 2977 ordine
1083 2918 1228 2999 quinque

214 3037 229 3074 c
241 3014 343 3088 annis,
360 3013 387 3074 si
407 3013 568 3094 inculpate
588 3031 620 3074 sc
642 3012 784 3090 gesserit,
808 3012 931 3075 harere
945 3014 1084 3077 debebit.
1101 3017 1226 3080 Exinde
1307 3043 1308 3046 ¹

212 3139 227 3168 a
241 3111 489 3190 suffragantibus
503 3109 677 3191 stipendiis,
692 3127 749 3188 per
770 3115 819 3172 tot
839 3113 957 3188 gradus
981 3112 1064 3173 datis
1085 3116 1226 3195 propriae
1307 3107 1308 3112 ¹

206 3235 226 3266 .«
242 3209 316 3278 fidei
334 3209 541 3284 documentis,
562 3208 750 3288 presbyterii
779 3208 993 3271 sacerdotium
1017 3211 1134 3290 poterit
1151 3231 1228 3292 pro-

209 3333 225 3364 «
240 3307 368 3370 mereri.
386 3329 402 3365 n
1118 3327 1121 3334 ¹

267 3405 473 3485 Disciplinam
488 3404 739 3481 interstitiorum,
755 3405 918 3485 paulisper
932 3411 1142 3486 temperatam
1154 3427 1225 3473 suc·
1307 3417 1308 3456 ³

208 3521 296 3566 cessu
319 3509 510 3584 temporum,
542 3501 586 3563 sic
610 3503 832 3564 determinavit
861 3503 1031 3565 concilium
1061 3506 1223 3570 Tridenti-
1307 3569 1308 3586 ,

207 3620 283 3662 num
304 3603 361 3661 :1⁰
382 3601 518 3663 Minores
542 3600 667 3662 ordines
689 3619 747 3680 per
764 3605 943 3681 temporum
961 3601 1143 3681 interstitia,
1157 3610 1222 3668 nise

208 3698 359 3780 Epr‘scopo
368 3697 454 3760 alind
465 3700 563 3778 mupis
575 3697 716 3780 capedine
729 3698 879 3774 uideatur,
893 3701 1106 3764 conferantur.
1121 3705 1222 3766 'Suffi-
