<?xml version="1.0" encoding="UTF-8"?>
<!DOCTYPE html PUBLIC "-//W3C//DTD XHTML 1.0 Transitional//EN"
    "http://www.w3.org/TR/xhtml1/DTD/xhtml1-transitional.dtd">
<html xmlns="http://www.w3.org/1999/xhtml" xml:lang="en" lang="en">
 <head>
  <title>
</title>
<meta http-equiv="Content-Type" content="text/html;charset=utf-8" />
  <meta name='ocr-system' content='tesseract 3.04.00' />
  <meta name='ocr-capabilities' content='ocr_page ocr_carea ocr_par ocr_line ocrx_word'/>
</head>
<body>
  <div class='ocr_page' id='page_1' title='image "./praelectionesju00murrgoog_0456.png"; bbox 0 0 2604 4274; ppageno 0'>
   <div class='ocr_carea' id='block_1_1' title="bbox 251 344 1075 405">
    <p class='ocr_par' dir='ltr' id='par_1_1' title="bbox 251 344 1075 405">
     <span class='ocr_line' id='line_1_1' title="bbox 251 344 1075 405; baseline -0.007 -1"><span class='ocrx_word' id='word_1_1' title='bbox 251 357 318 404; x_wconf 78' lang='grc' dir='ltr'><strong>ΛΒΤ.</strong></span> <span class='ocrx_word' id='word_1_2' title='bbox 340 356 360 405; x_wconf 92' lang='lat'><strong>1.</strong></span> <span class='ocrx_word' id='word_1_3' title='bbox 382 357 524 404; x_wconf 70' lang='lat' dir='ltr'><strong>acclama</strong></span> <span class='ocrx_word' id='word_1_4' title='bbox 546 357 582 403; x_wconf 78' lang='lat' dir='ltr'><strong>BT</strong></span> <span class='ocrx_word' id='word_1_5' title='bbox 602 354 732 403; x_wconf 73' lang='lat' dir='ltr'><strong>acculei</strong></span> <span class='ocrx_word' id='word_1_6' title='bbox 752 355 886 402; x_wconf 79' lang='lat' dir='ltr'><strong>rnlvlrl.</strong></span> <span class='ocrx_word' id='word_1_7' title='bbox 1023 344 1075 399; x_wconf 67' lang='lat'><strong>445</strong></span> 
     </span>
    </p>
   </div>
   <div class='ocr_carea' id='block_1_2' title="bbox 25 455 1085 3876">
    <p class='ocr_par' dir='ltr' id='par_1_2' title="bbox 25 455 1085 1414">
     <span class='ocr_line' id='line_1_2' title="bbox 25 455 1075 552; baseline 0.004 -23"><span class='ocrx_word' id='word_1_8' title='bbox 25 467 162 552; x_wconf 87' lang='lat' dir='ltr'><strong>hujus</strong></span> <span class='ocrx_word' id='word_1_9' title='bbox 172 461 415 536; x_wconf 87' lang='lat' dir='ltr'><strong>consecrationis</strong></span> <span class='ocrx_word' id='word_1_10' title='bbox 429 455 650 536; x_wconf 82' lang='lat' dir='ltr'><strong>describuntur</strong></span> <span class='ocrx_word' id='word_1_11' title='bbox 660 473 693 533; x_wconf 91' lang='lat' dir='ltr'><strong>in</strong></span> <span class='ocrx_word' id='word_1_12' title='bbox 707 471 895 533; x_wconf 88' lang='lat' dir='ltr'><strong>Pontificali.</strong></span> <span class='ocrx_word' id='word_1_13' title='bbox 912 470 994 532; x_wconf 89' lang='lat' dir='ltr'><strong>Illud</strong></span> <span class='ocrx_word' id='word_1_14' title='bbox 1008 487 1075 549; x_wconf 82' lang='lat' dir='ltr'><strong>prae</strong></span> 
     </span>
     <span class='ocr_line' id='line_1_3' title="bbox 27 561 1074 648; baseline -0.002 -19"><span class='ocrx_word' id='word_1_15' title='bbox 27 570 186 630; x_wconf 75' lang='lat' dir='ltr'><strong>caeteris</strong></span> <span class='ocrx_word' id='word_1_16' title='bbox 193 571 380 644; x_wconf 87' lang='lat' dir='ltr'><strong>notandum,</strong></span> <span class='ocrx_word' id='word_1_17' title='bbox 391 571 514 632; x_wconf 90' lang='lat' dir='ltr'><strong>nullum</strong></span> <span class='ocrx_word' id='word_1_18' title='bbox 528 571 627 632; x_wconf 88' lang='lat' dir='ltr'><strong>altare</strong></span> <span class='ocrx_word' id='word_1_19' title='bbox 642 568 817 632; x_wconf 87' lang='lat' dir='ltr'><strong>consecrari</strong></span> <span class='ocrx_word' id='word_1_20' title='bbox 827 568 904 648; x_wconf 92' lang='lat' dir='ltr'><strong>quin</strong></span> <span class='ocrx_word' id='word_1_21' title='bbox 913 561 1074 628; x_wconf 87' lang='lat' dir='ltr'><strong>includan-</strong></span> 
     </span>
     <span class='ocr_line' id='line_1_4' title="bbox 28 664 1074 746; baseline 0.001 -23"><span class='ocrx_word' id='word_1_22' title='bbox 28 669 113 725; x_wconf 85' lang='lat' dir='ltr'><strong>tur</strong></span> <span class='ocrx_word' id='word_1_23' title='bbox 125 685 226 728; x_wconf 85' lang='lat' dir='ltr'><strong>sacrae</strong></span> <span class='ocrx_word' id='word_1_24' title='bbox 242 668 400 746; x_wconf 75' lang='lat' dir='ltr'><strong>reliquia,</strong></span> <span class='ocrx_word' id='word_1_25' title='bbox 417 668 501 729; x_wconf 89' lang='lat' dir='ltr'><strong>unde</strong></span> <span class='ocrx_word' id='word_1_26' title='bbox 516 667 661 729; x_wconf 82' lang='lat' dir='ltr'><strong>sacerdos</strong></span> <span class='ocrx_word' id='word_1_27' title='bbox 676 667 847 728; x_wconf 87' lang='lat' dir='ltr'><strong>ascendens</strong></span> <span class='ocrx_word' id='word_1_28' title='bbox 860 664 958 726; x_wconf 84' lang='lat' dir='ltr'><strong>altare</strong></span> <span class='ocrx_word' id='word_1_29' title='bbox 973 665 1074 726; x_wconf 86' lang='lat' dir='ltr'><strong>Deum</strong></span> 
     </span>
     <span class='ocr_line' id='line_1_5' title="bbox 31 762 1073 847; baseline 0.001 -24"><span class='ocrx_word' id='word_1_30' title='bbox 31 770 213 840; x_wconf 74' lang='lat' dir='ltr'>precatur</span> <span class='ocrx_word' id='word_1_31' title='bbox 231 765 409 846; x_wconf 80' lang='lat' dir='ltr'><strong>per-merita</strong></span> <span class='ocrx_word' id='word_1_32' title='bbox 431 765 612 827; x_wconf 72' lang='lat' dir='ltr'><strong>Sacratorcm</strong></span> <span class='ocrx_word' id='word_1_33' title='bbox 630 784 759 847; x_wconf 84' lang='lat' dir='ltr'><strong>quorum</strong></span> <span class='ocrx_word' id='word_1_34' title='bbox 773 763 908 844; x_wconf 81' lang='lat' dir='ltr'><strong>reliquiae</strong></span> <span class='ocrx_word' id='word_1_35' title='bbox 925 762 973 826; x_wconf 17' lang='lat' dir='ltr'><strong>laic</strong></span> <span class='ocrx_word' id='word_1_36' title='bbox 991 770 1073 824; x_wconf 76' lang='lat' dir='ltr'><strong>sunt.</strong></span> 
     </span>
     <span class='ocr_line' id='line_1_6' title="bbox 32 861 1071 943; baseline -0.003 -23"><span class='ocrx_word' id='word_1_37' title='bbox 32 861 207 922; x_wconf 87' lang='lat' dir='ltr'><strong>Oratoria</strong></span> <span class='ocrx_word' id='word_1_38' title='bbox 229 863 469 924; x_wconf 74' lang='lat' dir='ltr'><strong>aedificabantur</strong></span> <span class='ocrx_word' id='word_1_39' title='bbox 495 863 573 926; x_wconf 91' lang='lat' dir='ltr'><strong>olim</strong></span> <span class='ocrx_word' id='word_1_40' title='bbox 603 880 699 943; x_wconf 85' lang='lat' dir='ltr'><strong>supra</strong></span> <span class='ocrx_word' id='word_1_41' title='bbox 719 862 857 923; x_wconf 82' lang='lat' dir='ltr'><strong>tumulos</strong></span> <span class='ocrx_word' id='word_1_42' title='bbox 885 861 1071 938; x_wconf 79' lang='lat' dir='ltr'><strong>Martyrum,</strong></span> 
     </span>
     <span class='ocr_line' id='line_1_7' title="bbox 36 959 1070 1042; baseline -0.003 -23"><span class='ocrx_word' id='word_1_43' title='bbox 36 976 157 1036; x_wconf 90' lang='lat' dir='ltr'><strong>quem</strong></span> <span class='ocrx_word' id='word_1_44' title='bbox 179 979 300 1021; x_wconf 90' lang='lat' dir='ltr'><strong>morem</strong></span> <span class='ocrx_word' id='word_1_45' title='bbox 322 961 463 1042; x_wconf 83' lang='lat' dir='ltr'><strong>Ecclesia</strong></span> <span class='ocrx_word' id='word_1_46' title='bbox 489 960 623 1022; x_wconf 91' lang='lat' dir='ltr'><strong>retinere</strong></span> <span class='ocrx_word' id='word_1_47' title='bbox 650 960 771 1034; x_wconf 77' lang='lat' dir='ltr'><strong>statuit,</strong></span> <span class='ocrx_word' id='word_1_48' title='bbox 802 959 909 1038; x_wconf 50' lang='lat' dir='ltr'><strong>quoad,</strong></span> <span class='ocrx_word' id='word_1_49' title='bbox 936 960 1070 1036; x_wconf 89' lang='lat' dir='ltr'><strong>poterat,</strong></span> 
     </span>
     <span class='ocr_line' id='line_1_8' title="bbox 36 1057 1071 1138; baseline -0.002 -22"><span class='ocrx_word' id='word_1_50' title='bbox 36 1059 246 1136; x_wconf 85' lang='lat' dir='ltr'><strong>reponendo</strong></span> <span class='ocrx_word' id='word_1_51' title='bbox 260 1060 409 1138; x_wconf 82' lang='lat' dir='ltr'>reliquias</span> <span class='ocrx_word' id='word_1_52' title='bbox 425 1062 613 1122; x_wconf 89' lang='lat' dir='ltr'><strong>Sanctorum</strong></span> <span class='ocrx_word' id='word_1_53' title='bbox 632 1060 690 1121; x_wconf 89' lang='lat' dir='ltr'><strong>sub</strong></span> <span class='ocrx_word' id='word_1_54' title='bbox 709 1058 812 1132; x_wconf 88' lang='lat' dir='ltr'><strong>altari,</strong></span> <span class='ocrx_word' id='word_1_55' title='bbox 835 1057 911 1137; x_wconf 89' lang='lat' dir='ltr'><strong>quia</strong></span> <span class='ocrx_word' id='word_1_56' title='bbox 930 1072 1071 1116; x_wconf 88' lang='lat' dir='ltr'><strong>summo·</strong></span> 
     </span>
     <span class='ocr_line' id='line_1_9' title="bbox 35 1153 1070 1237; baseline -0.002 -22"><span class='ocrx_word' id='word_1_57' title='bbox 35 1172 132 1232; x_wconf 88' lang='lat' dir='ltr'><strong>pere</strong></span> <span class='ocrx_word' id='word_1_58' title='bbox 147 1157 297 1235; x_wconf 89' lang='lat' dir='ltr'><strong>expedire</strong></span> <span class='ocrx_word' id='word_1_59' title='bbox 308 1157 473 1237; x_wconf 85' lang='lat' dir='ltr'><strong>judicavit,</strong></span> <span class='ocrx_word' id='word_1_60' title='bbox 490 1159 515 1218; x_wconf 86' lang='lat' dir='ltr'><strong>si</strong></span> <span class='ocrx_word' id='word_1_61' title='bbox 531 1161 766 1220; x_wconf 85' lang='lat' dir='ltr'><strong>sacrosanctum</strong></span> <span class='ocrx_word' id='word_1_62' title='bbox 786 1154 972 1216; x_wconf 84' lang='lat' dir='ltr'><strong>sacrificium</strong></span> <span class='ocrx_word' id='word_1_63' title='bbox 992 1153 1070 1214; x_wconf 85' lang='lat' dir='ltr'><strong>olie-</strong></span> 
     </span>
     <span class='ocr_line' id='line_1_10' title="bbox 38 1249 1085 1336; baseline -0.004 -24"><span class='ocrx_word' id='word_1_64' title='bbox 38 1259 148 1313; x_wconf 87' lang='lat' dir='ltr'><strong>ratur</strong></span> <span class='ocrx_word' id='word_1_65' title='bbox 167 1255 232 1316; x_wconf 88' lang='lat' dir='ltr'><strong>Deo</strong></span> <span class='ocrx_word' id='word_1_66' title='bbox 256 1273 350 1334; x_wconf 89' lang='lat' dir='ltr'><strong>super</strong></span> <span class='ocrx_word' id='word_1_67' title='bbox 371 1255 519 1336; x_wconf 79' lang='lat' dir='ltr'>reliquias</span> <span class='ocrx_word' id='word_1_68' title='bbox 540 1273 708 1335; x_wconf 84' lang='lat' dir='ltr'><strong>corporum</strong></span> <span class='ocrx_word' id='word_1_69' title='bbox 732 1271 894 1315; x_wconf 87' lang='lat' dir='ltr'><strong>servorum</strong></span> <span class='ocrx_word' id='word_1_70' title='bbox 923 1251 990 1326; x_wconf 88' lang='lat' dir='ltr'><strong>lici,</strong></span> <span class='ocrx_word' id='word_1_71' title='bbox 1017 1249 1085 1330; x_wconf 90' lang='lat' dir='ltr'><strong>qui.</strong></span> 
     </span>
     <span class='ocr_line' id='line_1_11' title="bbox 37 1353 774 1414; baseline 0.003 -4"><span class='ocrx_word' id='word_1_72' title='bbox 37 1367 186 1412; x_wconf 88' lang='lat' dir='ltr'><strong>omnem</strong></span> <span class='ocrx_word' id='word_1_73' title='bbox 199 1369 288 1412; x_wconf 89' lang='lat' dir='ltr'><strong>suam</strong></span> <span class='ocrx_word' id='word_1_74' title='bbox 300 1353 449 1414; x_wconf 87' lang='lat' dir='ltr'><strong>virtutem</strong></span> <span class='ocrx_word' id='word_1_75' title='bbox 464 1372 503 1414; x_wconf 83' lang='lat' dir='ltr'><strong>ex</strong></span> <span class='ocrx_word' id='word_1_76' title='bbox 513 1353 570 1414; x_wconf 93' lang='lat' dir='ltr'><strong>illo</strong></span> <span class='ocrx_word' id='word_1_77' title='bbox 585 1353 774 1414; x_wconf 88' lang='lat' dir='ltr'><strong>habuerunt.</strong></span> 
     </span>
    </p>

    <p class='ocr_par' dir='ltr' id='par_1_3' title="bbox 46 1439 1071 1726">
     <span class='ocr_line' id='line_1_12' title="bbox 111 1439 1071 1531; baseline -0.003 -21"><span class='ocrx_word' id='word_1_78' title='bbox 111 1449 251 1510; x_wconf 78' lang='lat' dir='ltr'><strong>Loculus</strong></span> <span class='ocrx_word' id='word_1_79' title='bbox 278 1451 310 1510; x_wconf 92' lang='lat' dir='ltr'><strong>in</strong></span> <span class='ocrx_word' id='word_1_80' title='bbox 334 1470 397 1531; x_wconf 90' lang='lat' dir='ltr'><strong>quo</strong></span> <span class='ocrx_word' id='word_1_81' title='bbox 417 1469 513 1513; x_wconf 85' lang='lat' dir='ltr'><strong>sacrae</strong></span> <span class='ocrx_word' id='word_1_82' title='bbox 539 1451 681 1530; x_wconf 73' lang='lat' dir='ltr'><strong>reliquia</strong></span> <span class='ocrx_word' id='word_1_83' title='bbox 705 1453 902 1529; x_wconf 90' lang='lat' dir='ltr'><strong>reponuntur</strong></span> <span class='ocrx_word' id='word_1_84' title='bbox 928 1439 1071 1524; x_wconf 81' lang='lat' dir='ltr'><strong>¹signatur</strong></span> 
     </span>
     <span class='ocr_line' id='line_1_13' title="bbox 46 1545 1066 1628; baseline 0 -22"><span class='ocrx_word' id='word_1_85' title='bbox 46 1547 328 1628; x_wconf 81' lang='lat' dir='ltr'><strong>sigilloEpiscopi,</strong></span> <span class='ocrx_word' id='word_1_86' title='bbox 340 1555 375 1610; x_wconf 91' lang='lat' dir='ltr'><strong>ut</strong></span> <span class='ocrx_word' id='word_1_87' title='bbox 387 1551 501 1611; x_wconf 85' lang='lat' dir='ltr'><strong>certius</strong></span> <span class='ocrx_word' id='word_1_88' title='bbox 513 1556 636 1611; x_wconf 85' lang='lat' dir='ltr'><strong>constet</strong></span> <span class='ocrx_word' id='word_1_89' title='bbox 645 1549 684 1610; x_wconf 92' lang='lat' dir='ltr'><strong>de</strong></span> <span class='ocrx_word' id='word_1_90' title='bbox 699 1549 935 1610; x_wconf 87' lang='lat' dir='ltr'><strong>consecratione</strong></span> <span class='ocrx_word' id='word_1_91' title='bbox 948 1545 1066 1619; x_wconf 78' lang='lat' dir='ltr'><strong>altaria,</strong></span> 
     </span>
     <span class='ocr_line' id='line_1_14' title="bbox 46 1646 695 1726; baseline 0.003 -21"><span class='ocrx_word' id='word_1_92' title='bbox 46 1649 154 1724; x_wconf 88' lang='lat' dir='ltr'><strong>atque</strong></span> <span class='ocrx_word' id='word_1_93' title='bbox 170 1646 208 1707; x_wconf 90' lang='lat' dir='ltr'><strong>de</strong></span> <span class='ocrx_word' id='word_1_94' title='bbox 223 1647 430 1726; x_wconf 89' lang='lat' dir='ltr'><strong>reliquiarum</strong></span> <span class='ocrx_word' id='word_1_95' title='bbox 445 1647 695 1708; x_wconf 78' lang='lat' dir='ltr'><strong>authenticitate.</strong></span> 
     </span>
    </p>

    <p class='ocr_par' dir='ltr' id='par_1_4' title="bbox 42 1743 1066 2312">
     <span class='ocr_line' id='line_1_15' title="bbox 113 1743 1065 1823; baseline -0.001 -19"><span class='ocrx_word' id='word_1_96' title='bbox 113 1743 171 1805; x_wconf 80' lang='grc' dir='ltr'><strong>ΙΙΙ.</strong></span> <span class='ocrx_word' id='word_1_97' title='bbox 183 1743 291 1804; x_wconf 80' lang='lat' dir='ltr'><strong>Altare</strong></span> <span class='ocrx_word' id='word_1_98' title='bbox 306 1744 405 1805; x_wconf 86' lang='lat' dir='ltr'><strong>lixum</strong></span> <span class='ocrx_word' id='word_1_99' title='bbox 415 1745 460 1805; x_wconf 91' lang='lat' dir='ltr'><strong>ita</strong></span> <span class='ocrx_word' id='word_1_100' title='bbox 473 1746 609 1806; x_wconf 82' lang='lat' dir='ltr'><strong>retertur</strong></span> <span class='ocrx_word' id='word_1_101' title='bbox 623 1745 664 1805; x_wconf 88' lang='lat' dir='ltr'><strong>ad</strong></span> <span class='ocrx_word' id='word_1_102' title='bbox 679 1744 850 1805; x_wconf 80' lang='lat' dir='ltr'><strong>Ecclesiam</strong></span> <span class='ocrx_word' id='word_1_103' title='bbox 864 1744 974 1823; x_wconf 89' lang='lat' dir='ltr'><strong>inqua</strong></span> <span class='ocrx_word' id='word_1_104' title='bbox 989 1761 1065 1803; x_wconf 89' lang='lat' dir='ltr'><strong>oon·</strong></span> 
     </span>
     <span class='ocr_line' id='line_1_16' title="bbox 42 1838 1066 1921; baseline 0.001 -22"><span class='ocrx_word' id='word_1_105' title='bbox 42 1838 200 1900; x_wconf 84' lang='lat' dir='ltr'><strong>stitutum</strong></span> <span class='ocrx_word' id='word_1_106' title='bbox 216 1847 273 1916; x_wconf 90' lang='lat' dir='ltr'><strong>est,</strong></span> <span class='ocrx_word' id='word_1_107' title='bbox 292 1847 327 1902; x_wconf 90' lang='lat' dir='ltr'><strong>ut</strong></span> <span class='ocrx_word' id='word_1_108' title='bbox 336 1842 362 1901; x_wconf 84' lang='lat' dir='ltr'><strong>si</strong></span> <span class='ocrx_word' id='word_1_109' title='bbox 373 1860 572 1921; x_wconf 86' lang='lat' dir='ltr'><strong>quacumque</strong></span> <span class='ocrx_word' id='word_1_110' title='bbox 586 1861 625 1903; x_wconf 87' lang='lat' dir='ltr'><strong>ex</strong></span> <span class='ocrx_word' id='word_1_111' title='bbox 640 1861 735 1903; x_wconf 86' lang='lat' dir='ltr'><strong>eausa</strong></span> <span class='ocrx_word' id='word_1_112' title='bbox 745 1840 884 1902; x_wconf 77' lang='lat' dir='ltr'><strong>Ecclesia</strong></span> <span class='ocrx_word' id='word_1_113' title='bbox 892 1841 1066 1920; x_wconf 88' lang='lat' dir='ltr'><strong>polluatur,</strong></span> 
     </span>
     <span class='ocr_line' id='line_1_17' title="bbox 43 1936 1066 2019; baseline 0.004 -23"><span class='ocrx_word' id='word_1_114' title='bbox 43 1936 157 2017; x_wconf 88' lang='lat' dir='ltr'><strong>ipsum</strong></span> <span class='ocrx_word' id='word_1_115' title='bbox 178 1939 272 2000; x_wconf 87' lang='lat' dir='ltr'><strong>ctiam</strong></span> <span class='ocrx_word' id='word_1_116' title='bbox 298 1939 457 2019; x_wconf 91' lang='lat' dir='ltr'><strong>pollutum</strong></span> <span class='ocrx_word' id='word_1_117' title='bbox 478 1959 515 2000; x_wconf 89' lang='lat' dir='ltr'><strong>eo</strong></span> <span class='ocrx_word' id='word_1_118' title='bbox 537 1939 607 2019; x_wconf 89' lang='lat' dir='ltr'><strong>ipso</strong></span> <span class='ocrx_word' id='word_1_119' title='bbox 625 1945 805 2013; x_wconf 82' lang='lat' dir='ltr'><strong>censeatur3</strong></span> <span class='ocrx_word' id='word_1_120' title='bbox 832 1939 961 2000; x_wconf 87' lang='lat' dir='ltr'><strong>aliaest</strong></span> <span class='ocrx_word' id='word_1_121' title='bbox 984 1938 1066 2000; x_wconf 88' lang='lat' dir='ltr'><strong>ratio</strong></span> 
     </span>
     <span class='ocr_line' id='line_1_18' title="bbox 47 2035 1066 2116; baseline 0.003 -20"><span class='ocrx_word' id='word_1_122' title='bbox 47 2035 164 2096; x_wconf 86' lang='lat' dir='ltr'><strong>altaris</strong></span> <span class='ocrx_word' id='word_1_123' title='bbox 177 2037 335 2116; x_wconf 85' lang='lat' dir='ltr'><strong>portatilis</strong></span> <span class='ocrx_word' id='word_1_124' title='bbox 351 2038 435 2116; x_wconf 88' lang='lat' dir='ltr'><strong>quod</strong></span> <span class='ocrx_word' id='word_1_125' title='bbox 448 2057 550 2115; x_wconf 90' lang='lat' dir='ltr'><strong>suam,</strong></span> <span class='ocrx_word' id='word_1_126' title='bbox 570 2043 607 2100; x_wconf 91' lang='lat' dir='ltr'><strong>ut</strong></span> <span class='ocrx_word' id='word_1_127' title='bbox 623 2038 666 2098; x_wconf 88' lang='lat' dir='ltr'><strong>sic</strong></span> <span class='ocrx_word' id='word_1_128' title='bbox 684 2038 798 2112; x_wconf 89' lang='lat' dir='ltr'><strong>dicam,</strong></span> <span class='ocrx_word' id='word_1_129' title='bbox 820 2037 1021 2098; x_wconf 87' lang='lat' dir='ltr'><strong>existentiam</strong></span> <span class='ocrx_word' id='word_1_130' title='bbox 1034 2042 1066 2099; x_wconf 90' lang='lat' dir='ltr'><strong>et</strong></span> 
     </span>
     <span class='ocr_line' id='line_1_19' title="bbox 48 2134 1065 2198; baseline 0 -3"><span class='ocrx_word' id='word_1_131' title='bbox 48 2135 325 2196; x_wconf 87' lang='lat' dir='ltr'><strong>consecrationem</strong></span> <span class='ocrx_word' id='word_1_132' title='bbox 342 2136 440 2197; x_wconf 86' lang='lat' dir='ltr'><strong>habet</strong></span> <span class='ocrx_word' id='word_1_133' title='bbox 452 2136 633 2198; x_wconf 80' lang='lat' dir='ltr'><strong>distinctam</strong></span> <span class='ocrx_word' id='word_1_134' title='bbox 651 2155 671 2196; x_wconf 95' lang='lat' dir='ltr'><strong>a</strong></span> <span class='ocrx_word' id='word_1_135' title='bbox 684 2135 919 2196; x_wconf 89' lang='lat' dir='ltr'><strong>consecratione</strong></span> <span class='ocrx_word' id='word_1_136' title='bbox 934 2134 996 2196; x_wconf 87' lang='lat' dir='ltr'><strong>loci</strong></span> <span class='ocrx_word' id='word_1_137' title='bbox 1010 2134 1065 2195; x_wconf 88' lang='lat' dir='ltr'><strong>ubi</strong></span> 
     </span>
     <span class='ocr_line' id='line_1_20' title="bbox 43 2232 224 2312; baseline 0.006 -20"><span class='ocrx_word' id='word_1_138' title='bbox 43 2232 224 2312; x_wconf 82' lang='lat' dir='ltr'><strong>reponitur.</strong></span> 
     </span>
    </p>

    <p class='ocr_par' dir='ltr' id='par_1_5' title="bbox 39 2329 1077 3876">
     <span class='ocr_line' id='line_1_21' title="bbox 107 2329 1064 2410; baseline 0 -20"><span class='ocrx_word' id='word_1_139' title='bbox 107 2329 230 2390; x_wconf 89' lang='lat' dir='ltr'><strong>Altaria</strong></span> <span class='ocrx_word' id='word_1_140' title='bbox 252 2336 456 2392; x_wconf 84' lang='lat' dir='ltr'><strong>exsecrantur</strong></span> <span class='ocrx_word' id='word_1_141' title='bbox 475 2351 481 2393; x_wconf 74' lang='grc' dir='ltr'><strong><em>ε</em></strong></span> <span class='ocrx_word' id='word_1_142' title='bbox 504 2334 535 2391; x_wconf 85' lang='lat' dir='ltr'><strong>l⁰</strong></span> <span class='ocrx_word' id='word_1_143' title='bbox 551 2331 578 2392; x_wconf 89' lang='lat' dir='ltr'><strong>si</strong></span> <span class='ocrx_word' id='word_1_144' title='bbox 594 2333 694 2395; x_wconf 89' lang='lat' dir='ltr'><strong>altare</strong></span> <span class='ocrx_word' id='word_1_145' title='bbox 709 2332 808 2392; x_wconf 87' lang='lat' dir='ltr'><strong>lixum</strong></span> <span class='ocrx_word' id='word_1_146' title='bbox 830 2329 1064 2410; x_wconf 79' lang='lat' dir='ltr'><strong>disjungatura</strong></span> 
     </span>
     <span class='ocr_line' id='line_1_22' title="bbox 42 2426 1061 2508; baseline 0.001 -24"><span class='ocrx_word' id='word_1_147' title='bbox 42 2443 105 2486; x_wconf 89' lang='lat' dir='ltr'><strong>sua</strong></span> <span class='ocrx_word' id='word_1_148' title='bbox 119 2426 201 2500; x_wconf 87' lang='lat' dir='ltr'><strong>basi,</strong></span> <span class='ocrx_word' id='word_1_149' title='bbox 219 2443 274 2489; x_wconf 87' lang='lat' dir='ltr'><strong>seu</strong></span> <span class='ocrx_word' id='word_1_150' title='bbox 289 2445 308 2488; x_wconf 95' lang='lat' dir='ltr'><strong>a</strong></span> <span class='ocrx_word' id='word_1_151' title='bbox 321 2429 476 2489; x_wconf 89' lang='lat' dir='ltr'><strong>columnis</strong></span> <span class='ocrx_word' id='word_1_152' title='bbox 497 2429 611 2508; x_wconf 90' lang='lat' dir='ltr'><strong>quibus</strong></span> <span class='ocrx_word' id='word_1_153' title='bbox 625 2429 749 2490; x_wconf 91' lang='lat' dir='ltr'><strong>insistit.</strong></span> <span class='ocrx_word' id='word_1_154' title='bbox 765 2428 853 2508; x_wconf 84' lang='lat' dir='ltr'><strong>(Gap.</strong></span> <span class='ocrx_word' id='word_1_155' title='bbox 870 2426 922 2488; x_wconf 84' lang='lat' dir='ltr'><strong>Ad</strong></span> <span class='ocrx_word' id='word_1_156' title='bbox 937 2426 1008 2500; x_wconf 77' lang='lat' dir='ltr'><strong>hece,</strong></span> <span class='ocrx_word' id='word_1_157' title='bbox 1026 2428 1061 2500; x_wconf 91' lang='lat' dir='ltr'><strong>l;</strong></span> 
     </span>
     <span class='ocr_line' id='line_1_23' title="bbox 42 2521 1077 2608; baseline 0.002 -26"><span class='ocrx_word' id='word_1_158' title='bbox 42 2521 182 2602; x_wconf 61' lang='lat' dir='ltr'><strong>Lien-eir,</strong></span> <span class='ocrx_word' id='word_1_159' title='bbox 195 2526 225 2600; x_wconf 83' lang='lat'><strong>6,</strong></span> <span class='ocrx_word' id='word_1_160' title='bbox 242 2541 280 2586; x_wconf 85' lang='lat' dir='ltr'><strong>na</strong></span> <span class='ocrx_word' id='word_1_161' title='bbox 302 2526 574 2608; x_wconf 78' lang='lat' dir='ltr'><strong>Gorsacmrrora.)</strong></span> <span class='ocrx_word' id='word_1_162' title='bbox 591 2527 681 2587; x_wconf 83' lang='lat' dir='ltr'><strong>Ratio</strong></span> <span class='ocrx_word' id='word_1_163' title='bbox 697 2531 744 2588; x_wconf 88' lang='lat' dir='ltr'><strong>est</strong></span> <span class='ocrx_word' id='word_1_164' title='bbox 770 2527 854 2606; x_wconf 89' lang='lat' dir='ltr'><strong>quod</strong></span> <span class='ocrx_word' id='word_1_165' title='bbox 871 2524 964 2603; x_wconf 84' lang='lat' dir='ltr'><strong>juxta</strong></span> <span class='ocrx_word' id='word_1_166' title='bbox 983 2524 1062 2584; x_wconf 84' lang='lat' dir='ltr'><strong>ritus</strong></span> <span class='ocrx_word' id='word_1_167' title='bbox 1076 2561 1077 2566; x_wconf 21' lang='grc' dir='ltr'><strong>κ</strong></span> 
     </span>
     <span class='ocr_line' id='line_1_24' title="bbox 42 2605 1062 2702; baseline 0.001 -22"><span class='ocrx_word' id='word_1_168' title='bbox 42 2623 303 2697; x_wconf 85' lang='lat' dir='ltr'><strong>consecrationis,</strong></span> <span class='ocrx_word' id='word_1_169' title='bbox 323 2624 443 2700; x_wconf 83' lang='lat' dir='ltr'><strong>tabula,</strong></span> <span class='ocrx_word' id='word_1_170' title='bbox 468 2642 523 2686; x_wconf 89' lang='lat' dir='ltr'><strong>seu</strong></span> <span class='ocrx_word' id='word_1_171' title='bbox 539 2643 657 2702; x_wconf 88' lang='lat' dir='ltr'><strong>mensa,</strong></span> <span class='ocrx_word' id='word_1_172' title='bbox 680 2605 773 2685; x_wconf 77' lang='lat' dir='ltr'><strong>simirl</strong></span> <span class='ocrx_word' id='word_1_173' title='bbox 789 2643 861 2685; x_wconf 87' lang='lat' dir='ltr'><strong>cum</strong></span> <span class='ocrx_word' id='word_1_174' title='bbox 876 2641 934 2683; x_wconf 88' lang='lat' dir='ltr'><strong>sua</strong></span> <span class='ocrx_word' id='word_1_175' title='bbox 949 2622 1017 2683; x_wconf 88' lang='lat' dir='ltr'><strong>basi</strong></span> <span class='ocrx_word' id='word_1_176' title='bbox 1028 2621 1062 2682; x_wconf 86' lang='lat' dir='ltr'><strong>in</strong></span> 
     </span>
     <span class='ocr_line' id='line_1_25' title="bbox 43 2717 1058 2800; baseline 0.002 -23"><span class='ocrx_word' id='word_1_177' title='bbox 43 2717 117 2779; x_wconf 90' lang='lat' dir='ltr'><strong>loco</strong></span> <span class='ocrx_word' id='word_1_178' title='bbox 134 2718 292 2797; x_wconf 86' lang='lat' dir='ltr'><strong>juncturae</strong></span> <span class='ocrx_word' id='word_1_179' title='bbox 316 2721 456 2800; x_wconf 86' lang='lat' dir='ltr'><strong>ungitur,</strong></span> <span class='ocrx_word' id='word_1_180' title='bbox 473 2729 505 2783; x_wconf 94' lang='lat' dir='ltr'><strong>et</strong></span> <span class='ocrx_word' id='word_1_181' title='bbox 524 2741 646 2784; x_wconf 90' lang='lat' dir='ltr'><strong>cumea</strong></span> <span class='ocrx_word' id='word_1_182' title='bbox 667 2722 751 2783; x_wconf 88' lang='lat' dir='ltr'><strong>idem</strong></span> <span class='ocrx_word' id='word_1_183' title='bbox 766 2722 865 2783; x_wconf 88' lang='lat' dir='ltr'><strong>altare</strong></span> <span class='ocrx_word' id='word_1_184' title='bbox 882 2719 1043 2782; x_wconf 90' lang='lat' dir='ltr'><strong>constituit</strong></span> <span class='ocrx_word' id='word_1_185' title='bbox 1049 2737 1058 2796; x_wconf 83' lang='lat'>3</span> 
     </span>
     <span class='ocr_line' id='line_1_26' title="bbox 41 2819 1058 2896; baseline 0.003 -21"><span class='ocrx_word' id='word_1_186' title='bbox 41 2823 243 2896; x_wconf 87' lang='lat' dir='ltr'><strong>quapropter</strong></span> <span class='ocrx_word' id='word_1_187' title='bbox 257 2837 394 2880; x_wconf 86' lang='lat' dir='ltr'><strong>canones</strong></span> <span class='ocrx_word' id='word_1_188' title='bbox 409 2825 552 2880; x_wconf 85' lang='lat' dir='ltr'><strong>statuunt</strong></span> <span class='ocrx_word' id='word_1_189' title='bbox 574 2821 673 2882; x_wconf 88' lang='lat' dir='ltr'><strong>altare</strong></span> <span class='ocrx_word' id='word_1_190' title='bbox 695 2820 811 2881; x_wconf 89' lang='lat' dir='ltr'><strong>debere</strong></span> <span class='ocrx_word' id='word_1_191' title='bbox 827 2819 931 2880; x_wconf 86' lang='lat' dir='ltr'><strong>denuo</strong></span> <span class='ocrx_word' id='word_1_192' title='bbox 947 2836 1058 2878; x_wconf 86' lang='lat' dir='ltr'><strong>conse-</strong></span> 
     </span>
     <span class='ocr_line' id='line_1_27' title="bbox 48 2913 1057 2996; baseline 0.004 -24"><span class='ocrx_word' id='word_1_193' title='bbox 48 2913 132 2973; x_wconf 89' lang='lat' dir='ltr'><strong>crari</strong></span> <span class='ocrx_word' id='word_1_194' title='bbox 146 2915 173 2974; x_wconf 83' lang='lat' dir='ltr'><strong>si</strong></span> <span class='ocrx_word' id='word_1_195' title='bbox 184 2925 314 2976; x_wconf 81' lang='lat' dir='ltr'><strong>amolum</strong></span> <span class='ocrx_word' id='word_1_196' title='bbox 323 2916 429 2996; x_wconf 73' lang='lat' dir='ltr'><strong>fcerit.</strong></span> <span class='ocrx_word' id='word_1_197' title='bbox 448 2921 518 2979; x_wconf 90' lang='lat' dir='ltr'><strong>Non</strong></span> <span class='ocrx_word' id='word_1_198' title='bbox 527 2918 652 2979; x_wconf 89' lang='lat' dir='ltr'><strong>videtur</strong></span> <span class='ocrx_word' id='word_1_199' title='bbox 664 2917 932 2980; x_wconf 86' lang='lat' dir='ltr'><strong>consecrationem</strong></span> <span class='ocrx_word' id='word_1_200' title='bbox 944 2915 1057 2990; x_wconf 87' lang='lat' dir='ltr'><strong>amitti,</strong></span> 
     </span>
     <span class='ocr_line' id='line_1_28' title="bbox 42 3009 1058 3095; baseline 0.002 -25"><span class='ocrx_word' id='word_1_201' title='bbox 42 3009 165 3072; x_wconf 85' lang='lat' dir='ltr'><strong>sicum</strong></span> <span class='ocrx_word' id='word_1_202' title='bbox 190 3013 307 3092; x_wconf 88' lang='lat' dir='ltr'><strong>stipite,</strong></span> <span class='ocrx_word' id='word_1_203' title='bbox 337 3033 392 3074; x_wconf 85' lang='lat' dir='ltr'><strong>seu</strong></span> <span class='ocrx_word' id='word_1_204' title='bbox 415 3015 580 3090; x_wconf 83' lang='lat' dir='ltr'><strong>columnia,</strong></span> <span class='ocrx_word' id='word_1_205' title='bbox 612 3016 731 3095; x_wconf 86' lang='lat' dir='ltr'><strong>absque</strong></span> <span class='ocrx_word' id='word_1_206' title='bbox 758 3016 825 3077; x_wconf 89' lang='lat' dir='ltr'><strong>ulla</strong></span> <span class='ocrx_word' id='word_1_207' title='bbox 848 3014 1058 3094; x_wconf 86' lang='lat' dir='ltr'><strong>disjunctione</strong></span> 
     </span>
     <span class='ocr_line' id='line_1_29' title="bbox 42 3109 1056 3188; baseline 0.003 -21"><span class='ocrx_word' id='word_1_208' title='bbox 42 3109 253 3171; x_wconf 76' lang='lat' dir='ltr'><strong>transferatur</strong></span> <span class='ocrx_word' id='word_1_209' title='bbox 275 3111 308 3171; x_wconf 94' lang='lat' dir='ltr'><strong>in</strong></span> <span class='ocrx_word' id='word_1_210' title='bbox 324 3112 422 3173; x_wconf 90' lang='lat' dir='ltr'><strong>alium</strong></span> <span class='ocrx_word' id='word_1_211' title='bbox 437 3115 552 3188; x_wconf 92' lang='lat' dir='ltr'><strong>locum,</strong></span> <span class='ocrx_word' id='word_1_212' title='bbox 567 3114 652 3174; x_wconf 90' lang='lat' dir='ltr'><strong>intra</strong></span> <span class='ocrx_word' id='word_1_213' title='bbox 669 3119 774 3175; x_wconf 91' lang='lat' dir='ltr'><strong>tamen</strong></span> <span class='ocrx_word' id='word_1_214' title='bbox 789 3114 933 3174; x_wconf 87' lang='lat' dir='ltr'><strong>eamdem</strong></span> <span class='ocrx_word' id='word_1_215' title='bbox 947 3110 1056 3172; x_wconf 89' lang='lat' dir='ltr'><strong>Eccle-</strong></span> 
     </span>
     <span class='ocr_line' id='line_1_30' title="bbox 40 3205 1058 3290; baseline 0.001 -24"><span class='ocrx_word' id='word_1_216' title='bbox 40 3205 133 3266; x_wconf 84' lang='lat' dir='ltr'><strong>siam.</strong></span> <span class='ocrx_word' id='word_1_217' title='bbox 147 3207 182 3266; x_wconf 56' lang='grc' dir='ltr'><em>Ψ</em></span> <span class='ocrx_word' id='word_1_218' title='bbox 194 3208 227 3270; x_wconf 91' lang='lat' dir='ltr'><strong>Si</strong></span> <span class='ocrx_word' id='word_1_219' title='bbox 248 3208 347 3270; x_wconf 87' lang='lat' dir='ltr'><strong>altare</strong></span> <span class='ocrx_word' id='word_1_220' title='bbox 375 3210 523 3290; x_wconf 87' lang='lat' dir='ltr'><strong>portatile</strong></span> <span class='ocrx_word' id='word_1_221' title='bbox 547 3211 718 3272; x_wconf 86' lang='lat' dir='ltr'><strong>enormiter</strong></span> <span class='ocrx_word' id='word_1_222' title='bbox 739 3213 916 3288; x_wconf 80' lang='lat' dir='ltr'><strong>frangatur,</strong></span> <span class='ocrx_word' id='word_1_223' title='bbox 929 3210 1009 3269; x_wconf 89' lang='lat' dir='ltr'><strong>adeo</strong></span> <span class='ocrx_word' id='word_1_224' title='bbox 1022 3211 1058 3267; x_wconf 95' lang='lat' dir='ltr'><strong>ut</strong></span> 
     </span>
     <span class='ocr_line' id='line_1_31' title="bbox 41 3305 1055 3387; baseline 0.001 -24"><span class='ocrx_word' id='word_1_225' title='bbox 41 3322 117 3382; x_wconf 86' lang='lat' dir='ltr'><strong>pars</strong></span> <span class='ocrx_word' id='word_1_226' title='bbox 143 3305 268 3384; x_wconf 80' lang='lat' dir='ltr'><strong>integra</strong></span> <span class='ocrx_word' id='word_1_227' title='bbox 290 3325 361 3387; x_wconf 76' lang='lat' dir='ltr'><strong>quaa</strong></span> <span class='ocrx_word' id='word_1_228' title='bbox 376 3308 537 3380; x_wconf 86' lang='lat' dir='ltr'><strong>remansit,</strong></span> <span class='ocrx_word' id='word_1_229' title='bbox 555 3309 716 3370; x_wconf 89' lang='lat' dir='ltr'><strong>continere</strong></span> <span class='ocrx_word' id='word_1_230' title='bbox 728 3327 792 3369; x_wconf 91' lang='lat' dir='ltr'><strong>non</strong></span> <span class='ocrx_word' id='word_1_231' title='bbox 809 3308 912 3368; x_wconf 87' lang='lat' dir='ltr'><strong>valeat</strong></span> <span class='ocrx_word' id='word_1_232' title='bbox 925 3305 1055 3366; x_wconf 87' lang='lat' dir='ltr'><strong>calicem</strong></span> 
     </span>
     <span class='ocr_line' id='line_1_32' title="bbox 39 3403 1054 3488; baseline 0.001 -27"><span class='ocrx_word' id='word_1_233' title='bbox 39 3420 115 3462; x_wconf 86' lang='lat' dir='ltr'><strong>cum</strong></span> <span class='ocrx_word' id='word_1_234' title='bbox 134 3407 251 3482; x_wconf 88' lang='lat' dir='ltr'><strong>patena</strong></span> <span class='ocrx_word' id='word_1_235' title='bbox 270 3411 301 3464; x_wconf 90' lang='lat' dir='ltr'><strong>et</strong></span> <span class='ocrx_word' id='word_1_236' title='bbox 323 3405 488 3470; x_wconf 86' lang='lat' dir='ltr'><strong>ciborium.</strong></span> <span class='ocrx_word' id='word_1_237' title='bbox 513 3407 593 3479; x_wconf 88' lang='lat' dir='ltr'><strong>Quin</strong></span> <span class='ocrx_word' id='word_1_238' title='bbox 616 3407 711 3468; x_wconf 91' lang='lat' dir='ltr'><strong>etiam</strong></span> <span class='ocrx_word' id='word_1_239' title='bbox 725 3405 892 3488; x_wconf 67' lang='lat' dir='ltr'><strong>scriptores</strong></span> <span class='ocrx_word' id='word_1_240' title='bbox 911 3405 943 3464; x_wconf 91' lang='lat' dir='ltr'><strong>in</strong></span> <span class='ocrx_word' id='word_1_241' title='bbox 961 3403 1054 3464; x_wconf 87' lang='lat' dir='ltr'><strong>rebus</strong></span> 
     </span>
     <span class='ocr_line' id='line_1_33' title="bbox 43 3496 1052 3576; baseline 0 -16"><span class='ocrx_word' id='word_1_242' title='bbox 43 3498 197 3576; x_wconf 77' lang='lat' dir='ltr'><strong>liturgicis</strong></span> <span class='ocrx_word' id='word_1_243' title='bbox 207 3496 411 3564; x_wconf 83' lang='lat' dir='ltr'><strong>versatissimi</strong></span> <span class='ocrx_word' id='word_1_244' title='bbox 422 3504 605 3565; x_wconf 86' lang='lat' dir='ltr'><strong>existimant</strong></span> <span class='ocrx_word' id='word_1_245' title='bbox 614 3522 776 3566; x_wconf 89' lang='lat' dir='ltr'><strong>enormem</strong></span> <span class='ocrx_word' id='word_1_246' title='bbox 791 3521 857 3564; x_wconf 89' lang='lat' dir='ltr'><strong>esse</strong></span> <span class='ocrx_word' id='word_1_247' title='bbox 869 3504 1052 3575; x_wconf 86' lang='lat' dir='ltr'><strong>tracturam,</strong></span> 
     </span>
     <span class='ocr_line' id='line_1_34' title="bbox 41 3597 1054 3684; baseline 0.003 -28"><span class='ocrx_word' id='word_1_248' title='bbox 41 3615 104 3657; x_wconf 91' lang='lat' dir='ltr'><strong>non</strong></span> <span class='ocrx_word' id='word_1_249' title='bbox 126 3597 228 3658; x_wconf 89' lang='lat' dir='ltr'><strong>solum</strong></span> <span class='ocrx_word' id='word_1_250' title='bbox 251 3599 277 3658; x_wconf 87' lang='lat' dir='ltr'><strong>si</strong></span> <span class='ocrx_word' id='word_1_251' title='bbox 296 3599 408 3661; x_wconf 88' lang='lat' dir='ltr'><strong>tabula</strong></span> <span class='ocrx_word' id='word_1_252' title='bbox 425 3602 520 3663; x_wconf 87' lang='lat' dir='ltr'><strong>luerit</strong></span> <span class='ocrx_word' id='word_1_253' title='bbox 537 3601 664 3662; x_wconf 90' lang='lat' dir='ltr'><strong>induas</strong></span> <span class='ocrx_word' id='word_1_254' title='bbox 686 3601 794 3684; x_wconf 84' lang='lat' dir='ltr'><strong>autin</strong></span> <span class='ocrx_word' id='word_1_255' title='bbox 820 3599 926 3680; x_wconf 86' lang='lat' dir='ltr'><strong>pluras</strong></span> <span class='ocrx_word' id='word_1_256' title='bbox 948 3602 1054 3678; x_wconf 89' lang='lat' dir='ltr'><strong>partes</strong></span> 
     </span>
     <span class='ocr_line' id='line_1_35' title="bbox 40 3693 1053 3778; baseline 0.003 -24"><span class='ocrx_word' id='word_1_257' title='bbox 40 3693 197 3757; x_wconf 88' lang='lat' dir='ltr'><strong>notabiles</strong></span> <span class='ocrx_word' id='word_1_258' title='bbox 219 3695 330 3772; x_wconf 86' lang='lat' dir='ltr'><strong>divisa,</strong></span> <span class='ocrx_word' id='word_1_259' title='bbox 347 3698 402 3758; x_wconf 90' lang='lat' dir='ltr'><strong>scd</strong></span> <span class='ocrx_word' id='word_1_260' title='bbox 418 3699 513 3760; x_wconf 88' lang='lat' dir='ltr'><strong>etiam</strong></span> <span class='ocrx_word' id='word_1_261' title='bbox 531 3699 557 3760; x_wconf 91' lang='lat' dir='ltr'><strong>si</strong></span> <span class='ocrx_word' id='word_1_262' title='bbox 574 3699 674 3760; x_wconf 87' lang='lat' dir='ltr'><strong>divisa</strong></span> <span class='ocrx_word' id='word_1_263' title='bbox 689 3699 730 3759; x_wconf 88' lang='lat' dir='ltr'><strong>sit</strong></span> <span class='ocrx_word' id='word_1_264' title='bbox 744 3718 801 3778; x_wconf 88' lang='lat' dir='ltr'><strong>per</strong></span> <span class='ocrx_word' id='word_1_265' title='bbox 815 3700 999 3770; x_wconf 86' lang='lat' dir='ltr'><strong>fracturam,</strong></span> <span class='ocrx_word' id='word_1_266' title='bbox 1019 3695 1053 3758; x_wconf 91' lang='lat' dir='ltr'><strong>in</strong></span> 
     </span>
     <span class='ocr_line' id='line_1_36' title="bbox 39 3792 1051 3876; baseline 0.004 -23"><span class='ocrx_word' id='word_1_267' title='bbox 39 3792 148 3872; x_wconf 86' lang='lat' dir='ltr'><strong>aliqua</strong></span> <span class='ocrx_word' id='word_1_268' title='bbox 176 3810 215 3854; x_wconf 85' lang='lat' dir='ltr'><strong>ex</strong></span> <span class='ocrx_word' id='word_1_269' title='bbox 245 3795 389 3873; x_wconf 87' lang='lat' dir='ltr'><strong>partibus</strong></span> <span class='ocrx_word' id='word_1_270' title='bbox 420 3795 474 3856; x_wconf 89' lang='lat' dir='ltr'><strong>ubi</strong></span> <span class='ocrx_word' id='word_1_271' title='bbox 508 3797 682 3876; x_wconf 88' lang='lat' dir='ltr'><strong>peculiares</strong></span> <span class='ocrx_word' id='word_1_272' title='bbox 706 3797 871 3858; x_wconf 89' lang='lat' dir='ltr'><strong>unctiones</strong></span> <span class='ocrx_word' id='word_1_273' title='bbox 902 3795 1051 3858; x_wconf 86' lang='lat' dir='ltr'><strong>adhibitae</strong></span> 
     </span>
    </p>
   </div>
   <div class='ocr_carea' id='block_1_3' title="bbox 0 0 1306 4274">
    <p class='ocr_par' dir='ltr' id='par_1_6' title="bbox 0 0 1306 4274">
     <span class='ocr_line' id='line_1_37' title="bbox 0 0 1306 4274; baseline 0 1"><span class='ocrx_word' id='word_1_274' title='bbox 0 0 1306 4274; x_wconf 95' lang='lat' dir='ltr'><strong> </strong></span> 
     </span>
    </p>
   </div>
  </div>
 </body>
</html>
