2604 4274
101 267 102 270 ¹
174 225 176 229 ⁷
222 245 273 300 396
489 250 562 297 runs
582 250 628 296 111.
650 249 706 297 aas
726 249 974 298 uocnnsrusuon.

223 367 391 430 concilium
403 365 624 425 Tridentinum
633 366 844 444 pertulerunt.
857 366 976 427 Paulus
987 368 1039 442 lv,
1051 387 1116 428 non
1125 369 1234 430 minori

223 465 288 526 zelo
308 465 453 525 incensus
474 482 569 542 quam
589 464 637 523 sui
657 465 906 542 praedecessores
925 465 1124 525 instaurandi
1142 465 1234 528 libros

221 562 384 640 liturglcos
404 560 585 638 perfectiori
605 561 781 636 methodO,
796 562 899 623 eidem
923 563 1057 623 concilio
1082 565 1233 625 commisit

176 680 177 684 ¹
221 662 346 721 labores
362 659 430 737 jam
450 658 592 736 inceptos
613 658 758 720 adhunc
779 660 876 720 finem
896 661 1142 739 assequendum.
1165 663 1232 722 Cum

221 776 295 818 vero
316 756 356 816 ad
372 761 495 815 tantum
515 773 594 834 opus
613 760 737 834 tempus
758 757 817 816 sibi
835 757 966 830 deesset,
985 758 1158 822 concilium
1175 777 1232 819 ren

222 873 348 916 omnem
363 853 403 914 ad
421 855 570 914 Sanctam
586 854 700 915 Sedem
715 854 748 914 in
763 854 875 914 ultima
889 855 1028 915 sessione
1045 855 1181 916 remisit.

283 952 313 1013 S.
330 951 405 1012 Pius
417 951 454 1024 V,
466 950 546 1010 votis
556 949 703 1012 Ecclesiae
715 951 904 1030 obsequens,
918 953 1106 1013 reformavit
1117 953 1232 1015 Brevia·

221 1051 303 1111 rium
319 1054 349 1110 et
362 1046 485 1110 Missale
499 1051 688 1122 Romanurn,
704 1047 790 1126 quod
804 1055 975 1128 utrumque
989 1050 1115 1110 duabus
1130 1051 1231 1112 solem·

221 1148 313 1211 nibus
329 1143 612 1208 Constitutionibus
623 1145 849 1224 promulgavit,
865 1147 979 1226 quibus
992 1148 1087 1207 simul
1103 1148 1231 1210 abolevit

221 1245 284 1304 alia
299 1261 507 1323 quaecumque
523 1242 679 1302 breviaria
698 1247 729 1303 et
743 1243 894 1316 missalia,
913 1263 1049 1323 quorum
1064 1263 1126 1305 usu
1141 1246 1230 1306 inter-

220 1341 300 1402 dixit
308 1340 454 1402 omnibus
464 1339 610 1400 Ecclesiis
618 1341 868 1414 etmonasteriis,
883 1365 898 1397 u
907 1341 969 1402 illis
980 1346 1090 1402 tamen
1099 1345 1228 1423 exceptis

225 1460 240 1498 u
261 1455 332 1517 quae
344 1439 384 1497 ab
397 1437 466 1516 ipsa
477 1436 581 1514 prIma
591 1436 789 1498 institutione
802 1438 911 1498 aSede
924 1440 1111 1517 Apostolica
1124 1458 1229 1518 appro-

223 1560 238 1616 (ς
260 1537 348 1610 bata,
363 1535 414 1594 vel
425 1535 650 1596 consuetudine
661 1554 730 1614 quae
742 1535 893 1596 ducentos
904 1555 1004 1597 annos
1015 1538 1226 1612 antecedebat,

222 1655 237 1689 e
260 1632 330 1694 aliis
349 1632 441 1693 contla
461 1631 622 1691 breviariis
642 1651 699 1692 usa
718 1633 813 1693 luisse
834 1634 1024 1709 constiterit;
1048 1635 1175 1714 quibus,
1192 1637 1227 1696 ait

222 1754 238 1786 «
262 1731 294 1792 S,
315 1730 389 1790 Pius
403 1732 440 1805 V,
458 1735 494 1789 ut
507 1730 718 1789 inveteratum
732 1729 811 1789 illud
821 1729 874 1809 jus
890 1731 1016 1792 dicendi
1031 1737 1063 1793 et
1079 1733 1226 1811 psallendi

221 1851 238 1885 u
260 1848 352 1889 suum
371 1827 511 1888 officium
531 1846 595 1888 non
615 1827 794 1900 adimlmus,
815 1828 858 1889 sie
879 1829 1008 1904 eisdem,
1031 1831 1057 1891 si
1076 1832 1157 1891 forte
1173 1831 1225 1891 hoc

220 1937 237 1981 ‘a
260 1931 402 1986 nostrum
423 1925 620 2002 quodmodo
640 1926 879 2005 promulgatum
899 1933 956 2000 est,
976 1928 1081 2014 magis
1100 1929 1221 2007 placeat,

222 2048 237 2080 «
260 2025 430 2084 dummodo
444 2023 618 2102 Episcopus
633 2028 663 2084 et
677 2024 859 2085 universum
875 2026 1049 2104 capitulum
1061 2026 1097 2086 in
1111 2045 1145 2087 eo
1158 2045 1221 2108 con·

224 2143 238 2179 u
259 2121 407 2193 sentiant,
428 2126 464 2180 ut
480 2120 512 2180 id
530 2121 563 2180 in
584 2121 681 2182 choro
698 2121 800 2183 dicere
816 2130 847 2184 et
863 2123 998 2203 psallere
1016 2123 1151 2203 possint,
1165 2142 1223 2201 per·

224 2239 238 2276 n
259 2218 423 2279 mittimus.
455 2241 470 2274 »
495 2218 611 2299 (Const.
643 2217 728 2292 Quod
750 2239 769 2278 o
790 2219 885 2298 nobes,
911 2239 962 2280 an.
988 2220 1094 2301 1568.)
1117 2222 1222 2282 Eadem

218 2317 402 2396 praescripta
418 2321 490 2376 sunt
506 2335 563 2394 pro
579 2316 699 2408 lllissali
713 2319 868 2390 Romano,
889 2317 989 2379 altera
1004 2319 1223 2381 Constitutione

221 2411 305 2488 Quod
313 2414 456 2494 primum,
472 2433 523 2475 an.
541 2413 629 2474 1570.

278 2513 319 2572 Ut
330 2511 510 2572 reformatio
518 2504 863 2590 integraperficeretur,
874 2513 1040 2590 Gregorius
1050 2515 1121 2576 XIII
1133 2514 1224 2576 calen-

218 2607 343 2667 darium
355 2609 489 2668 correxit
498 2612 528 2668 et
537 2608 813 2686 martyrologium
827 2609 968 2671 Clemens
979 2612 1033 2672 Vll
1044 2611 1146 2673 edidit
1155 2611 1222 2672 Pon·

219 2702 330 2784 tificole
358 2711 389 2764 et
414 2705 627 2766 Carentonr'ale
650 2706 899 2785 llpiseoporum3
923 2709 1040 2768 Paulus
1062 2711 1088 2771 V
1111 2709 1222 2770 Rr‘tuole

217 2801 396 2862 Romanum.
411 2803 514 2864 Sixtus
523 2803 803 2865 autemVinstituit
814 2823 936 2865 sacram
947 2805 1222 2884 congregationem

217 2898 358 2972 Rituum,
370 2917 441 2978 quae
452 2900 711 2978 interpretaretur
722 2899 819 2963 duhia
832 2907 902 2962 orta
915 2903 998 2963 eirea
1008 2903 1137 2982 regulas
1147 2905 1223 2964 litur-

217 2997 302 3074 gicas
322 3001 354 3056 et
373 2995 551 3073 invigilaret
571 2997 758 3058 correctioni
777 2998 930 3060 librorum
953 3000 1008 3079 qui
1028 3019 1137 3062 sacros
1154 3001 1222 3062 ritus

216 3094 389 3156 continent.
405 3095 547 3154 Tandem
562 3101 596 3156 ut
607 3095 640 3154 in
652 3097 794 3156 futurum
807 3103 1039 3175 praecaveretur
1054 3099 1164 3178 aliqua
1174 3100 1222 3160 im·

214 3192 349 3254 mutatio
365 3211 419 3252 seu
433 3193 577 3255 alteratio
592 3193 625 3253 in
638 3194 869 3274 exemplaribus
879 3195 1029 3256 Breviarii
1041 3201 1073 3256 et
1085 3197 1219 3270 Missalis,

215 3292 357 3353 Clemens
372 3291 440 3352 Vlll
454 3291 569 3353 indixit
583 3293 834 3371 Inquisitorihus,
849 3298 943 3372 atque
959 3293 1134 3354 Ordinariis
1147 3293 1222 3356 loeo

213 3407 296 3462 rum,
312 3395 346 3449 ut
356 3388 437 3449 nulli
447 3389 629 3470 bibliopola
643 3389 826 3450 facultatem
837 3391 1045 3452 concederent
1058 3392 1220 3470 evulgandi

213 3486 407 3548 Breviarium
427 3493 457 3548 et
472 3487 606 3560 Missale,
626 3486 687 3546 nisi
701 3489 789 3567 prius
803 3487 995 3548 contulerint
1008 3489 1107 3550 libros
1122 3489 1222 3568 impri-

213 3584 346 3644 mendos
361 3590 392 3645 et
404 3584 572 3663 impressos
587 3603 659 3645 eum
676 3583 849 3663 exemplari
863 3585 1025 3662 recognito
1040 3587 1218 3648 auctoritate

213 3680 303 3744 Sedis
317 3682 522 3760 Apostolicae3
539 3688 570 3743 et
582 3687 628 3758 ut,
644 3682 677 3743 in
691 3683 761 3762 ipsa
772 3679 911 3762 lieentIa,
925 3683 1120 3747 mentionem
1133 3675 1219 3748 haile-
