2568 4272
248 263 300 321 324
590 273 664 320 PARS
684 270 717 320 ll.
739 271 924 320 ababtibus.

248 385 353 442 autern
376 380 494 454 divina,
517 397 622 442 sacras
647 380 834 455 functiones,
858 377 1085 460 processiones,
1115 377 1260 457 praediea·

247 479 347 540 tiones
369 478 453 541 intra
473 476 629 540 ambitum
652 495 716 540 sua
737 477 876 540 ecclesiae
895 479 999 538 facere
1020 481 1158 556 queunt,
1179 478 1261 538 etad

247 576 318 638 illas
340 593 515 638 convocare
534 576 642 638 fideles
661 577 840 657 pulsatione
861 593 1101 654 campanarum,
1128 580 1261 655 tempore

187 711 188 714 =
247 673 344 736 etiam
356 675 459 736 missas
471 675 673 754 parochialis.
687 675 722 736 ld
740 673 801 736 fuit
814 673 891 753 ipsis
903 691 1086 735 concessum
1098 691 1121 734 a
1133 675 1168 734 S.
1179 673 1261 733 Pioll

248 773 351 834 Goust.
381 772 455 833 Etsi
477 771 723 851 Mendr‘cactium,
753 773 807 852 qui
828 771 1004 834 Ordinariis
1033 770 1205 850 prohibuit
1230 790 1261 830 ne

246 869 421 949 impediant
434 871 559 947 fratres,
576 870 704 950 quando
718 870 764 931 eis
778 869 942 951 placuerit,
958 874 1025 930 tam
1038 869 1072 930 iu
1087 869 1206 930 diebus
1218 869 1263 929 do-

247 967 381 1044 minicis,
403 986 457 1029 seu
471 969 601 1044 festivis,
622 987 717 1048 quarn
745 968 814 1030 aliis
838 969 934 1030 totius
956 967 1032 1029 anni
1058 967 1260 1047 temporibus,

248 1083 418 1146 campanas
448 1066 586 1146 pulsare,
612 1067 664 1127 vel
698 1066 859 1128 celebrare
883 1071 938 1127 aut
974 1065 1141 1127 celebrare
1170 1066 1260 1126 facere

247 1164 375 1244 quando
390 1163 434 1224 eis
452 1163 587 1239 videtur,
604 1164 702 1226 etiam
723 1169 895 1244 antequam
918 1167 1023 1224 rector
1049 1162 1195 1224 ecclesiae
1218 1181 1262 1242 pa·

246 1261 397 1322 rochialis
408 1262 623 1324 celebraverit.
641 1261 762 1324 Pluries
773 1263 804 1324 S.
820 1261 1040 1340 Congregatio,
1057 1261 1181 1322 exortis
1194 1261 1259 1321 diffi-

248 1360 419 1420 cultatibus
425 1360 507 1421 inter
516 1360 672 1441 parochos
678 1366 709 1422 et
715 1360 890 1440 religiosos,
899 1359 1133 1422 declarationes
1145 1359 1226 1419 dedit
1233 1360 1257 1418 in

247 1458 359 1518 eodem
372 1457 525 1531 sensu,ad
533 1463 671 1520 mentem
679 1458 917 1520 Constitutionis
923 1457 970 1520 Pii
978 1459 1029 1519 V1.
1038 1457 1257 1538 Episcoporun

253 1555 472 1634 estprovidere
490 1574 529 1616 ne
540 1575 579 1617 ex
589 1557 686 1618 modo
699 1556 815 1635 agendi
825 1556 1030 1635 regularium,
1041 1555 1205 1635 parocbia
1218 1555 1259 1614 de-

252 1643 435 1714 trimentum
444 1654 615 1734 patiantur,
626 1655 748 1717 ratione
760 1655 870 1717 habita
880 1660 1060 1735 temporum
1073 1660 1110 1716 et
1118 1654 1256 1715 locorum.

310 1752 344 1812 5⁰
367 1751 527 1812 Tenentur
536 1752 694 1827 nuntiare,
710 1752 786 1814 etin
799 1751 862 1814 suis
872 1752 1020 1814 Ecclesiis
1033 1770 1165 1813 servare
1175 1750 1257 1811 inler-

248 1848 344 1922 dicta,
361 1849 479 1911 aliasve
494 1869 643 1912 censuras
658 1851 698 1912 ab
713 1851 869 1932 Episcopo
884 1852 1046 1931 prolatas;
1064 1851 1214 1913 accedere
1226 1848 1256 1907 ad

250 1946 405 2008 solemnes
425 1948 669 2028 supplicationes
688 1950 729 2011 ab
748 1949 904 2029 Episcopo
924 1948 1078 2024 indictas;
1104 1954 1138 2010 et
1152 1947 1177 2008 si
1191 1948 1256 2008 forte

250 2043 372 2106 oriatur
385 2046 600 2107 controversia
614 2047 653 2106 do
669 2046 881 2126 praecedentia
895 2046 978 2108 inter
992 2046 1164 2108 saeculares
1177 2048 1206 2105 et
1216 2061 1255 2103 re-

249 2142 386 2220 gulares,
402 2144 453 2205 vel
470 2143 555 2224 ipsos
569 2144 653 2206 iuter
667 2145 829 2225 regulares
844 2145 884 2207 ad
898 2145 1047 2221 invicem,
1063 2141 1207 2225 Episcopi
1219 2145 1255 2201 est

250 2239 379 2302 dissidia
386 2260 587 2322 componere,
599 2249 707 2305 amota
715 2243 801 2304 omni
809 2243 1033 2324 appellatione.
1046 2243 1158 2324 (Gonc.
1170 2239 1252 2314 Trid,

250 2358 325 2403 sess.
342 2357 414 2414 xxv,
430 2359 499 2420 cap.
514 2358 562 2402 rur
577 2346 609 2402 et
623 2341 708 2423 xm.)
988 2399 989 2402 ,

308 2438 342 2497 6⁰
358 2439 497 2500 Subsunt
507 2439 690 2501 immediate
702 2439 877 2521 Episcopis,
889 2428 1135 2503 iniis'omnibus
1146 2459 1211 2521 qua
1222 2437 1253 2499 ad

250 2536 324 2598 fidei
340 2538 512 2617 puritatem
528 2539 719 2600 referuntur.
742 2540 955 2613 Quamobrem
971 2545 1137 2621 nequeunt
1154 2540 1252 2600 librum
1279 2563 1280 2641 p

249 2633 431 2713 imprimere
450 2637 569 2716 absque
587 2636 706 2715 praevio
727 2637 873 2700 examine
892 2637 1041 2719 Episcopi
1062 2644 1095 2700 et
1113 2635 1251 2718 approba·

249 2730 354 2805 tione;
372 2734 481 2795 subeo
496 2734 580 2795 enim
594 2741 738 2816 respectu
751 2736 862 2798 eadem
874 2737 945 2816 lege
955 2742 1106 2799 tenentur
1116 2755 1153 2798 ac
1165 2731 1251 2797 caleri
1278 2772 1279 2814 ,

251 2828 355 2890 clerici
374 2831 549 2895 seaculares.
570 2834 667 2896 Juxta
686 2833 926 2897 instructionem
942 2835 1249 2910 clementisvl11,re·
1278 2816 1279 2903 l

250 2926 333 3004 gulis
349 2929 463 2990 Indicis
478 2929 646 3010 adjectam,
667 2931 794 3008 debent,
812 2939 928 3012 praeter
947 2934 1133 2996 facultatem
1148 2951 1166 2994 a
1179 2933 1249 2991 Pra-
1277 2981 1278 2990 ,

249 3025 316 3087 lato
331 3025 381 3086 cui
394 3027 583 3103 subduntur,
600 3030 742 3092 obtinere
756 3031 917 3093 licentiam
932 3031 972 3093 ab
987 3032 1154 3112 Episcopo.

310 3128 341 3186 7⁰
356 3126 425 3186 Non
436 3132 567 3205 possunt
578 3129 852 3191 confraternitates
862 3129 983 3210 erigere
993 3129 1026 3191 in
1036 3130 1102 3192 suis
1112 3124 1244 3195 Ecclesiis,

249 3223 310 3285 nisi
324 3223 364 3285 de
376 3223 524 3304 Episcopi
538 3243 704 3292 consensu.
1276 3289 1277 3294 ,

307 3324 340 3382 8⁰
355 3322 529 3402 Episcopus
543 3330 648 3404 potest
661 3325 912 3389 animadvertere
925 3327 958 3389 in
971 3327 1132 3408 regulares
1145 3321 1243 3404 quide
1276 3345 1277 3427 p

247 3419 396 3500 linquunt
410 3426 500 3482 extra
513 3423 752 3500 monasterium,
769 3425 795 3486 si
808 3427 958 3505 praelatus
976 3426 1140 3506 regularis,
1157 3421 1244 3483 adno-

247 3516 332 3579 nitus
345 3520 385 3581 ab
401 3539 450 3594 eo,
468 3539 538 3582 reos
553 3521 659 3583 delicti
671 3522 783 3603 punire
797 3524 949 3604 negligat.
962 3525 999 3586 ln
1011 3519 1243 3604 praemissisitern

282 3724 304 3769 l.
318 3719 356 3772 Ci.
372 3725 437 3774 Acta
454 3728 481 3775 S.
493 3727 578 3788 Sertis,
592 3728 666 3778 Tam.
678 3729 719 3790 xl,
738 3743 765 3792 p.
777 3732 889 3780 595-603.
