2582 4278
84 292 445 342 rnr.1v.onucrrrcres
471 273 684 342 ciriruconurr
705 292 742 340 rr
764 292 982 342 canonicorum
1006 286 1065 340 ier
1163 359 1172 378 κ
1273 295 1274 302 “

51 411 188 472 sedante
209 409 336 471 dioecesi
349 415 492 490 tempore
507 410 722 499 vacationum,
739 427 802 470 non
820 408 909 490 prius
926 409 1059 472 obtenta

53 507 199 582 licentia3
218 508 256 568 de
272 513 336 587 quo
360 514 543 588 sequentem
560 507 805 570 declarationem
828 509 859 570 S.
886 509 1063 586 Congrege-

50 607 135 669 tionis
150 611 264 667 notatu
280 607 409 686 dignam
428 611 585 667 memorat
598 604 857 668 benedictuinV
874 623 882 666 :
899 607 960 668 «S.
975 607 1058 667 Gon·
1093 671 1096 680 ,

52 728 65 762 α
84 705 227 784 gragatio
247 704 374 766 tametsi
394 703 603 765 declaraverit
616 702 737 764 nuliam
760 703 877 782 requiri
898 702 1059 764 licentiam

53 823 66 859 a
83 791 120 862 ad
134 801 198 862 boc
213 805 249 861 ut
263 801 406 862 canonici
423 799 548 879 possint
559 801 669 862 abesse
686 800 846 861 mensibus
862 799 1025 880 permissis
1039 818 1060 860 a

53 924 65 954 a
83 899 229 974 concilio,
249 899 370 960 censuit
384 904 491 958 tamen
513 897 596 960 hanc
612 897 858 959 declarationem
878 915 942 958 non
957 897 1059 960 vindi·

52 1020 65 1052 «
84 1013 153 1056 care
175 996 238 1056 sibi
258 996 377 1070 iocum‚'
399 995 523 1075 quoties
543 993 688 1056 canonici
707 995 818 1056 'abesse
837 995 948 1056 volunt
969 1000 1059 1056 extra

54 1115 66 1151 u
84 1093 264 1167 dioecesim3
282 1093 465 1172 ac'proinde
477 1093 548 1154 boc
563 1091 639 1154 c'asu
652 1091 800 1172 Episcopi
811 1091 972 1153 licentiam
991 1109 1058 1154 csse

52 1214 65 1246 a
84 1190 307 1251 obtinendam
323 1191 479 1251 ticeterum
496 1189 699 1269 'Episcopum
726 1204 792 1250 non
819 1189 935 1250 debere
957 1187 1057 1261 iilam,

56 1308 68 1345 a
86 1288 207 1366 absque
221 1287 405 1348 rationabili
415 1305 523 1360 causa,
539 1299 668 1364 negare.
687 1310 703 1343 »
1099 1273 1103 1280 ’

101 1385 170 1445 tia.
184 1419 227 1429 -
240 1385 280 1446 V⁰
296 1383 405 1446 Utrum
415 1381 551 1445 canonici
561 1383 795 1464 quieec‘ntuntur
806 1401 826 1445 a
838 1383 961 1444 seruitio
973 1381 1057 1444 ebore
1102 1446 1106 1451 ,

49 1492 164 1562 propter
175 1483 478 1562 caucasussip‘nntctst
492 1483 608 1562 potttirt
620 1479 815 1542 nibilominus
826 1481 982 1564 percipere
995 1479 1059 1542 dis·
1102 1546 1108 1554 ,

54 1578 221 1640 tributiones
229 1578 428 1660 ’pontinianus
437 1587 468 1640 et
480 1575 656 1640 manneus?

102 1678 125 1737 l.
143 1677 257 1748 Quoad
273 1676 515 1738 ‘distnbttticn‘es
537 1673 744 1757 quotidianus,'
764 1676 828 1738 dici
841 1681 945 1756 potest
960 1694 1056 1754 gene·
1101 1739 1107 1748 ,

55 1774 134 1834 ratim
152 1775 227 1835 ilios
242 1774 440 1836 solummodo
456 1773 692 1835 distributiones
715 1773 832 1836 lucrari
854 1766 908 1854 qui
930 1775 1061 1836 fictione

51 1869 118 1947 juris
131 1877 303 1933 censentur
316 1877 497 1950 praesentes,
511 1870 605 1950 juxta
619 1888 688 1951 cap.
709 1870 960 1934 Consuetudinem
973 1889 1057 1952 prae·

57 1967 184 2042 citatum,
202 1986 266 2047 quc
279 1969 459 2048 Boniiacitrs
477 1967 646 2048 ¹prohibuit
666 1986 706 2030 ne
724 1969 958 2032 distributiones
978 1969 1059 2031 fiant
1078 2039 1080 2045 y

56 2064 86 2125 iis
102 2067 153 2144 qui
179 2083 244 2128 non
266 2067 590 2146 tuerint-praesentes,
613 2090 630 2123 u
645 2067 784 2146 exceptis
798 2066 861 2128 iliis
874 2087 954 2146 quos
968 2067 1058 2128 intir-

61 2183 72 2218 u
88 2164 187 2239 mitas',
203 2163 362 2243 seu'justav
373 2169 404 2224 et
414 2155 610 2225 rationabilis
624 2164 797 2242 corporalis
807 2153 987 2240 necessitas,
1003 2169 1059 2226 a'ut

58 2261 212 2322 «evidens
234 2261 379 2322 iiceiasiae
397 2261 597 2336 'necessitas'
615 2267 781 2322 excusaret
809 2283 836 2321 ».
865 2263 922 2323 Hic
947 2266 1057 2324 autem

57 2359 326 2420 nomineiicciesia
340 2357 527 2436 intelligitur
535 2357 677 2421 Ecclesia
683 2359 740 2419 cui
749 2359 884 2421 debetur
894 2359 1059 2420 servitium

57 2454 182 2532 chorais,
199 2475 264 2518 non
281 2471 356 2518 vero
371 2455 520 2518 Ecclesia
534 2453 731 2532 universalis,
748 2475 807 2518 nec
819 2457 977 2530 dioecesis,
997 2447 1059 2518 nis'i

57 2549 202 2640 indultum
217 2553 481 2634 obtinuerintqui
500 2554 646 2616 iiceiesiee
663 2553 833 2616 universali
850 2559 905 2617 aut
929 2553 1057 2616 dioecesi
1080 2613 1082 2618 .

58 2649 230 2726 inserviunt,
247 2653 289 2713 ad
303 2651 543 2733 percipiendum
557 2652 795 2715 distributiones
804 2655 828 2715 ¹.

108 2749 185 2810 Hinc
201 2749 429 2819 concludimus:
441 2751 477 2810 i·
489 2749 664 2814 Ganonieos
679 2749 824 2812 absentes
835 2750 957 2814 ratione
969 2768 1060 2813 vaca-

58 2844 166 2907 tionum
180 2849 375 2911 non-lucrari
387 2846 623 2909 distributiones
635 2847 846 2928 quotidianas,
857 2849 917 2911 nisi
931 2849 973 2910 ob
988 2868 1057 2912 cor·
1113 2915 1116 2922 ,

60 2946 189 3022 pcraiem
202 2945 422 3006 infirmitatem
432 2953 600 3008 versentur
609 2945 644 3006 in
658 2945 845 3010 necessitate
855 2947 1060 3012 abscedendi.

61 3043 86 3101 2⁰
101 3047 159 3105 Nec
178 3044 312 3106 vicarios
330 3045 503 3123 generales,
524 3043 641 3106 aliosne
663 3045 814 3108 officiales
834 3045 983 3126 Episcopi
1005 3051 1062 3108 aut

61 3142 176 3220 capituli
198 3143 253 3222 qui
281 3160 346 3203 non
373 3142 658 3209 assistuntcbcro.
687 3145 735 3206 ita
761 3144 856 3206 luisse
884 3143 1060 3206 resolutum

62 3241 153 3315 quoad
167 3245 337 3319 utrumque
352 3239 460 3308 casum
474 3241 571 3304 refert
587 3240 747 3302 benedict.
768 3243 837 3303 xiv
854 3241 924 3302 ioco
948 3241 1057 3315 citato,

62 3333 95 3392 p.
106 3337 153 3412 56,
172 3337 525 3413 samaritanorum
546 3337 600 3416 qui
622 3343 695 3399 actu
710 3338 891 3399 detinentur
908 3339 948 3399 ab
969 3337 1060 3418 Epis·

63 3447 128 3512 copo
140 3436 181 3497 ob
193 3435 363 3497 utilitatem
375 3435 529 3512 dioecesis,
546 3433 611 3498 sive
625 3435 716 3496 iilum
730 3436 931 3510 comitentur,
945 3437 1011 3498 sive
1023 3441 1060 3500 ut

64 3533 177 3596 rectoris
192 3533 363 3610 seminarit
375 3551 430 3596 scu
444 3533 630 3614 professoris
640 3553 755 3596 munus
768 3535 895 3609 obeant,
907 3541 981 3610 etc„
994 3540 1055 3599 stc.

100 3680 120 3727 i.
132 3679 238 3742 Fagnan
254 3679 282 3728 in
296 3679 360 3741 Cap.
373 3677 450 3740 Licet,
461 3685 493 3728 nt
502 3677 557 3742 iot,
566 3689 599 3728 us
612 3665 769 3730 Panamara.
782 3703 813 3716 ·-
824 3676 916 3728 Lucidi
934 3678 966 3728 de
983 3677 1059 3732 Vicit.

65 3749 110 3801 Suc.
124 3754 198 3816 Lim,
209 3757 280 3820 part.
289 3755 323 3834 tt,
337 3763 367 3804 11⁰
382 3767 432 3804 xix.
