2632 4260
204 217 242 274 bd
572 225 646 273 PARS
667 225 702 279 ll·
724 225 854 274 CbERlCl.

208 341 323 404 clarari
332 342 372 403 ad
382 341 573 421 possidenda
582 341 656 416 alia,
667 342 766 404 donee
776 341 1030 404 emendationem
1039 341 1237 404 ostendant.

246 443 291 502 De
319 439 480 522 parochis,
513 439 609 503 Cone.
651 439 736 501 Trid.
770 442 903 502 mandat
935 446 970 502 ut
1001 439 1056 520 qui
1086 439 1243 520 turpiter

208 543 240 600 et
283 539 468 600 scandaloso
488 537 610 612 vivunt,
639 539 679 600 ab
705 539 862 620 Episcopo
891 543 1106 614 coerceantur,
1138 555 1241 617 prae-
1298 587 1299 618 ,

207 635 311 698 missis
323 636 567 713 monitionibus3
584 641 615 700 et
634 637 660 698 si
674 637 779 700 adhuc
799 634 1029 716 incorrigibiles
1042 638 1105 699 sint
1118 636 1153 697 in
1168 653 1243 696 sua
1298 699 1299 712 ,

208 734 319 814 nequit
320 735 362 810 ia,
381 734 554 815 Episcopus
576 736 694 797 babeat
712 737 845 798 facultat
832 741 896 798 tem
912 755 965 798 ees
985 735 1147 798 beneficiis
1164 733 1244 824 pri·

208 833 315 910 randi,
357 833 572 913 appellatione
611 853 812 915 quacumque
852 840 985 909 remota,
1026 835 1119 914 (Sess.
1158 849 1239 906 xx1,
1298 829 1299 884 l

208 947 280 1010 cap.
293 949 333 994 vr.
338 929 506 1011 )Neeesse
498 933 542 1011 igi
544 936 595 992 tur
605 952 669 993 non
679 936 771 993 estt
735 953 756 992 u
758 933 890 994 teadem
900 937 1003 994 seruet
1004 951 1041 994 ur
1056 931 1242 1012 graduatio
1298 925 1299 1018 3

209 1047 377 1108 poenarum
388 1049 424 1091 ac
436 1050 494 1110 pro
510 1030 579 1091 aliis
591 1007 810 1106 beneficiariis,
826 1031 865 1092 de
883 1031 997 1111 quibus
1009 1031 1116 1092 mode.

272 1128 415 1188 Tandem
430 1129 569 1210 synodus
583 1129 683 1190 veluit
703 1143 786 1204 aum',
802 1130 857 1208 qui
870 1135 1038 1209 postquam
1058 1127 1242 1190 mulierem
1298 1109 1299 1156 3

210 1223 373 1302 dimiserit,
390 1225 506 1287 iterum
527 1226 586 1286 sibi
607 1244 678 1286 eam
700 1226 872 1308 adjungere
884 1231 1099 1307 presumeret,
1118 1223 1240 1304 gladio

209 1324 669 1403 excommunicationisplect13
683 1330 714 1386 et
724 1324 855 1387 clericos
867 1325 1021 1386 beneficia
1031 1343 1096 1386 non
1107 1323 1242 1384 haben-

209 1425 257 1481 tes
269 1421 376 1499 puniri
390 1422 430 1482 ab
448 1422 603 1501 Episcopo
615 1421 708 1502 juxta
730 1422 836 1484 delicti
851 1427 882 1484 et
902 1421 1108 1484 contumaciae
1122 1437 1241 1501 perse-

210 1519 390 1580 verantiam
403 1518 646 1602 etqualitatem.
664 1519 759 1602 (Sess.
775 1538 845 1596 xxv,
861 1540 931 1600 cap.
945 1519 1023 1600 xtv.)
1142 1505 1145 1512 Δ

269 1614 360 1678 Nota.
374 1618 405 1677 1ο
420 1618 588 1678 Decretum
604 1618 822 1680 Tridentinum
833 1619 960 1697 attingit
973 1636 1082 1680 ornnes
1098 1617 1240 1679 clericos

214 1714 269 1794 'qui
282 1714 314 1775 in
330 1733 387 1775 sua
401 1715 495 1776 demo
518 1716 660 1777 detinent
680 1717 828 1779 mulieres
842 1722 1013 1798 suspectas,
1029 1721 1173 1778 anteum
1188 1716 1240 1778 eis
1298 1771 1299 1774 ,

211 1817 498 1875 versanturcontra
510 1814 653 1890 vetitum,
671 1815 796 1877 etiamsi
815 1834 887 1878 cum
906 1815 968 1875 illis
989 1833 1053 1876 non
1073 1831 1239 1893 peceave-

211 1910 292 1985 rint;
310 1912 384 1991 quia
395 1913 495 1988 adest,
513 1913 547 1972 in
563 1914 688 1975 casibus
696 1913 767 1993 jure
782 1914 934 1994 praevisis,
950 1912 1159 1994 praesumptio
1175 1930 1239 1974 ca·

212 2008 338 2085 noniea,
355 2016 410 2071 aut
425 2010 537 2073 saltem
547 2011 724 2091 periculum
738 2031 833 2100 grave
843 2012 1083 2073 concubinatus.

271 2111 304 2167 2⁰
320 2109 494 2170 Concilium
511 2110 579 2170 vult
598 2115 634 2170 ut
651 2112 772 2173 fructus
788 2129 869 2191 quos
890 2109 1020 2172 clericus
1043 2107 1175 2183 amittit,
1201 2107 1240 2168 in

213 2223 341 2284 poenam
352 2207 400 2268 sui
415 2207 530 2282 delicti,
549 2208 748 2288 applicentur
761 2209 890 2270 fabrieae
904 2207 1050 2269 Ecclesiae
1067 2210 1123 2268 aut
1138 2204 1240 2267 alteri

211 2302 283 2364 loco
293 2305 357 2382 pio,
370 2305 502 2366 arbitrio
516 2307 674 2386 Episcopi.

182 2433 184 2440 v
273 2403 306 2462 3⁰
322 2403 433 2464 Clerici
448 2422 511 2463 non
524 2402 691 2463 incurrunt
705 2421 816 2482 poenas
830 2403 995 2474 indictasa
1009 2402 1158 2474 coneilio,
1171 2399 1241 2461 nisi

218 2499 413 2576 praecesserit
427 2498 570 2559 monitio
588 2499 621 2561 Si
636 2499 767 2561 clericus
779 2493 844 2562 non
861 2500 1000 2562 detineat
1014 2498 1184 2560 mulierem
1199 2498 1239 2559 in

211 2613 273 2654 sua
288 2594 394 2668 domo,
410 2595 582 2675 Episcopus
594 2616 658 2658 non
673 2597 767 2659 debet
781 2617 880 2678 usque
896 2599 936 2659 ad
951 2596 1165 2677 privationem
1184 2597 1239 2658 of·
1298 2607 1299 2618 ¹

212 2691 278 2753 licii
294 2693 476 2772 procedere,
491 2695 551 2755 nisi
561 2695 665 2756 adsint
679 2714 790 2775 graves
805 2696 1077 2776 praesumptiones·

275 2794 309 2850 4⁰
325 2790 436 2852 Clerici
449 2792 603 2854 beneficia
618 2812 683 2862 non
698 2795 894 2874 possidentes
907 2794 1083 2873 puniuntur
1095 2809 1236 2871 suspen-

214 2887 305 2949 sione
327 2890 367 2950 ab
387 2889 507 2964 ordine,
530 2910 566 2952 ac
581 2891 783 2954 inhabilitate
806 2893 846 2954 ad
867 2891 1021 2953 beneficia
1042 2889 1235 2964 obtinenda,

211 2985 323 3047 aliisve
336 2988 437 3066 modis
444 2987 537 3067 juxta
550 3009 655 3052 sacros
669 3009 815 3052 canones

277 3087 311 3146 5⁰
327 3085 489 3165 Episcopis
511 3088 605 3148 datur
621 3088 757 3150 facultas
781 3093 816 3148 ut
832 3087 865 3148 in
884 3086 945 3149 hac
963 3085 1107 3160 materia,
1126 3107 1142 3140 a
1162 3082 1237 3144 sine

220 3183 382 3262 «strepitu
397 3189 428 3244 et
442 3183 545 3262 figura
556 3186 680 3265 judicii,
695 3191 726 3247 et
740 3187 808 3247 sola
828 3185 904 3246 facti
922 3184 1054 3245 veritate
1074 3184 1233 3262 inspecta,

145 3309 146 3312 ¹
217 3305 233 3338 «
248 3282 419 3360 procedere
431 3282 553 3361 possint
563 3306 594 3345 u.
612 3287 746 3344 Possunt
760 3283 859 3360 igitur
872 3282 988 3342 inferre
1001 3297 1114 3361 poenas
1128 3279 1234 3341 indic-

216 3383 265 3438 tas
287 3397 306 3439 a
328 3379 461 3441 concilio
483 3379 678 3455 Tridentino,
704 3380 858 3440 servando
878 3379 1002 3440 formas·
1014 3377 1129 3458 judieii
1149 3395 1236 3439 sum·

138 3503 148 3522 s
215 3475 319 3537 marii.
331 3479 465 3537 Possunt
478 3477 608 3556 insuper
622 3477 792 3556 procedere
806 3495 845 3537 ex
860 3476 1027 3555 informata
1037 3475 1233 3550 conscientia,

218 3572 348 3633 servatis
358 3575 532 3647 servandis,
547 3574 573 3634 si
587 3574 753 3636 intendant
768 3573 989 3636 tantummodo
1000 3574 1083 3635 ferre
1096 3591 1232 3652 suspen·

213 3670 338 3730 sionem
349 3671 391 3731 ad
405 3675 541 3752 tempus.
559 3671 592 3734 Si
607 3671 644 3732 de
660 3672 729 3733 aliis
746 3673 848 3753 poenis
859 3672 964 3752 agitur
979 3689 1048 3751 quae
1061 3689 1126 3732 non
1141 3688 1233 3732 exce·
