2642 4268
215 285 269 342 tes
485 291 558 342 rsus
576 275 622 342 111.
645 293 702 344 aas
720 291 973 361 succensuros.
1035 315 1038 324 ,
1121 313 1124 330 ·

214 409 331 484 solum,
354 409 411 473 sed
429 409 471 472 ad
486 423 595 490 preces
617 410 773 491 publicas.
796 409 1000 492 Propositum
1016 417 1066 484 ¹est
1085 411 1237 489 dubium,

217 527 302 572 anno
317 509 407 585 185⁷,
418 511 450 574 S.
460 510 704 588 congregationi
720 510 873 577 aituum:
895 531 910 568 a
924 511 1039 572 Utrum
1056 510 1235 584 Parochus‚

140 680 142 683 v
219 629 236 666 a
251 606 369 688 aliique
383 607 562 670 sacerdotes
576 608 733 688 exsequiis
747 608 1141 690 mortuorumplficiisque
1153 627 1236 688 quo-

220 729 236 762 «
249 705 378 766 tidianis
396 723 454 786 pro
477 705 589 768 iisdem
604 707 795 784 assistentes,
817 725 855 768 ac
868 725 927 786 pro
946 725 985 770 ea
997 706 1164 778 functione
1184 706 1240 772 sti·

218 825 236 860 n
249 802 402 885 pendium
420 803 622 884 accipientes,
642 809 811 866 teneantur
824 823 882 885 per
900 823 933 869 se
948 804 1089 869 officium
1105 804 1240 868 defunc·

219 926 237 960 «
249 907 354 964 torum
373 901 562 981 persolvere,
578 901 624 966 ita
642 907 680 983 ut
692 901 892 966 solummodo
908 902 1101 987 assistentes,
1119 908 1152 967 et
1166 921 1235 966 non

221 1025 238 1056 «ι
251 1003 415 1062 cantantes
433 999 485 1062 vel
502 999 685 1078 psallentes,
708 1001 831 1064 fructus
849 1019 914 1064 non
937 1001 1059 1064 faciant
1072 1019 1175 1079 ¹suos;
1196 1021 1238 1062 an

218 1111 326 1180 «suero
341 1098 479 1162 sufficiat·
490 1104 526 1161 ut
541 1098 699 1174 assistam,
719 1104 751 1164 et
763 1100 875 1164 schola
890 1099 1037 1162 officium
1058 1100 1236 1179 persolvat,

222 1221 239 1256 a
253 1198 330 1278 ipsis
343 1197 478 1276 interea,
504 1214 563 1277 pro
580 1215 638 1260 suo
650 1197 765 1277 libitu,
790 1197 870 1261 alias
887 1216 998 1279 preces
1014 1198 1236 1272 fundentibus,

223 1318 239 1356 o
252 1317 282 1360 v.
296 1316 343 1376 g.,
357 1295 551 1358 Breviarium
566 1296 771 1359 recitantibus
784 1315 843 1377 pro
853 1296 1106 1376 suaquotidiana
1116 1296 1240 1376 obliga·

222 1419 238 1453 «
252 1395 360 1457 tione?
372 1417 388 1450 e
403 1395 434 1458 S.
447 1393 575 1456 Rituum
585 1394 807 1474 Congregatio,
817 1395 850 1459 in
862 1394 1029 1458 ordinariis
1044 1394 1184 1458 comitiis
1198 1396 1239 1456 ad

221 1492 380 1568 Quirinale
401 1492 589 1570 coadunata,
617 1498 690 1573 post
709 1497 893 1564 accuratum
919 1511 1055 1556 examen
1081 1494 1240 1575 propositi

198 1608 200 1611 ’
217 1591 322 1666 dubii,
338 1589 594 1670 respondendum
605 1591 727 1654 censuit
743 1610 751 1653 τ
768 1589 976 1673 Affirnrotioe,
991 1591 1094 1674 quood
1102 1592 1241 1674 primam

220 1697 358 1773 purtem·
367 1687 514 1768 napotice,
526 1687 628 1774 quood
639 1689 808 1752 secandam.
826 1691 912 1752 Diei)
926 1690 1003 1752 maii
1016 1691 1106 1754 1857.
1121 1693 1242 1754 Recen-

223 1787 296 1863 tius,
309 1786 362 1850 die
376 1785 495 1850 scilicet
507 1787 544 1848 li
556 1786 650 1852 Mart.
664 1807 717 1849 an.
734 1788 811 1851 1871
822 1789 967 1850 eamdem
977 1787 1158 1850 doctrinam
1167 1806 1241 1850 con-

221 1885 373 1960 firmavit,
384 1884 493 1948 addito
502 1886 627 1966 praxim
638 1885 810 1964 allegatam
819 1885 1063 1966 tolerariposse‚
1076 1885 1238 1949 sitantum

216 1988 338 2064 agatur
355 1983 395 2046 de
410 1983 526 2062 missa,
537 1984 711 2046 dummodo
728 1984 833 2048 adsint
849 1988 995 2048 cantores
1016 1983 1145 2060 adhoc
1167 2002 1236 2062 spe-

224 2081 345 2146 cialiter
359 2082 517 2162 deputati;
531 2081 661 2144 minime
677 2101 752 2144 vero
767 2083 794 2144 si
808 2086 922 2160 agatur
937 2082 975 2146 de
990 2080 1098 2148 officio
1110 2081 1235 2144 deiunc—

224 2186 330 2246 torum
344 2180 430 2262 quod
442 2180 687 2260 persolvendum
705 2181 811 2242 catab
831 2181 870 2242 iis
886 2181 941 2260 qui
961 2181 1144 2244 mercedem
1156 2181 1238 2244 acci·

214 2279 316 2361 „piunt
329 2297 388 2360 pro
402 2278 463 2340 hac
476 2279 673 2342 recitatione.
700 2279 872 2359 Responsio
891 2279 1036 2342 declarat
1054 2280 1138 2360 quid
1156 2297 1236 2360 prae·

227 2363 379 2458 scriptum
388 2377 439 2452 sit,
450 2376 523 2457 jure
540 2377 714 2458 communi,
728 2377 770 2440 de
783 2365 970 2456 necessitate
982 2379 1240 2458 prasentiaecor·
1319 2459 1320 2462 Ἴ

224 2475 343 2558 porelis
366 2481 399 2538 et
420 2493 562 2556 precum.
585 2475 743 2556 obligatio
771 2475 927 2558 psallendi
947 2482 1007 2538 aut
1029 2475 1181 2538 cantandi
1206 2477 1238 2536 in
1319 2473 1320 2477 ’

225 2574 332 2638 officio
343 2575 489 2638 funerum
503 2579 607 2655 potest
622 2575 791 2655 temperari
804 2574 837 2638 in
859 2574 969 2638 multis
982 2573 1063 2637 loeis
1078 2591 1119 2636 ex
1138 2573 1237 2636 inten-

226 2673 312 2740 tione
330 2671 693 2752 praesumptaddelium,
708 2671 764 2751 qui
777 2672 882 2758 yarias
895 2671 1074 2734 oblationes
1087 2671 1235 2746 offerunt,

228 2770 307 2834 alias
332 2771 365 2831 in
393 2771 537 2832 favorem
556 2770 813 2850 presbyterorum
826 2769 1063 2850 ,assi-stantium,
1081 2763 1165 2834 alias
1181 2787 1236 2848 pro
1318 2786 1319 2804 ¹

213 2867 409 2932 cantoribus
423 2872 456 2930 et
469 2867 613 2930 musicis.
624 2869 686 2930 Sed
705 2885 830 2944 necesse
846 2872 896 2948 est
914 2872 950 2930 ut
964 2868 1147 2930 sacerdotes
1159 2885 1235 2947 pra·

226 2971 332 3039 sentes
347 2965 462 3042 adsint,
476 2965 512 3028 in
525 2984 620 3028 sensu
639 2984 714 3032 mox
730 2966 886 3046 exposito,
901 2973 934 3028 et
944 2966 1054 3046 reipsa
1068 2971 1163 3028 orent
1179 2983 1234 3043 pro

215 3051 394 3140 'defunctu
413 3062 555 3142 alioquin
569 3064 766 3128 conditiones
778 3063 872 3134 tacite
886 3069 1079 3143 pactas2non
1097 3067 1233 3133 servant,
1317 3053 1318 3064 ’

226 3168 259 3225 et
270 3166 405 3242 peccant
416 3165 529 3224 contra
543 3161 691 3223 virtutem
702 3161 833 3241 justitiae
844 3159 1020 3226 oblationes
1032 3158 1197 3242 retinendo
1211 3160 1233 3221 ¹.

227 3260 359 3326 Admitti
372 3277 575 3342 nequaquam
591 3259 685 3322 debet
696 3259 903 3340 presumptio
914 3258 949 3320 in
963 3257 1170 3340 contrarium.

273 3467 298 3516 l.
318 3465 381 3536 flac
399 3465 500 3516 inserta
517 3466 581 3514 sunt
598 3462 628 3512 ln
647 3461 823 3528 synodalibus
842 3461 955 3516 monitis
974 3476 1025 3529 pro
1043 3461 1154 3514 dioecesi
1168 3461 1234 3512 Pari·

228 3541 319 3603 aiensi,
334 3554 379 3592 an.
393 3542 454 3593 185⁰
467 3554 475 3590 :
489 3557 503 3585 u
515 3541 646 3591 Memorea
659 3539 714 3589 sint
727 3551 822 3592 omnes
841 3554 870 3592 ss
885 3540 919 3592 ad
935 3539 1106 3610 presentiam
1120 3538 1149 3590 in
1165 3551 1231 3588 exse

229 3636 242 3663 a
254 3613 326 3682 qniis
339 3629 373 3666 ex
385 3616 490 3682 justitia
502 3613 598 3676 teneri,
614 3615 838 3683 qualiacumque
856 3615 1020 3682 stipendium
1033 3629 1083 3681 pro
1096 3614 1232 3680 prasentia
1315 3605 1316 3634 ¹

227 3711 242 3738 a
256 3693 336 3742 datur
353 3707 359 3744 r
375 3705 425 3744 nac
442 3691 522 3761 aliam
538 3691 567 3741 in
586 3691 638 3742 hac
656 3705 686 3744 re
702 3693 807 3745 admitti
822 3693 1030 3758 dispensationis
1049 3703 1167 3753 cansam,
1182 3690 1231 3740 nisi

228 3779 364 3830 «quw
377 3768 445 3820 sacri
456 3767 1010 3837 ministeriigravinecassitataoritur.s
1060 3803 1064 3814 .
1171 3793 1174 3804 ι
1213 3788 1216 3798 ·
