2642 4270
202 263 270 310 Aur.
292 264 340 310 Ill.
364 263 597 314 Anululsruarlc
618 264 761 313 Bcuoeuu
781 265 939 313 acotusln.
1028 263 1076 314 391

63 378 235 459 sectuspro
259 381 390 442 summis
404 382 578 443 minoribus
601 383 661 442 300
683 382 815 454 francis;
839 383 981 444 minister
1005 403 1080 446 vero

61 477 214 557 principis
229 497 287 558 pro
302 481 477 558 majoribus
492 480 634 554 summis,
648 485 680 540 et
694 499 752 559 pro
768 480 993 542 immobilibus.
1010 482 1080 544 Sive

60 581 170 636 autem
182 577 341 638 concessio
360 578 474 638 fiatad
493 584 619 657 tempus
634 577 815 652 limitatum,
840 579 903 640 sive
921 581 962 640 ad
982 581 1081 640 vitam

60 691 218 752 personae,
233 692 426 753 magnopere
439 677 534 736 refert
547 683 581 736 ut
594 675 757 736 annuatim
769 681 935 754 praestetur
950 695 1078 753 census3

63 770 113 831 vel
128 777 164 831 ut
175 772 310 846 pretium
326 774 424 833 semel
437 773 574 833 solutum
585 773 757 833 collocetur
770 773 803 849 ip
818 792 929 834 census
941 793 1078 845 annuos,

61 866 207 947 alioquin
222 870 372 930 recedunt
388 870 659 931 administratores
674 889 693 930 a
707 870 826 947 regulis
838 871 912 950 jure
928 871 1080 933 canonico

60 965 214 1043 praefixis,
225 971 256 1026 et
266 968 453 1046 plerumque
465 967 690 1028 detrimentum
704 967 818 1028 exinde
828 969 969 1046 patietur
983 987 1075 1048 paro·

66 1064 151 1126 chia.

122 1161 237 1223 fiee-
252 1162 366 1224 Omnes
381 1163 552 1224 consiliarii
563 1163 692 1224 fabricae
700 1163 753 1241 jus
764 1163 887 1225 habent
902 1165 1081 1244 occupandi

61 1259 173 1320 sedem
188 1259 220 1320 in
237 1260 307 1321 loco
326 1262 402 1340 ipsis
422 1262 592 1338 assignato,
613 1263 668 1341 qui
682 1261 800 1323 Gallice
817 1261 933 1322 dicitur
947 1263 1035 1322 Boeo
1047 1262 1083 1324 de

62 1354 204 1432 diruere·
229 1376 290 1436 quo
311 1359 385 1438 jure
410 1360 616 1438 perfruuntur
640 1358 793 1437 quamdiu
816 1377 909 1419 suum
938 1360 1079 1420 officium

69 1455 218 1516 retinent.
694 1493 706 1520 ι

126 1553 159 1613 Si
181 1553 250 1632 quis
272 1554 444 1615 Ecclesiam
466 1554 685 1633 parochialem
702 1555 741 1631 ⁸iu
764 1555 925 1631 integrum
947 1555 1084 1633 propriis

64 1651 245 1729 sumptibus
255 1651 468 1725 edificaverit,
485 1658 591 1730 potest
605 1653 665 1712 sibi
679 1659 711 1712 et
725 1670 789 1712 suae
799 1651 931 1712 familiae
947 1653 1083 1714 retinere

43 1767 160 1815 ¹usum
184 1749 276 1809 unius
300 1750 393 1824 sedis
418 1754 472 1810 aut
497 1750 594 1810 etiam
620 1750 713 1809 unius
742 1749 884 1828 capellae.
911 1749 947 1808 ld
975 1749 1084 1810 statuit

65 1852 129 1906 art.
145 1849 183 1906 'lu
193 1847 313 1907 decreti
328 1848 417 1922 1809,
432 1865 526 1926 quem
542 1848 756 1908 communiter
770 1847 815 1906 ita
834 1847 1086 1925 interpretantur

67 1949 177 2007 utnon
189 1963 299 2005 omnes
310 1946 484 2022 generatim
495 1945 723 2022 consanguinei
733 1945 912 2005 fundatoris
929 1945 990 2004 hac
1005 1962 1086 2024 prce·

65 2043 211 2120 rogativa
231 2044 406 2122 potiantur,
434 2044 487 2104 sed
508 2043 707 2104 solummodo
732 2045 938 2104 ascendentes
964 2049 996 2102 et
1011 2043 1085 2104 des-

65 2140 248 2201 cendentes.
273 2164 289 2196 «
305 2142 384 2202 G’est
404 2139 527 2220 d'apres
543 2140 620 2216 cela,
644 2141 689 2201 eit
701 2141 900 2220 jurisperitus
915 2141 1083 2217 recentior,

71 2259 88 2295 u
102 2237 179 2316 qu’il
192 2257 211 2298 a
225 2244 274 2299 ete
289 2239 398 2301 decide
414 2257 486 2319 que,
502 2239 685 2319 lorsqu'une
703 2255 870 2317 personne,
887 2256 927 2298 en
941 2239 1086 2300 donnant

70 2359 87 2391 «
102 2336 135 2395 la
153 2336 312 2415 propriett
334 2336 427 2397 d'une
444 2337 553 2414 eglise,
576 2337 649 2396 s'est
666 2341 790 2396 rescrve
811 2354 893 2415 pour
910 2335 969 2395 elle
990 2341 1022 2395 et
1040 2335 1086 2396 les

68 2456 83 2489 ι
100 2433 195 2508 siens,
209 2452 251 2494 un
262 2434 345 2494 droit
355 2435 394 2494 de
405 2434 497 2509 banc,
507 2453 541 2496 ce
553 2434 645 2509 droit,
655 2437 675 2494 a
685 2433 808 2494 lamort
819 2434 861 2492 du
872 2433 1086 2505 donateur,ne

69 2555 85 2588 «
102 2531 221 2593 s’etend
236 2551 292 2611 pas
308 2533 528 2593 indefiniment
542 2533 561 2593 a
576 2551 624 2593 ses
639 2532 785 2592 heritiers
799 2549 838 2591 en
852 2531 937 2609 ligne
952 2531 1084 2590 collate-

67 2653 86 2685 «
101 2629 181 2702 rale,
197 2634 228 2689 et
243 2628 320 2708 qu'il
335 2631 391 2690 fait
404 2618 542 2690 retoura
556 2631 588 2690 la
599 2629 755 2707 fabrique,
775 2628 801 2688 si
816 2647 851 2688 ce
864 2628 1020 2688 donateur
1034 2627 1088 2688 n'u

68 2750 85 2782 «
99 2725 191 2787 laissa
210 2746 313 2788 aucun
335 2729 527 2789 descendant
543 2727 565 2788 ¹.
585 2750 599 2783 »
617 2759 656 2772 -
672 2727 856 2787 benefactor
877 2731 980 2805 potest
996 2742 1086 2785 cum-

69 2824 143 2884 dem
157 2825 298 2885 favorem
316 2825 386 2898 sibi,
404 2843 530 2904 suaeque
549 2825 680 2884 familiae
703 2824 860 2898 obtinere3
882 2841 954 2884 cum
981 2828 1087 2884 tamen

68 2921 121 2980 lex
136 2915 200 2980 non
214 2923 359 2986 statuerit
373 2923 576 3000 quandonam
594 2923 713 2982 donum
737 2921 883 3004 Ecclesiae
904 2937 1087 2981 concessum

68 3018 252 3097 hujusmodi
272 3020 314 3078 sit
333 3025 368 3080 ut
382 3020 512 3080 attribui
526 3019 640 3080 debeat
661 3021 730 3079 haec
748 3017 969 3098 praerogativa,
991 3017 1087 3096 idque

67 3116 206 3194 pendeat
221 3135 240 3178 a
254 3117 507 3190 circumstantiis,
524 3117 651 3177 fabricae
673 3116 794 3194 judicio
815 3121 845 3176 et
867 3114 1088 3194 approbationi

70 3212 218 3290 gubernii
232 3215 428 3275 submittitur
440 3213 613 3292 postulatio
629 3213 804 3274 donatoris.

131 3311 166 3370 ln
177 3311 372 3373 caeremoniis
385 3310 642 3372 extraordinariis
653 3297 694 3371 ad
704 3327 783 3389 quas
797 3327 837 3370 ex
851 3309 957 3371 officio
969 3327 1087 3370 convo·

123 3503 147 3548 l.
159 3499 196 3548 De
211 3497 392 3561 dirumpam,
403 3499 471 3550 code
482 3498 526 3548 des
537 3497 681 3563 submoues,
693 3502 757 3548 tom.
771 3498 805 3558 11,
823 3498 855 3546 de
868 3495 895 3546 ta
908 3496 1032 3546 Location
1044 3495 1089 3546 des

75 3574 208 3624 ebaiseeet
222 3573 255 3622 de
265 3573 290 3622 la
308 3573 459 3622 Concessum
471 3573 516 3622 dee
532 3573 608 3623 bocca
624 3577 650 3622 et
658 3573 745 3637 places
763 3573 831 3622 dans
843 3573 877 3622 les
890 3573 990 3637 eplises‘,
1002 3580 1033 3620 n⁰
1046 3572 1087 3632 80,

78 3652 208 3715 pegeitt.
220 3651 319 3700 Auctor
331 3649 416 3698 multa
427 3650 651 3712 complectiturin
664 3662 696 3698 eo
709 3649 824 3699 articulo
837 3650 905 3698 scitu
922 3649 1006 3710 utilia,
1020 3647 1090 3698 circo

77 3725 320 3790 jurisprudentiam
331 3729 357 3774 et
368 3726 470 3788 praxim
484 3725 622 3776 locationis
635 3725 748 3787 sedium,
761 3737 823 3790 pag.
840 3726 957 3776 iel-303.
