2588 4276
141 269 144 280 '
194 252 246 311 ’194
532 251 605 310 PARS
625 261 659 310 11.
680 259 867 310 annutante.

190 375 308 450 Gallie,
335 375 559 438 Cantuariense
582 377 615 436 in
640 378 769 457 Anglia‚
795 377 951 438 Fuldense
970 377 1004 438 in
1027 375 1209 440 Germania.
1290 423 1291 427 ,

252 473 457 554 Disciplinam
485 476 692 542 monasticam
715 476 873 556 frequenti
892 476 1073 536 incursione
1098 475 1212 536 harba-
1290 491 1291 526 t

191 590 301 634 rorum
317 572 438 633 saeeulis
453 573 718 651 subsequentibus
731 575 797 635 fere
815 573 990 653 collapsam
1009 573 1212 634 instaurave-
1286 622 1287 626 ,

194 674 270 742 runt
293 675 419 730 sanctus
442 671 544 730 Berno
560 677 591 730 et
616 670 702 733 illius
728 689 890 732 successor
915 675 1043 732 sanctus
1071 669 1154 746 Ode,
1180 669 1213 730 in
1284 725 1286 732 ,

144 835 147 842 ,
191 767 385 829 monasterio
395 767 592 834 cluniacensi
602 767 634 828 in
642 768 836 846 Burgundio,
843 785 951 829 versus
960 787 1010 828 an.
1024 769 1103 842 9103
1117 785 1211 828 sanc·
1286 818 1287 822 ,

192 868 245 924 tus
258 864 411 924 Rohertns
426 864 457 923 in
473 865 665 926 monasterio
680 865 888 941 Cisterciensi,
904 883 955 926 an.
974 865 1067 938 10983
1082 869 1215 926 sanetus
1290 882 1291 919 ι

194 961 388 1023 Romualdus
415 961 589 1022 Gamaldoli
616 979 716 1042 prope
742 962 945 1037 Florentiam,
969 979 1051 1022 anno
1074 963 1215 1024 99111
1290 961 1291 1017 ἑ

192 1058 250 1119 illa
263 1059 486 1120 reformatione
508 1059 693 1139 prodierunt
707 1060 921 1122 celeberrimae
939 1060 1216 1138 Congregationes
1285 1055 1286 1076 ³

191 1154 411 1230 cluniacensis,
430 1155 646 1232 Cistercieecia
661 1155 910 1232 Camulduleesz's,
926 1176 997 1236 quae
1012 1167 1214 1236 magnopere
1290 1178 1291 1214 ;

189 1254 396 1316 contulerunt
410 1254 451 1314 ad
470 1255 671 1333 splendorem
691 1260 792 1316 status
813 1255 952 1333 religiosi
968 1255 1000 1315 in
1025 1255 1211 1317 Occidente.

254 1350 462 1413 Clem'eceescs
473 1358 593 1412 vestem
605 1352 730 1431 nigram
744 1353 927 1426 induerunt,
940 1371 1028 1414 more
1041 1353 1212 1432 religioso·
1287 1339 1291 1409 ³1

190 1467 263 1509 rum
291 1449 532 1522 Basilianorum
557 1449 737 1527 insignum
760 1449 981 1528 abnegationis
1007 1450 1213 1527 negotiorum
1290 1472 1291 1509 3

192 1546 403 1607 secularium.
430 1546 529 1606 Fideli
552 1546 761 1608 observantiae
782 1547 967 1624 regularum
990 1548 1091 1608 saneti
1113 1549 1215 1609 Bene-
1290 1570 1291 1607 t

98 1656 127 1704 ,·
154 1689 156 1692 -
193 1643 269 1704 dieti
283 1661 413 1721 operam
428 1643 599 1719 dederunt3
623 1645 764 1723 insuper,
784 1645 870 1723 quod
892 1645 1003 1706 sedulo
1027 1646 1213 1706 notandum
1290 1681 1291 1706 1

193 1745 251 1815 est,
268 1741 375 1802 omnia
393 1741 683 1821 monasteriaque,
700 1742 802 1802 missis
821 1760 838 1804 e
857 1760 913 1803 suo
931 1749 1088 1804 conventu
1100 1743 1213 1804 tratri·
1290 1769 1291 1806 t

130 1870 131 1873 κ
190 1813 402 1914 inassuetus
418 1839 484 1900 Odo
500 1840 655 1911 fundavit,
673 1845 705 1901 et
720 1840 783 1901 alia
798 1859 869 1920 quae
884 1859 917 1901 se
931 1841 1018 1902 illius
1032 1841 1212 1920 disciplinae
1290 1867 1291 1904 2

190 1935 276 1996 nltro
289 1937 526 2012 commiserunt,
546 1956 645 1998 unum
656 1937 805 2000 abbatem
818 1939 999 2016 generalem
1013 1939 1210 2013 habuerunt,
1288 2009 1291 2020 χ

190 2033 398 2113 praepositum
410 2034 558 2110 regimini
580 2035 676 2096 totius
696 2036 965 2115 congregationis,
976 2041 1012 2096 ut
1031 2041 1211 2098 servaretur

193 2131 305 2192 eadem
320 2131 435 2208 agendi
450 2131 530 2192 ratio
541 2133 599 2192 suh
614 2132 727 2194 iisdem
742 2133 878 2194 statutis.

254 2225 461 2290 Cc'sccrct'eems
488 2235 573 2290 veste
601 2229 674 2290 alba
705 2229 807 2291 induit
834 2234 963 2292 sanctus
989 2231 1149 2292 Robertus
1176 2231 1211 2292 in

190 2323 316 2404 signum
325 2326 470 2405 puritatis
478 2327 711 2406 auimae,quam
719 2328 806 2389 omni
814 2328 918 2389 studio
927 2327 1071 2390 temulari
1079 2328 1209 2389 debent.
1290 2359 1291 2396 r

190 2423 327 2502 llcgulas
343 2425 373 2486 S.
389 2424 549 2486 Benedicti
561 2424 741 2486 litteraliter
753 2413 921 2487 'observari
936 2427 1071 2498 curavit,
1086 2432 1121 2487 et
1134 2427 1210 2488 nul·
1290 2456 1291 2496 r

190 2522 257 2582 laur
273 2522 505 2601 exemptionem
527 2541 547 2582 a
563 2521 783 2600 jurisdictione
798 2522 1027 2602 Episcoporum
1042 2524 1209 2603 expetivit.
1290 2549 1291 2600 p

193 2619 376 2697 Superiores
402 2619 666 2681 monasteriorum
684 2637 755 2699 quae
774 2621 993 2682 reformationi
1013 2621 1210 2683 Cisterciensi
1290 2619 1291 2624 ’

188 2715 393 2777 adhaeserant
419 2718 548 2791 insimul
572 2723 787 2779 convenerunt
807 2736 860 2780 an.
892 2719 981 2794 1119,
1004 2725 1039 2780 ut
1065 2720 1210 2780 omnium

186 2812 349 2890 ,suffragiis
364 2815 538 2876 sanciretur
557 2815 738 2878 constitutio
762 2816 1209 2897 congregationis.'Statutum

190 2911 275 2973 inter
288 2915 403 2972 caetera
414 2912 473 2972 luit
482 2910 735 2988 jurisdictionem
744 2913 777 2975 in
790 2931 916 2974 omnem
928 2914 1209 2991 congregationem

191 3006 271 3069 nulli
295 3008 327 3069 in
353 3009 517 3070 individuo
544 3009 804 3072 committendam
825 3011 903 3086 fore,
927 3012 983 3071 sed
1003 3011 1150 3072 omnibus
1173 3011 1208 3072 in

189 3106 354 3168 communi
382 3106 560 3180 abbatibus,
589 3107 643 3185 qui
668 3107 865 3184 temporibus
893 3107 1031 3186 praefixis
1055 3108 1209 3170 deberent

192 3204 359 3266 convenire
369 3204 402 3264 in
415 3203 601 3282 capitulum.
616 3204 765 3265 Ordinem
776 3204 1013 3266 cisterciensem
1022 3225 1079 3268 sua
1089 3206 1210 3285 pietate

192 3306 223 3362 et
238 3302 380 3364 doctrine
390 3301 559 3363 illustravit
570 3302 899 3378 sanetusBernardus,
913 3303 1012 3364 abbas
1023 3304 1211 3376 monasterii

191 3397 452 3462 Glaraerallensis.

250 3497 298 3557 An
324 3498 433 3558 ordine
457 3497 654 3559 Cisterciensi
668 3496 729 3558 orti
747 3502 822 3558 sunt
844 3499 907 3560 ΡΡ.
940 3497 1136 3580 11αρροηεεε,
1164 3501 1209 3564 sic

191 3592 268 3655 dicti
282 3613 301 3658 a
315 3595 507 3657 monasterio
519 3597 554 3658 B.
572 3595 679 3658 Mariae
702 3595 738 3655 de
753 3595 885 3676 Trappa,
903 3613 1002 3676 prope
1017 3597 1209 3664 Montanium

193 3689 227 3752 in
240 3691 530 3772 dioeeesiSagiensi,
547 3693 632 3772 quod
655 3693 755 3755 abbas
767 3691 803 3754 de
820 3693 924 3754 Raece
941 3695 1135 3772 reformavit,
1152 3711 1209 3771 ste,
