2588 4276
209 228 211 232 ’
235 233 288 290 tot
573 242 647 292 rans
666 241 702 290 u.
723 243 908 292 resumens.
951 264 954 270 ‚

236 377 316 434 ram,
334 363 393 420 ete.
410 361 455 419 De
468 358 507 418 iis
522 359 669 420 omnibus
683 359 838 422 nonnulla
851 379 926 422 mox
941 360 1085 422 dicemus
1100 360 1136 420 in
1151 377 1239 440 quaes·

236 457 323 520 tione
336 457 480 536 sequenti
491 455 527 517 de
544 456 713 520 Tertiorzi's.

294 556 366 616 436.
381 589 421 600 -
436 556 489 616 lV⁰
503 553 565 629 Oai
574 554 635 615 rint
648 558 831 618 Tunrraru‘l

297 655 323 716 I.
350 652 498 714 Tertiarii
517 653 581 732 (seu
594 654 766 736 Tertiariae)
779 656 928 718 dicuntur
950 657 1004 736 qui
1024 655 1181 718 canonice
1203 657 1242 718 ad·

240 751 328 813 missi
346 755 419 812 suut
432 751 465 812 in
483 751 575 812 tertio
591 751 701 814 ordine
717 753 934 816 institutorum
950 755 1154 834 regularium
1169 753 1241 834 cujus

239 849 384 928 regulam
398 853 598 929 acceperunt.
878 865 879 868 ¹

299 946 829 1011 (iumscilicetsanctusFranciscus
839 951 983 1012 ordinem
992 949 1167 1024 Minorum,
1178 950 1243 1011 etal-

242 1051 347 1106 terum
365 1043 550 1104 monialium
565 1045 623 1105 sub
638 1045 790 1123 regimine
805 1052 923 1108 sanotae
939 1048 1040 1110 Glarae
1054 1047 1243 1120 instituisset,

240 1140 348 1203 divino
369 1145 458 1202 motu
482 1140 611 1220 spiritus
634 1143 782 1222 cognovit
804 1145 1018 1222 gratissimum
1041 1147 1116 1207 lore
1133 1147 1206 1218 Deo,
1225 1143 1244 1203 si

236 1259 359 1302 novum
383 1240 535 1301 formaret
552 1241 585 1301 in
608 1241 743 1318 gratiam
764 1241 906 1303 fidelium
930 1243 985 1323 qui
1004 1243 1202 1304 remanendo
1219 1241 1243 1302 in

237 1338 347 1401 ¹saeculi
356 1338 491 1418 negotiis
506 1343 601 1417 atque
616 1339 774 1419 periculis,
787 1341 1013 1402 aemularentur
1025 1341 1130 1402 vitam
1145 1339 1244 1419 perlec-

241 1436 355 1500 tiorem
379 1435 471 1514 praxi
491 1428 694 1498 consiliorum
713 1438 989 1516 evangelicorum,
1015 1438 1105 1517 quod
1126 1437 1243 1498 feliciter

240 1534 373 1615 perfecit
389 1553 396 1596 :
413 1557 428 1589 «
442 1535 593 1595 Fraterno
605 1534 773 1596 dilectione
785 1535 938 1610 devictus,
955 1535 1000 1598 ait
1015 1537 1046 1598 S.
1065 1535 1240 1607 Antoninus,

158 1657 160 1660 ·
245 1653 259 1690 u
273 1631 385 1692 beatus
398 1631 582 1692 Franciscus
591 1631 632 1693 ad
644 1632 743 1693 instar
757 1634 822 1695 Noe
834 1633 1025 1712 patriarchae
1038 1651 1151 1695 arcam
1165 1630 1243 1692 labri-

240 1753 258 1784 «
273 1729 357 1790 cavit
376 1747 413 1789 ac
427 1728 660 1790 tricameratam
675 1730 760 1805 fecit,
774 1728 959 1808 religionem
974 1731 1095 1793 scilicet
1112 1731 1240 1804 fratrum,

243 1848 259 1885 u
274 1826 460 1888 monialium
476 1832 507 1887 et
525 1826 610 1888 tertii
625 1816 754 1900 ordinis,
770 1833 807 1888 ut
825 1827 1006 1890 habitantes
1024 1829 1057 1888 in
1074 1847 1115 1890 ea
1131 1842 1242 1907 pruser

238 1945 258 1980 u
272 1929 361 1985 voret
370 1943 390 1984 a
402 1923 520 1984 diluvio
530 1924 689 2002 vitiorum,
702 1925 789 1986 omni
802 1925 897 1986 statui
907 1925 1037 2006 cupiens
1048 1925 1218 2004 providere.
1228 1943 1240 1976 r

243 2021 382 2100 {tegulas
399 2023 576 2101 composuit
588 2023 702 2102 quibus
716 2023 826 2084 tertius
843 2023 896 2084 ille
915 2023 994 2084 ordo
1010 2027 1122 2084 sancte
1136 2036 1241 2099 regere·

242 2125 305 2194 tur,
328 2125 359 2181 et
380 2120 452 2182 illas
473 2121 663 2201 approbavit
681 2122 864 2200 Apostolica
884 2121 997 2196 Sedes,
1023 2118 1241 2182 Constitutione

242 2217 364 2280 Nicolai
374 2220 426 2294 Vl,
440 2216 680 2298 Supremontcm
694 2219 847 2281 catholice
862 2219 946 2301 fidei,
963 2239 1004 2281 an
1020 2219 1114 2280 1289.

300 2317 454 2396 Exemplo
463 2317 794 2398 seraphiciFrancisci,
802 2317 872 2378 elisa
880 2317 1239 2394 familiaereligiosaequae

239 2414 321 2476 duos
342 2414 519 2494 praecipuos
539 2415 665 2477 ordines
682 2415 843 2494 regulares
858 2415 988 2490 habent,
1003 2415 1050 2475 uti
1063 2410 1238 2479 Carmelitae,

241 2512 355 2574 fratres
378 2513 614 2588 Praedicatores,
637 2513 769 2588 Minimi,
794 2531 886 2575 suum
908 2519 939 2574 et
959 2513 1091 2574 tertium
1115 2508 1239 2572 ordinem

242 2605 435 2684 habuerunt,
449 2610 562 2671 iisdem
575 2611 640 2672 fere
658 2611 775 2690 regulis
787 2611 1011 2691 compositum,
1026 2616 1058 2671 et
1075 2610 1171 2672 etiam
1187 2602 1238 2684 pri·

243 2705 365 2786 vilegiis
380 2725 503 2768 necnon
513 2707 623 2786 gratiis
638 2709 855 2788 spiritualibus
867 2708 1064 2786 insignitum.

301 2805 338 2866 11.
350 2803 501 2867 Primitus
512 2805 659 2868 Tertiarii
668 2805 701 2866 in
710 2805 846 2886 propriis
857 2805 1003 2867 domibus
1018 2800 1239 2866 commoraban-

241 2906 310 2975 tur;
326 2901 432 2980 plures
448 2902 596 2983 deinceps
608 2903 776 2965 voluerunt
788 2902 913 2966 tertiam
929 2902 1072 2980 regulam
1086 2894 1238 2964 servarein

243 2997 309 3058 vita
323 3001 493 3077 communi,
511 3002 595 3063 unde
611 3007 681 3064 orte
695 3007 743 3062 est
756 3001 875 3081 duplex
887 3001 995 3062 classis
1009 2998 1236 3062 Tertiariorum:

243 3115 308 3158 una
325 3097 498 3158 viventium
520 3099 736 3177 collegialiter‚
762 3099 826 3160 sive
850 3117 922 3160 cum
945 3097 1026 3160 votis
1051 3092 1235 3159 solemnibus,

242 3195 308 3256 sive
323 3214 395 3256 cum
404 3196 486 3257 votis
500 3196 709 3276 simplicibus;
727 3196 1068 3258 alteraremanentium
1083 3195 1115 3256 in
1128 3186 1236 3253 saeculo.

304 3294 449 3357 Tertiarii
458 3295 598 3356 viventes
610 3294 643 3354 in
653 3300 821 3369 conventu,
831 3294 1040 3356 emissisvotis
1050 3287 1234 3354 solemnibus,
1265 3311 1266 3402 p

240 3397 316 3452 sunt
328 3410 402 3453 vere
416 3393 590 3472 regulares,
607 3411 671 3474 non
686 3411 776 3454 secus
790 3411 828 3454 ac
842 3392 983 3470 religiosi
997 3390 1153 3471 majorum
1165 3377 1234 3448 ordi·
1265 3407 1266 3470 l

242 3507 330 3550 num.
344 3489 445 3550 Aliter
459 3490 659 3553 sentiendum
669 3491 708 3552 de
724 3490 885 3552 Tertiariis
898 3490 963 3570 qui,
977 3489 1052 3552 licet
1066 3489 1236 3552 viumcom·

240 3603 372 3648 munem
394 3593 492 3666 agant
510 3588 543 3650 in
563 3589 718 3664 coenobio,
739 3595 814 3650 vota
840 3593 964 3650 tantum
988 3586 1144 3668 simplicia
1162 3575 1234 3642 emit·
1265 3577 1266 3634 l

244 3689 326 3747 tunt.
351 3685 434 3748 Olim
450 3685 635 3750 inusitatum
664 3692 732 3750 erat
754 3692 786 3750 et
811 3687 1025 3769 periculosum
1052 3679 1234 3766 reputabatur
1265 3719 1266 3786 1
