2604 4274
222 220 289 265 ART.
311 217 333 264 1.
354 217 501 266 EGGLESIAE
522 217 559 264 ΕΤ
579 216 712 264 alectus
731 217 870 266 Pulvlrt.
1002 210 1050 264 43l

13 335 120 398 toriis
152 335 296 414 privatis,
321 334 348 395 si
375 353 489 414 nempe
516 351 627 413 graves
651 351 754 394 causae
782 333 815 394 id
841 335 1053 414 expostulent.

13 434 116 494 Idem
130 416 305 496 tenuerunt
311 433 570 512 pluresdoctores
577 431 764 493 auctoritate
774 433 1054 507 commendabiles,

15 531 87 591 rati
106 535 308 609 potestatem
327 531 556 610 Episcoporum
576 530 753 609 restrictam
773 530 882 604 fuisse,
902 549 965 592 non
983 549 1056 592 vero

18 628 163 708 penitus
197 628 337 691 ablatam
373 630 501 690 decreto
540 627 699 690 concilii1.
738 629 932 702 Quaestione,
967 629 1058 690 annis

20 727 184 805 proxime
197 725 323 807 elapsis,
337 725 444 787 delata
456 726 497 786 ad
511 728 542 787 S.
559 725 844 803 congregationem
859 743 867 786 :
888 727 1060 806 (11111ρί1-

26 851 41 879 «
67 843 179 904 copus
193 823 303 904 possit,
318 821 405 904 justa
418 823 650 884 interveniente
666 841 771 898 causa,
789 823 974 885 facultatem
989 843 1061 884 con·

27 948 43 979 a
69 924 191 984 cedere
211 923 338 986 Missam
351 922 532 984 celebrandi
541 923 575 982 in
588 921 734 982 oratoriis
746 921 877 1002 privatis
892 921 924 980 in
941 941 1058 998 casu»;

26 1039 229 1100 responsum
243 1021 302 1080 fuit
319 1039 326 1082 :
351 1017 538 1101 «Nepatt'ce,
556 1020 618 1079 nisi
631 1027 729 1090 tamen
744 1037 861 1098 mopere
876 1029 905 1078 et
922 1030 1063 1098 cerpentes

30 1141 46 1175 r<
71 1117 308 1191 aristatonem,
331 1127 359 1180 et
373 1137 431 1200 per
446 1116 566 1177 modum
584 1126 669 1176 crtus
685 1126 812 1178 tantum.
823 1141 839 1172 »
858 1116 1062 1196 (11111111)-

33 1216 177 1278 tembris
193 1215 297 1296 1856.)

96 1314 198 1374 *5511
211 1311 350 1375 -Νοέα,
366 1309 405 1361 ὲ-
419 1313 549 1388 Quando
566 1315 598 1376 S.
620 1313 715 1375 Sedes
729 1312 887 1372 indultum
904 1309 1060 1383 concedit,

35 1411 240 1474 conditiones
259 1429 421 1491 apponere
438 1412 610 1487 consuevit,
628 1428 742 1490 nempe
761 1428 769 1472 :
793 1410 825 1469 1⁰
839 1415 875 1470 ut
889 1409 1063 1470 oratorium

36 1511 78 1571 ab
94 1505 267 1589 Episcopo,
280 1510 331 1570 vel
344 1510 384 1570 ab
397 1528 433 1572 eo
446 1510 498 1570 cui
509 1510 594 1570 vices
605 1527 678 1570 suas
691 1507 893 1587 delegaverit,
906 1507 1062 1580 visitetur,

36 1606 233 1687 inspiciendi
258 1626 354 1668 causa
375 1627 451 1668 num
476 1609 589 1669 decens
612 1611 644 1667 et
670 1611 744 1686 apte
770 1606 980 1686 compositum
1004 1605 1062 1678 sit3

40 1709 73 1766 20
86 1711 125 1766 ut
133 1724 200 1766 nno
212 1710 336 1766 tantum
346 1705 441 1767 Missa
453 1705 486 1764 in
498 1705 549 1765 die
562 1703 748 1778 celebretur,
763 1721 820 1764 nec
832 1703 942 1765 diebus
952 1703 1065 1764 solem-

43 1804 140 1864 nibus
157 1803 311 1864 iestorum
330 1821 471 1882 unquam
487 1803 675 1876 celebretur,
694 1802 755 1862 nisi
772 1802 864 1862 aliter
881 1819 1065 1862 concessum

43 1903 157 1975 luerit3
180 1902 212 1967 3⁹
234 1906 270 1961 ut
288 1901 364 1962 dum
383 1901 420 1962 iit
439 1919 575 1974 sacrum,
597 1917 736 1980 praesens
756 1899 796 1959 sit
818 1899 1017 1974 indultarius,
1039 1896 1066 1958 is

45 1999 166 2059 scilicet
181 1997 270 2077 cujus
281 2017 396 2060 nomen
406 1998 562 2077 reperitur
572 1998 604 2057 in
615 1991 717 2058 fronte
727 1997 853 2073 indulti,
869 2014 922 2057 seu
935 1995 1067 2074 inscrip-

48 2096 132 2158 tione
148 2097 342 2176 designatur,
356 2103 411 2158 aut
421 2097 533 2158 saltem
546 2095 642 2175 quiin
654 2113 785 2174 corpore
796 2095 939 2174 ejusdem
951 2093 1066 2154 indulti

48 2194 230 2255 nominatur
251 2211 258 2254 :
280 2213 354 2255 nam
374 2191 574 2275 privilegium
595 2198 642 2264 est
663 2191 840 2272 personale,
862 2191 941 2252 adeo
964 2197 996 2251 ut
1015 2207 1068 2251 11-
1171 2225 1173 2232 >

48 2293 175 2372 quidem
192 2293 418 2372 consanguinei
437 2298 468 2354 et
488 2292 599 2352 aflines
618 2290 746 2371 possint¹
758 2289 868 2350 audire
887 2289 1015 2350 Missam
1034 2288 1067 2348 in

50 2389 162 2450 sacello
176 2390 311 2468 privato,
324 2391 385 2450 nisi
396 2390 451 2451 illo
467 2394 641 2468 praesente;
657 2391 692 2448 10
705 2393 741 2449 ut
755 2391 919 2448 serventur
927 2385 1001 2464 jura
1015 2403 1068 2464 pa-

51 2487 211 2560 rochialia,
230 2488 334 2560 idest,
353 2487 432 2547 nulli
450 2493 537 2547 actus
550 2487 633 2548 ‘liant
646 2483 707 2566 ¹qui
720 2481 851 2565 proprio
864 2485 935 2562 jure
952 2484 993 2543 ad
1012 2485 1069 2544 bic·
1136 2563 1138 2568 Ι

52 2585 176 2647 alesiam
186 2586 401 2664 parochialem
412 2585 558 2659 attinent,
571 2605 601 2646 v.
615 2603 658 2662 g„
671 2584 799 2644 collatio
810 2581 972 2661 baptismi,
988 2600 1067 2661 nup-

54 2684 165 2745 tiar'um
180 2683 370 2758 benedictio,
387 2683 568 2744 communio
587 2682 766 2761 paschalis;
791 2681 822 2740 5⁰
839 2685 955 2760 praeter
973 2679 1069 2740 etiam

55 2782 302 2845 communionem
317 2783 520 2862 paschalem,
537 2785 771 2842 sacramentum
785 2778 991 2841 Eucharistiae
1009 2779 1071 2838 dis,-

58 2881 176 2958 pensari
192 2869 261 2941 'non
284 2882 378 2942 debet
399 2881 432 2940 in
457 2880 604 2941 oratoriis
629 2879 772 2958 privatis,
797 2878 857 2938 nisi
883 2875 922 2937 de
944 2875 1072 2938 licentia

59 2978 206 3057 Episcopi,
224 2977 312 3056 cujus
325 2977 616 3059 p1·aesoriptionibus
627 2977 694 3037 vult
708 2977 824 3038 Sancta
837 2975 933 3036 Sedes
947 2974 1070 3034 111111-

59 3076 102 3136 les
114 3095 232 3136 morem
248 3081 370 3154 gerant.
388 3077 474 3137 ldem
490 3075 528 3138 de
543 3079 742 3134 sacramento
755 3073 954 3134 Paenitentia
968 3071 1073 3132 dicen-

62 3174 142 3247 dum,
164 3193 200 3235 eo
223 3175 325 3256 magis
348 3174 433 3254 quod
456 3174 589 3234 vetitum
612 3172 650 3232 sit
673 3171 886 3231 confessiones
909 3169 1017 3230 audire
1039 3170 1072 3230 in

63 3271 184 3350 privatis
199 3273 331 3351 aedibus,
348 3272 410 3334 nisi
425 3291 464 3333 ex
480 3290 575 3332 causa
590 3267 774 3330 rationabili
785 3269 808 3328 ².

107 3459 128 3506 1.
143 3455 179 3504 Cl.
196 3455 222 3504 S.
239 3455 318 3520 Alph.
332 3455 365 3506 de
379 3455 476 3520 bigod,
498 3453 635 3518 Theolopta
652 3449 770 3510 moralis,
786 3449 832 3499 lib.
850 3441 893 3509 VI,
909 3457 941 3498 n0
954 3449 1010 3500 359.
1029 3486 1032 3492 -

108 3531 130 3579 2.
140 3531 176 3580 lta
192 3531 296 3581 Rituale
309 3531 474 3590 Romanum,
484 3530 515 3580 de
533 3531 640 3580 Sacrum
649 3527 744 3587 Ponit,
758 3553 787 3562 -
802 3523 940 3574 Clausulas
957 3539 1018 3588 qua
1029 3539 1076 3577 sae·

68 3605 122 3668 pius
134 3610 304 3670 apponuntur
320 3608 349 3656 iu
373 3605 480 3656 Indulto
501 3605 618 3670 explicat
636 3605 662 3656 S.
683 3601 761 3666 Alph.
781 3599 814 3650 de
835 3599 950 3662 Liguori,
968 3601 1015 3651 lib.
1031 3603 1075 3665 Ill,

68 3689 99 3730 nl
114 3683 164 3732 318.
179 3681 216 3732 cl.
230 3682 311 3732 etiam
322 3683 411 3733 const.
422 3681 520 3746 Mapno
531 3696 590 3732 cum
604 3680 687 3731 animi
697 3691 761 3730 mox
773 3677 892 3739 citatam,
906 3677 932 3738 §5
943 3679 972 3728 12
982 3681 1075 3745 etseq.
