2642 4268
198 294 266 342 ter.
287 295 320 342 11.
342 295 535 358 ootlrlottus,
556 297 762 348 ronblrlottes
784 299 821 348 ET
840 299 1009 347 BENEEIGIA.
1060 294 1111 346 tlt

96 413 122 474 si
146 412 329 473 notabiliter
340 413 513 488 minuatur,
531 433 567 475 eo
587 415 655 494 ipso
668 417 908 494 proportionata
924 422 1024 482 cesset
1039 436 1113 498 pars

96 511 205 590 aliqua
221 511 491 589 obligationum„
505 514 722 575 Periculosum
738 515 818 576 foret
832 515 948 576 dimitti
957 515 1113 594 judicium

96 611 135 672 de
162 609 218 670 illa
243 627 374 671 onerum
385 610 594 672 diminutione
605 612 737 690 singulis
751 613 931 675 titularibus
945 613 1113 680 beneficio

96 726 184 782 rum3
212 724 276 766 non
299 713 347 768 est
368 727 444 770 vero
469 709 707 786 inconveniens,
736 727 793 772 neo
812 710 935 789 legibus
954 712 1114 773 canonicis

96 805 239 882 vetitum,
257 805 283 866 si
304 807 463 886 Episcopi,
480 808 668 868 assumendo
688 816 794 889 partes
809 808 937 889 judicie,
952 809 1113 889 inquirant

97 923 138 966 an
163 903 237 965 talis
262 903 301 964 sit
330 905 487 968 bonorum
515 905 708 980 imminutio,
736 911 772 966 ut
786 905 880 986 juxta
898 907 1018 986 recepti
1032 905 1113 985 juris

96 1002 223 1080 regulas
241 1002 378 1063 sufficiat
391 1003 432 1064 ad
446 1003 689 1066 rescindendum
706 1010 915 1080 contractum,
933 1005 984 1066 vel
1001 1004 1113 1066 saltem

96 1101 137 1164 ad
152 1101 299 1162 eumdem
314 1101 355 1164 ad
365 1101 444 1181 justi
459 1107 489 1164 et
504 1103 589 1181 aequi
603 1121 748 1164 normam
763 1103 983 1182 redigendum.

155 1199 204 1260 Ad
220 1199 347 1261 decreta
368 1198 466 1264 allata
485 1200 517 1260 in
538 1201 732 1280 oppositum,
749 1202 943 1280 respondent
954 1202 1113 1283 judicium

95 1298 244 1379 Episcopi
269 1316 333 1358 non
360 1316 427 1360 esse
457 1299 675 1360 reductionem
702 1300 831 1380 proprie
860 1300 988 1375 dictam,
1017 1319 1113 1379 quam

69 1475 71 1480 ι
96 1399 128 1461 S.
140 1397 236 1458 Sedes
244 1395 493 1472 sibireservavit,
506 1396 744 1477 scdsimplicem
753 1398 1001 1460 declarationem
1009 1417 1112 1460 cessa-

95 1496 191 1557 tionis
212 1494 414 1574 obligationis
430 1513 469 1556 ex
483 1501 598 1556 natura
619 1500 811 1574 contractuS,
828 1516 867 1566 ex
883 1497 999 1576 regulis
1012 1498 1110 1576 aequi-

96 1593 181 1669 totis,
200 1611 240 1654 ex
258 1599 455 1673 praesumpta
471 1594 646 1655 intentione
668 1595 821 1674 partium.
845 1595 975 1680 Addunt
1002 1597 1113 1658 eadem

97 1694 223 1755 decreta
242 1697 379 1754 statuere
398 1693 446 1754 ad·
459 1697 599 1753 mentem
622 1693 747 1754 concilii
775 1695 962 1768 Tridentini,
990 1713 1054 1755 non
1075 1693 1114 1756 de

96 1790 272 1852 redditibus
292 1810 366 1854 casu
388 1791 560 1870 deperditis
579 1791 630 1851 vel
643 1796 745 1853 tractu
758 1793 911 1873 temporis
930 1794 1114 1854 notabiliter

95 1889 284 1964 imminutis,
298 1890 354 1950 sed
369 1889 407 1950 de
419 1889 517 1950 nimio
531 1908 664 1950 numero
677 1908 809 1952 onerum
824 1891 864 1954 ab
878 1891 968 1953 initio
984 1910 1112 1970 suscep-

97 1993 215 2063 torum,
228 1992 259 2048 et
273 1987 311 2052 dc
327 1987 502 2049 redditibus
524 1988 620 2048 etiam
638 1988 678 2050 ab
693 1989 823 2070 exordio
836 1988 1110 2066 insufficientibus

96 2092 128 2148 et
138 2086 334 2150 declaratum
347 2086 516 2148 fuissenon
528 2085 634 2162 licere,
648 2088 766 2165 absque
776 2087 956 2149 interventu
967 2091 996 2150 S.
1011 2088 1112 2163 Sedis,

96 2185 259 2261 reducere,
277 2203 310 2246 re
323 2185 459 2264 integro,
474 2203 573 2246 onera
587 2185 754 2246 Missurum
768 2187 809 2247 ob
820 2184 909 2260 illam
924 2187 1111 2248 tenuitatem

96 2283 295 2357 reddituum,
318 2283 370 2350 vel
390 2283 583 2363 paucitatem
606 2283 806 2344 sacerdotum
834 2284 890 2364 qui
917 2285 1038 2364 possint
1059 2289 1114 2346 aut

95 2383 196 2444 velint
206 2401 258 2444 eas
270 2382 429 2444 celebrare
445 2382 473 2456 ¹;
487 2381 562 2462 quia
571 2382 720 2463 Episcopi
729 2401 794 2469 non
807 2381 1112 2462 debentpactalegi-

97 2482 173 2542 time
186 2481 265 2542 inita
278 2481 466 2556 rescindere,
484 2499 542 2542 nee
559 2487 754 2543 commutare
769 2480 896 2542 ultimas
909 2481 1114 2542 fundatorum

97 2579 287 2641 voluntates.
303 2613 341 2628 ·-
356 2578 466 2640 Tutius
482 2585 563 2641 esset
575 2579 740 2658 exquirere
750 2597 878 2640 sensum
891 2579 922 2640 S.
941 2579 1039 2640 Sedis

158 2677 173 2713 *
189 2679 257 2739 593.
283 2710 321 2722 -
336 2677 469 2750 Quando
483 2677 657 2757 Episcopus
672 2677 770 2738 babet
784 2676 945 2739 indultum
957 2679 1115 2757 Apostoli-

98 2776 228 2840 eumad
248 2775 445 2837 efficiendam
464 2794 597 2838 onerum
614 2775 845 2850 reductionem,
861 2775 930 2838 haec
947 2775 1114 2838 observare

98 2875 218 2938 debet:
236 2877 266 2934 t⁰
282 2892 345 2934 non
360 2873 555 2935 reducuntur
574 2892 671 2936 onera
691 2892 761 2953 quoe
778 2872 922 2954 stipulati
934 2878 1007 2934 sunt
1020 2873 1115 2952 primi

97 2973 315 3051 benefactores
340 2971 374 3032 in
401 2971 471 3052 ipsa
502 2971 688 3034 fundatione
717 2971 811 3049 tituli,
842 2971 902 3036 nisi
929 2971 1115 3049 gravissima

98 3076 212 3150 urgeat
228 3069 413 3146 necessitas;
428 3073 461 3130 2⁰
476 3089 541 3132 non
554 3071 720 3134 devenitur
738 3071 779 3132 ed
800 3068 1017 3132 reductionem
1032 3070 1112 3131 obli-

98 3170 263 3248 gationum
273 3168 449 3244 Missarum,
461 3168 522 3229 nisi
534 3167 670 3230 aliorum
682 3187 815 3230 onerum
825 3167 968 3229 reductio
979 3186 1043 3243 nou
1053 3168 1113 3228 sul·

147 3333 169 3380 l.
187 3329 224 3380 Cl.
238 3329 354 3392 Pugnan,
370 3329 398 3377 in
408 3342 467 3391 cap.
482 3329 523 3377 Ee
537 3331 622 3392 porte,
636 3328 670 3376 nis
691 3329 771 3377 roeo.
783 3354 813 3364 -
828 3327 967 3387 Monaceli,
984 3326 1090 3376 Formrcl
1106 3356 1115 3365 -

98 3407 168 3455 rium
190 3405 274 3469 Iepole
291 3405 444 3469 practicam}
459 3407 524 3453 tom.
546 3405 589 3464 IV,
606 3403 693 3467 suppl.
715 3403 748 3453 ad
760 3404 783 3452 ll
799 3406 867 3452 tom.
890 3405 930 3451 nt·
943 3404 997 3462 467,
1016 3403 1070 3453 469.
1085 3431 1114 3439 -

101 3483 128 3534 S.
138 3482 215 3546 Alpb.
225 3481 257 3532 de
269 3479 440 3544 Lignarilib.
451 3481 493 3542 Vl,
504 3478 1114 3542 110331,addubiumllum.—Bened.xlv,1oeo

100 3547 190 3622 ditate,
209 3571 241 3611 11⁰
255 3563 295 3612 26.
314 3562 339 3612 S.
360 3561 489 3624 Congreg.
506 3561 655 3626 respondit,
671 3561 722 3610 sub
740 3560 848 3612 Urbano
863 3559 929 3621 Vlll,
953 3559 1114 3622 Episcopum

100 3652 181 3704 posse
190 3637 319 3686 reducere
335 3649 418 3688 onere
433 3636 573 3686 Missurum
588 3635 697 3700 quando
714 3634 752 3685 ita
765 3639 929 3685 conventum
941 3634 992 3685 luit
1010 3634 1039 3684 iu
1054 3639 1115 3684 ectu

100 3714 281 3774 fundationis3
303 3712 355 3762 dici
369 3714 457 3775 potest
477 3712 579 3762 includi
600 3712 729 3776 implicite
746 3710 926 3763 conditionem
949 3710 977 3760 iu
997 3723 1061 3761 casu
1081 3710 1114 3760 de

100 3805 155 3856 quo
167 3803 279 3854 agimus.
