2642 4268
189 304 257 353 ΛΒΤ.
280 302 314 351 ΙΙ.
335 302 525 362 anteriores,
545 301 752 350 euremarus
772 303 808 350 Ei*
828 300 997 352 arsamum.
1046 292 1098 350 549

86 418 298 483 intercesserit
311 419 460 495 conditio,
475 423 591 499 praeter
605 418 761 499 simplicis
770 419 1011 498 permutationis
1025 438 1098 500 pro·

87 516 1101 600 positum,qno,accedenteauctoritatesnperioris,alteralterius

87 615 278 678 beneficium
293 619 516 696 consequatur.

149 715 219 776 eta.
234 748 274 758 —
295 714 347 776 111.
379 713 553 794 designatio
574 713 606 773 in
633 712 769 792 savorem
793 713 934 790 alterius,
965 714 1015 775 vel
1043 713 1101 776 sub

89 812 154 874 alia
172 817 259 874 certa
277 811 466 884 conditione,
485 811 555 872 fleri
571 830 635 871 non
651 816 756 891 potest
772 812 864 874 aliter
883 831 979 892 quam
997 817 1102 874 aucto·

88 910 183 972 ritate
207 912 240 974 S.
262 909 432 972 Pontifiois.
452 911 484 972 S.
509 909 584 971 Pius
607 911 645 986 V,
667 910 771 972 Const.
788 911 953 990 praecitato
982 909 1103 986 Quanta

88 1007 232 1071 Ecclesiae
245 1007 312 1083 Dei,
324 1008 393 1070 haec
406 1007 601 1088 praescripsit
619 1023 626 1069 :
657 1028 672 1066 a
686 1008 823 1070 Caveant
837 1009 992 1088 Episcopi,
1008 1008 1102 1070 item-

92 1132 108 1164 ιι
130 1123 192 1187 que
218 1124 327 1168 omnes
356 1105 517 1180 electores,
543 1109 798 1186 praesentatcres,
822 1110 854 1167 et
875 1105 1039 1186 patroni...
1062 1123 1103 1167 ne

95 1225 111 1264 u
129 1204 227 1268 verbo
246 1204 384 1284 quidem,
402 1209 457 1266 aut
471 1208 562 1278 nutu,·
573 1202 623 1266 vel
644 1202 745 1282 signo,
761 1203 860 1265 futuri
876 1203 909 1266 in
921 1202 1105 1284 hujusmodi

93 1327 108 1358 a
129 1301 291 1365 beneficiis
310 1307 341 1364 ct
356 1301 467 1364 officiis
487 1320 682 1364 successores
698 1301 739 1362 ab
760 1301 836 1382 ipsis
854 1301 1100 1382 resignantibus,

96 1422 110 1462 c
131 1405 186 1462 aut
196 1399 266 1460 aliis
281 1418 391 1462 eorum
404 1399 645 1480 significatione,
659 1400 710 1462 vel
726 1400 866 1483 hortatu,
888 1400 1103 1479 designentur,

96 1520 110 1557 a
131 1503 186 1560 aut
204 1499 242 1560 de
269 1498 319 1560 his
339 1498 536 1560 assumendis
559 1499 726 1578 promissio
747 1498 985 1574 intereos,ch
1009 1497 1106 1560 etiam

91 1620 106 1654 a
132 1596 265 1659 intentio
292 1595 532 1676 qualiscumque
563 1596 749 1658 intercedat.
785 1598 939 1659 Gaeternm
962 1594 1106 1677 praecipi·

94 1707 109 1752 ‹·‹
132 1714 202 1756 mus
216 1700 311 1775 atque
325 1693 553 1768 interdicimur,
570 1713 609 1755 ne
628 1694 689 1774 ipsi
702 1694 851 1775 Episcopi
867 1698 922 1757 aut
941 1693 995 1756 alii
1013 1693 1107 1758 colla·

95 1817 111 1850 «
132 1799 217 1855 tores
237 1793 277 1854 de
295 1791 457 1854 beneficiis
477 1797 509 1853 et
527 1792 639 1854 officiis
653 1792 860 1874 resignandis,
879 1797 935 1853 aut
953 1792 1027 1867 suis,
1050 1796 1107 1855 aui

93 1890 357 1952 «dimittentium
388 1889 640 1968 consanguineis,
673 1889 831 1966 affinibus,
858 1890 910 1951 vel
941 1889 1102 1952 familiari·

93 2011 108 2048 a
130 1989 227 2051 bus...
260 1988 399 2050 audeant
424 1987 605 2068 providere;
634 1987 718 2067 quod
751 1987 779 2066 si
809 2006 909 2064 secus,
940 2007 977 2049 ao
1008 1987 1104 2049 etiam

91 2085 285 2167 «quidquid
312 2089 442 2167 praeter,
477 2085 528 2147 vel
560 2090 671 2146 contra
699 2085 833 2148 sormam
863 2085 1104 2166 praedictorum,

92 2209 108 2244 c
131 2184 464 2264 fueritaquocumquc
475 2188 595 2246 temere
604 2188 805 2258 attentatum,
818 2184 851 2244 id
860 2188 1012 2245 totumex
1022 2202 1107 2246 nunc

91 2306 108 2340 a
130 2282 213 2344 vires
227 2286 259 2343 et
272 2282 420 2343 effectum
434 2280 633 2342 decernimus
648 2300 711 2342 non
726 2281 856 2344 habere.
874 2307 888 2336 »
906 2282 982 2343 Aliis
997 2282 1107 2343 decre·

88 2380 208 2443 talibus
221 2385 252 2440 et
266 2367 543 2441 constitutionibus
554 2379 651 2440 vetita
664 2381 751 2440 suere
767 2379 886 2459 qnaevis
899 2385 994 2458 pacta
1007 2379 1040 2440 in
1055 2398 1106 2440 rc-

88 2477 268 2560 signatione
289 2477 528 2550 beneficiorum,
550 2495 621 2557 qnae
640 2477 723 2538 intra
745 2483 956 2557 exponentur,
980 2476 1108 2557 quando

90 2575 131 2638 dc
149 2575 251 2657 poenis
271 2579 381 2636 contra
397 2574 585 2636 simoniacos
602 2575 675 2636 latis
692 2574 908 2640 disserendum
925 2576 1016 2636 nobis
1031 2575 1107 2650 crit;
1130 2575 1133 2582 ’

91 2675 299 2753 quamobrem
318 2672 487 2734 dicendum
503 2677 551 2734 est
568 2690 695 2734 omnem
712 2672 978 2756 renuntiationem
996 2671 1105 2735 condi·

88 2771 257 2847 tionalem,
288 2789 414 2832 omnem
441 2770 598 2851 imprimis
625 2770 871 2851 resignationem
899 2771 932 2833 in
964 2773 1106 2833 favorem

88 2869 231 2944 alterius,
242 2869 386 2931 illicitam
399 2873 430 2930 et
439 2887 569 2949 prorsus
578 2868 701 2930 irritam
713 2870 792 2946 fore,
806 2869 895 2930 nisia
908 2871 939 2932 S.
954 2869 1108 2932 Pontifice

89 2968 296 3050 approbetur.
381 2985 384 2992 ⁴
440 2985 443 2992 ’
945 2958 950 2972 '

151 3066 197 3126 De
211 3082 304 3126 sensu
318 3069 351 3126 et
364 3064 546 3127 extensione
564 3064 800 3136 constitutionis
816 3065 847 3128 S.
865 3065 914 3126 Pii
928 3068 955 3130 V
970 3066 1107 3128 difflant.-

87 3168 171 3226 tates
181 3166 349 3224 moventur
362 3163 448 3243 apud
460 3162 650 3240 canonistas,
665 3180 745 3243 quas
757 3162 867 3243 paucis
875 3163 1016 3228 indicare
1029 3163 1105 3228 satis

84 3260 167 3326 erit.

152 3361 185 3421 1⁰
205 3359 373 3422 Dubitatur
387 3378 428 3422 an
443 3358 616 3439 Episcopus
627 3359 734 3421 valeat
745 3364 910 3439 acceptare
923 3359 1108 3440 simpliciter

90 3457 339 3537 resignationem
350 3456 389 3518 'in
407 3457 549 3520 favorem
569 3457 708 3532 alterius,
730 3456 849 3537 rejecta
864 3457 983 3520 scilicet
1001 3457 1111 3520 condi-

91 3556 200 3618 tione?
215 3556 295 3616 Sunt
309 3555 380 3616 duae
395 3554 559 3635 opiniones
574 3554 826 3618 contradictoriae
844 3573 851 3616 :
869 3555 923 3616 alii
938 3555 1109 3632 affirmant,

92 3653 170 3734 quia
182 3653 254 3716 tatis
272 3652 421 3730 conditio,
438 3658 595 3732 quatenus
611 3652 731 3727 illicita,
748 3653 886 3716 habetur
899 3672 957 3733 pro
972 3673 1036 3716 non
1051 3653 1109 3715 ad-

90 3751 206 3832 jectae
220 3750 274 3813 alii
293 3756 430 3830 negant,
442 3750 529 3831 quia,
549 3750 707 3831 inquiunt,
730 3770 793 3814 non
814 3757 918 3831 potest
939 3750 1111 3831 resignatio

924 3869 970 3926 31.
