2632 4260
243 258 278 310 iu
612 261 684 312 PARS
703 263 736 312 11.
759 263 887 312 chuntur.

242 403 257 440 u
278 381 407 462 quidem
428 380 489 443 hoc
513 387 670 460 repugnat
693 381 841 443 charitati
865 382 1093 466 proximorum,
1115 401 1253 462 quorum

239 503 255 537 u
268 479 397 542 utilitati
408 499 440 542 se
451 477 565 560 aliquis
576 479 671 541 debet
680 497 839 560 exponere
855 499 913 560 pro
924 481 994 542 loco
1006 485 1038 542 et
1047 486 1253 562 tempore...;
1313 505 1314 512 ¹

239 602 255 636 (ι
268 579 406 640 secundo
421 582 579 658 repugnat
593 577 766 640 humilitati
783 597 840 659 per
858 597 956 658 quam
971 578 1086 659 aliquis
1105 580 1253 660 superio·

237 698 254 732 u
269 694 340 737 rum
351 675 509 736 mandatis
521 693 554 736 se
564 674 707 754 subjicit;
720 677 804 737 unde
815 676 846 738 S.
863 675 1032 754 Gregorius
1042 677 1144 740 dixit:
1160 679 1253 738 Tunc
1313 733 1314 738 ,

239 798 254 831 u
270 780 317 836 est
333 792 408 836 vera
421 773 585 834 humilitas
600 778 673 834 ante
689 774 798 836 oculos
812 773 881 850 Dei,
895 776 1021 838 eumad
1036 777 1253 855 respuendum
1313 831 1314 854 ξ

239 897 254 927 κ
269 871 331 933 boc
347 871 434 951 quod
453 870 572 932 utiliter
587 871 692 934 subire
707 871 901 954 praecipitur,
918 873 1065 952 pertinax
1079 879 1218 937 nonest.
1235 898 1250 926 »

236 969 280 1050 (2²
294 971 337 1047 ⁹2²,
358 990 389 1050 q.
414 969 483 1042 tas,
504 973 563 1031 art.
584 969 629 1050 2.)
656 971 745 1043 Quod
767 977 873 1034 antem
893 973 924 1034 S.
949 971 1088 1034 Thomas
1109 971 1189 1034 dixit
1209 972 1251 1032 dc
1313 983 1314 1058 ξ

125 1077 128 1084 “
234 1068 434 1148 Episcopatu,
452 1067 547 1128 debet
565 1067 606 1129 ob
624 1068 796 1149 paritatem
816 1070 976 1132 rationum
995 1069 1058 1132 dici
1074 1071 1114 1132 de
1133 1069 1254 1131 ordini·
1313 1071 1314 1130 ἐ

233 1167 303 1229 bns.
323 1165 499 1228 «Ecclesiae
514 1166 697 1241 necessitas,
712 1167 757 1228 ait
771 1166 958 1230 Benedictus
972 1169 1051 1242 XIV,
1072 1167 1164 1230 elteri
1181 1166 1253 1230 cui·
1313 1165 1314 1176 ’

238 1284 254 1322 u
271 1263 349 1326 libet
368 1265 527 1344 respectui
543 1265 790 1345 praeponderare
812 1265 907 1328 debet
927 1272 1023 1346 atque
1039 1265 1184 1330 sufficere
1206 1265 1254 1326 di·

238 1383 253 1423 n
265 1364 366 1426 conda
380 1369 438 1437 est,
454 1368 490 1450 ut
507 1363 602 1426 etiam
618 1364 674 1444 qui
694 1365 822 1426 aliunde
837 1365 878 1427 ad
893 1366 1037 1429 ordinem
1053 1384 1177 1429 sacrum
1193 1368 1253 1426 aut

235 1487 251 1520 a
266 1462 307 1524 ad
322 1461 535 1524 sacerdotium
556 1463 739 1543 promoveri
753 1483 818 1525 non
834 1470 994 1541 tenentur,
1010 1471 1042 1528 et
1057 1465 1097 1526 ed
1111 1465 1253 1545 majores
1313 1485 1314 1492 ¹

235 1587 250 1618 u
266 1559 393 1623 ordines
406 1567 437 1624 et
454 1561 495 1622 ad
512 1561 726 1623 sacerdotium
742 1563 844 1643 ipsum
865 1564 1035 1626 ascendere
1050 1561 1250 1643 compellari·
1313 1559 1314 1586 ³

235 1685 250 1714 «
266 1665 328 1721 tur.
345 1684 360 1714 »
380 1657 438 1740 (De
450 1658 587 1741 Spaodo,
598 1659 654 1722 lib.
668 1661 735 1736 XII,
751 1679 821 1740 cap.
838 1678 878 1737 1v,
893 1668 927 1721 n⁰
939 1660 984 1743 7.)
996 1660 1129 1724 Ratione
1143 1660 1253 1722 firme·
1313 1657 1314 1738 j

231 1762 284 1818 tur
297 1758 366 1820 haec
386 1758 531 1820 doctrina
550 1758 601 1820 :si
620 1757 705 1820 enim
720 1760 804 1821 Deus
823 1778 913 1821 snam
932 1760 1131 1822 voluntatem
1149 1757 1251 1836 signis
1313 1747 1314 1842 i

231 1854 490 1916 extraordinariis
514 1855 775 1931 manifestaverit,
801 1856 872 1937 quis
894 1856 1011 1920 dixerit
1032 1856 1196 1918 hominem
1218 1855 1250 1918 ei
1313 1851 1314 1934 ᾗ

229 1952 372 2014 resistere
387 1957 456 2015 tuta
466 1954 659 2017 conscientia
671 1956 784 2036 possea
796 1955 829 2019 Si
839 1973 914 2018 vero
928 1955 1084 2036 superior,
1094 1955 1178 2017 vices
1186 1953 1249 2015 Dei
1313 1989 1314 2022 x

231 2069 354 2128 gerens,
376 2051 541 2133 praeeipiat
555 2053 596 2114 ob
611 2059 778 2133 urgentem
792 2054 940 2118 Ecclesia
958 2054 1178 2117 necessitatem
1193 2053 1249 2113 cni

229 2150 395 2229 providere
412 2151 517 2230 debet,
538 2153 698 2230 quomodo
710 2153 757 2214 fas
768 2153 835 2220 erit,
846 2171 910 2215 non
926 2152 1060 2234 obsequi
1072 2151 1247 2214 mandato?
1313 2151 1314 2214 3

229 2247 318 2310 Unde
331 2248 478 2331 incapite
491 2247 627 2327 Placuit,
639 2255 669 2324 l,
682 2250 754 2312 dist.
771 2267 876 2326 cxxiv,
890 2251 1041 2314 statuitur
1055 2254 1166 2339 contra
1178 2248 1244 2310 cle·

228 2347 310 2409 ricos
325 2353 381 2410 aut
401 2348 563 2424 diaconos,
578 2366 642 2410 nou
658 2349 913 2429 obtemperantes
926 2351 990 2412 suis
1001 2347 1175 2430 Episcopis,
1188 2346 1247 2426 qui

227 2447 339 2508 volunt
354 2465 407 2509 eos
427 2447 468 2509 ad
483 2447 638 2510 honorem
653 2448 839 2528 ampliorem
856 2467 1043 2529 promovere
1058 2465 1116 2529 pro
1131 2463 1244 2508 neces·
1313 2447 1314 2512 ³

227 2543 372 2606 sitatibus
386 2544 597 2608 Ecclesiarnm
612 2562 619 2606 :
635 2545 712 2624 ipsis
728 2546 928 2609 interdicitur
942 2547 1121 2609 ministrare
1135 2545 1169 2606 in
1184 2563 1244 2606 suo

227 2642 340 2720 gradu,
356 2643 440 2704 unde
455 2642 601 2706 recedere
616 2643 796 2724 noluerunt.
1313 2647 1314 2726 J

284 2740 460 2822 Episcopus
479 2741 597 2802 nemini
616 2740 710 2804 debet
728 2741 894 2822 injungere
908 2748 1104 2824 praeceptum
1118 2739 1243 2813 absolu-

225 2844 293 2900 tum
309 2839 500 2921 snscipiendi
514 2840 652 2917 ordines,
666 2841 726 2903 nisi
744 2837 974 2922 urgeat'gravis
994 2840 1165 2904 necessitas
1178 2830 1240 2902 Ec·
1313 2849 1314 2860 ²

227 2936 330 3000 clesiae
345 2937 396 3000 eui
409 2938 577 3019 providere
591 2938 684 3002 aliter
697 2959 762 3003 non
774 2940 885 3022 possit.
903 2941 982 3004 lura
996 2939 1114 3003 etenim
1130 2943 1242 3000 vetant
1313 2937 1314 2976 i

223 3035 352 3115 nequis
371 3035 535 3099 ordinetur
553 3037 685 3112 invitus;
708 3039 837 3119 alleges
856 3038 1015 3120 synodicae
1031 3038 1240 3100 decreverunt
1313 3085 1314 3132 ;

223 3134 418 3213 poenitentia
440 3136 533 3198 subdi
555 3137 746 3218 Episcopum
771 3138 826 3219 qni
845 3137 961 3200 invitos
979 3141 1011 3199 et
1029 3136 1239 3200 reclamantes
1313 3181 1314 3216 3

222 3232 461 3313 praesumpserit
476 3234 634 3297 ordinare.
651 3237 785 3299 Sanctus
801 3235 968 3314 Gregorius
987 3235 1028 3297 ad
1044 3234 1237 3314 Episcopum
1313 3225 1314 3286 ἒ

222 3330 443 3394 Salouitenum
458 3332 603 3413 scripsit:
618 3331 736 3395 ductam
751 3343 794 3397 est
810 3343 844 3395 ct
857 3351 942 3396 nemo
961 3351 1091 3396 crescere
1110 3328 1235 3413 compet·
1313 3357 1314 3392 1

223 3425 443 3507 incuriositate.
458 3430 546 3512 (Gap.
563 3430 743 3514 Episcopus,
758 3435 792 3509 i;
810 3431 911 3507 Gesta,
929 3435 959 3508 2,
976 3433 1048 3494 dist.
1062 3429 1181 3510 snm.)
1313 3425 1314 3428 '

274 3527 350 3589 319.
368 3562 407 3574 -
421 3529 460 3591 ll.
476 3529 608 3603 Quando
621 3537 694 3593 suut
706 3535 831 3613 tantum
846 3529 937 3614 signa
947 3527 1129 3593 communia
1144 3546 1237 3590 voca·
1313 3517 1314 3532 ¹

222 3625 326 3711 tionis,
339 3645 398 3688 nee
407 3626 507 3689 ullum
520 3629 686 3690 intercedit
698 3629 885 3716 mandatum
894 3627 1052 3702 Ecclesia,
1065 3626 1236 3708 prudentia
1313 3673 1314 3688 2

212 3723 393 3786 christiana
407 3727 519 3788 suadet
532 3731 568 3790 nt
582 3727 715 3808 quisque
726 3729 921 3808 obsequatur
934 3720 1062 3789 monitis
1071 3731 1103 3790 et
1113 3725 1233 3807 judicio
