2582 4278
204 233 257 290 ιιι
568 240 645 289 rans
666 240 699 287 ιι.
723 238 850 302 conarer.

206 357 374 420 «divin»
366 356 459 438 ›.(Tr
481 354 530 417 des
549 355 644 416 droits
675 355 725 416 des
743 354 905 437 cdosztres
922 361 1006 436 part.
1025 356 1049 430 1,
1070 362 1148 420 sect.
1172 363 1212 436 v.)

262 455 411 520 Canonici
424 474 478 534 qur
470 454 660 533 prasentes
672 453 775 546 choro
788 453 988 530 assisinate
969 455 1163 534 atprivatim
1176 459 1214 520 of·

201 555 318 616 ficium
322 555 467 627 recitant,
444 553 593 614 taliisve
608 552 726 614 exercit
727 552 765 612 iis
780 557 866 613 ment
867 571 918 612 em
933 559 1103 632 occupant,
1120 555 1213 616 necin
1273 619 1274 624 ,

202 658 297 716 cantu
309 656 367 712 caet
369 651 429 711 eris
440 669 471 710 se
485 649 679 728 adjungunt,
696 667 760 710 non
775 649 974 711 satisfaciunt
961 650 1106 729 tlegi,'
1074 653 1137 712 ursi
1147 671 1214 714 vera

202 756 234 812 et
248 751 328 811 seria
343 749 464 810 ratione
479 748 612 809 infirmae
626 747 819 811 valetudinis
834 753 1034 810 excusentur.
1054 750 1213 810 Iuvanum
1273 747 1274 752 ’

201 847 354 931 objicient
369 846 558 908 inveteratas
578 845 828 919 consuetudines¹
847 852 883 922 et,
906 846 1054 926 exempla
1077 847 1214 926 plurium
1273 845 1274 850 ’

201 946 426 1008 canonicorum
443 944 560 1024 pietate
580 949 611 1004 et
623 939 774 1005 doctrina
795 944 999 1023 quantumvis
1013 946 1214 1006 commenda·
1273 997 1274 1014 ,

199 1043 323 1105 hilium.
338 1042 431 1104 Nulla
448 1042 642 1104 consuetudo
661 1042 849 1122 prevalebit
868 1047 978 1102 contra
991 1042 1215 1121 obligationem
1273 1037 1274 1110 s

127 1173 135 1186 ι
199 1141 245 1202 ita
258 1141 349 1202 titulo
365 1140 570 1202 canonicatus
591 1159 781 1215 connexam,
804 1144 839 1199 ut
862 1139 1060 1220 praecipuum
1083 1140 1126 1200 sit
1137 1141 1216 1202 illius
1273 1135 1274 1208 J

199 1238 349 1300 officium.
368 1241 514 1300 Testatur
525 1237 717 1300 Benedictus
730 1239 797 1300 XIV
812 1236 940 1298 illorum
952 1237 1151 1317 opinionem,
1165 1238 1214 1318 qui
1266 1235 1274 1321 ,ζ

200 1336 569 1399 contenduntcanonicos
577 1354 691 1396 munus
701 1353 793 1395 snum
803 1334 878 1394 satis
891 1335 1022 1414 implere
1035 1334 1115 1414 dum
1124 1335 1215 1397 choro
1265 1321 1274 1417 ι

199 1435 365 1507 adsistunt,
382 1452 546 1512 nunquam
560 1432 776 1494 examinatam
789 1450 856 1493 esse
869 1431 945 1502 inS.
964 1433 1214 1512 Congregatione
1266 1420 1270 1499 ἶ

199 1531 325 1592 concilii
342 1554 357 1586 «
374 1531 449 1609 quin
463 1529 569 1592 statim
584 1529 679 1591 fuerit
702 1529 834 1609 explosa
850 1534 881 1590 et
896 1529 1090 1608 improbata,
1105 1549 1213 1609 quam-
1267 1522 1274 1604 ἰ

127 1641 129 1644 ·
201 1651 217 1686 ιι
238 1629 285 1690 vis
301 1627 502 1707 praesumptis
530 1625 974 1705 consuetudinibus,eliisque
988 1626 1215 1698 ,fundamentis
1267 1637 1270 1711 j

200 1749 216 1782 «
239 1731 271 1787 et
281 1725 455 1786 rationibus
469 1724 819 1805 innixaperhiberetur.
836 1745 852 1780 ιι
869 1723 988 1804 (Const.
1003 1721 1079 1785 Cum
1091 1743 1212 1806 semper,
1267 1714 1272 1818 'j

197 1823 277 1904 924,
297 1842 348 1884 an.
367 1822 471 1902 trit.)
1266 1820 1271 1923 t

258 1923 370 1983 Utrum
395 1939 470 1982 vero
496 1918 677 2000 requiratur
695 1921 736 1981 ad
754 1918 832 1998 legis
848 1917 1084 1988 observantiam
1106 1922 1212 1980 cantus
1273 1923 1274 1998 J

104 2037 106 2047 ’
198 2007 375 2081 ιιιιιιιιοιιιιιι
395 2019 583 2094 officiorum,
600 2037 641 2079 an
654 2017 791 2079 sufficiat
805 2021 841 2076 ut
863 2034 973 2095 preces
996 2017 1171 2078 recitentur
1182 2015 1210 2075 iu
1273 2009 1274 2028 ι

197 2116 305 2191 choro,
324 2135 374 2178 res
397 2122 445 2178 est
457 2115 697 2177 determinanda
709 2115 803 2194 juxta
823 2117 943 2173 statuta
959 2118 990 2173 et
1009 2113 1210 2174 consuetudi·
1269 2115 1271 2206 ι

196 2229 261 2275 nes,
281 2238 296 2270 «
309 2216 402 2276 Horae
419 2213 592 2291 canonicae,
609 2213 653 2272 ait
673 2211 862 2273 Benedictus
875 2209 943 2271 XIV
957 2210 991 2270 in
1004 2210 1121 2271 litteris
1136 2228 1208 2289 apo·
1269 2207 1270 2232 ³

198 2336 213 2370 ιι
235 2313 336 2375 tolicis
358 2314 399 2375 ad
408 2312 564 2375 Ecclesiae
577 2312 676 2374 Italiae
692 2309 827 2385 directis,
845 2327 903 2390 pro
917 2327 1005 2370 more
1021 2315 1053 2370 et
1067 2309 1209 2371 instituto
1273 2321 1274 2350 ι

197 2435 213 2468 ιι
236 2411 388 2503 cujusque
407 2411 556 2474 Ecclesia
567 2414 721 2471 canantur
736 2427 790 2468 seu
807 2407 989 2482 recitentur,
1009 2411 1107 2486 prout
1124 2407 1209 2468 decet
1272 2396 1274 2476 ἶ

197 2532 213 2566 «
236 2529 271 2570 ac
286 2509 442 2585 convenit,
419 2508 550 2570 abus
561 2524 616 2586 qur
629 2507 670 2566 ad
682 2525 734 2568 eas
747 2510 908 2567 tenentur
923 2526 937 2563 ιι
958 2503 1068 2584 (Breve
1088 2505 1207 2586 Annus,

196 2623 246 2666 an.
261 2607 348 2669 1749.
353 2607 362 2686 )
379 2606 410 2668 S.
427 2603 637 2686 Congregatio
649 2603 777 2665 Rituum
791 2601 954 2681 respondit
969 2603 1010 2662 ad
1025 2603 1126 2662 dubia
1140 2620 1208 2682 pro·
1273 2624 1274 2656 ι

176 2691 326 2781 posita:
344 2701 450 2775 Quoad
466 2693 618 2784 Vesperas
625 2709 653 2763 et
673 2701 815 2782 effictum
837 2701 912 2762 satis
937 2698 1211 2773 caenomanica

195 2798 273 2865 allud
285 2799 494 2873 rectQtentattu
516 2798 707 2880 tutellipibt'tt
717 2807 745 2860 et
760 2791 902 2860 destructa
917 2816 993 2860 voce.
1014 2796 1113 2876 Alias,
1132 2815 1201 2859 cum
1273 2791 1274 2808 ¹

193 2897 366 2978 Episcopus
378 2897 591 2960 mandavisset
578 2903 640 2959 tut
654 2896 833 2977 psalmodia
843 2895 962 2957 fieret
954 2915 986 2956 ιιι
1000 2900 1096 2956 cantu
1111 2896 1204 2974 plano
1273 2945 1274 2948 ,

193 2996 280 3058 festis
298 2995 503 3070 solemnibus,
523 2993 730 3076 congregatio
749 2993 939 3074 respondit:
968 2989 1137 3054 canonicos
1156 2990 1203 3052 de·
1273 3061 1274 3068 ,

195 3093 261 3156 dere
273 3093 305 3154 ιιι
316 3093 372 3155 doe
382 3111 492 3174 parere
506 3092 667 3175 Episcopo.
691 3089 886 3172 (Gardellini,
900 3099 939 3170 ιι0
952 3091 1022 3165 287,
1037 3108 1088 3152 an.
1113 3089 1203 3162 1606,
1273 3073 1274 3132 ι

190 3198 225 3278 ¹et
238 3192 373 3270 n01689,
391 3209 442 3252 an.
461 3190 563 3270 1653.)
582 3191 734 3269 Spectato
755 3188 852 3268 igitur
866 3189 938 3268 jure
957 3186 1127 3260 communi,
1143 3185 1203 3245 suf·
1273 3191 1274 3198 ’

193 3290 259 3352 ficit
271 3295 306 3350 ut
318 3287 461 3364 canonici
474 3288 614 3349 officium
629 3287 763 3349 recitent
778 3287 864 3347 clara
879 3290 910 3346 et
925 3284 1073 3346 distincta
1085 3299 1162 3344 voce
1174 3280 1204 3340 in

193 3386 307 3463 choro,
322 3387 437 3448 sivero
453 3391 572 3447 statuta
587 3381 731 3465 capituli,
747 3383 929 3446 inveteratae
952 3379 1202 3468 consuetudines,

191 3484 242 3546 uel
258 3485 411 3546 mandate
429 3483 578 3564 Episcopi
590 3483 762 3563 requirant
780 3486 817 3542 ut
831 3480 936 3542 officia
955 3480 988 3540 in
1004 3483 1098 3540 cantu
1110 3477 1205 3558 plano

192 3582 403 3660 celebrentur,
415 3583 465 3643 his
480 3580 627 3643 standum
643 3586 700 3643 est.
717 3579 884 3658 Remissa,
902 3597 942 3640 an
956 3596 1027 3662 cum
1044 3580 1137 3638 cantu
1152 3591 1201 3636 ce·

192 3678 309 3742 lebrari
321 3680 447 3757 debeat,
464 3697 539 3742 mox
554 3676 687 3742 dicetur.
831 3671 834 3676 “
979 3664 981 3672 ’
