2582 4278
247 203 316 293 thr.
338 244 360 292 1.
383 245 616 294 SElleARIORUE
635 244 832 294 rhamnorum
1013 238 1047 292 89

62 363 175 444 antiquis
188 362 390 442 temporibus,
407 369 442 424 ut
454 369 558 425 essent
571 363 703 442 singulis
716 363 749 422 in
761 361 928 442 praecipuis
941 362 1049 423 civita-

61 465 126 525 tibus
144 479 236 540 prope
254 461 427 522 Ecclesiam
449 462 665 523 cathedralem
687 460 830 538 magistri
854 460 908 538 qui
931 478 1046 540 pueros

60 562 212 627 edocerent.
241 563 315 621 Haeo
339 577 406 638 prae
433 561 555 620 canteris
579 559 689 620 statuit
708 577 796 620 conc.
823 560 1045 631 Laterancnse,

60 679 99 720 en.
115 657 184 720 ll62
200 675 208 718 :
227 682 241 714 a
257 657 412 730 Quoniam
425 657 566 719 Ecclesia
583 656 640 718 Dei
660 657 740 720 sicut
758 656 812 736 pia
827 661 929 716 mater
941 656 1046 734 provi·

62 779 73 814 n
83 756 145 817 dere
160 760 282 816 tenetur
295 775 335 816 nc
350 757 544 836 pauperihus
561 757 614 836 qui
629 760 796 835 parentum
817 754 929 834 opibus
942 755 1047 835 juvari

60 879 71 910 n
84 874 138 916 non
149 860 289 933 possunt,
304 855 430 934 legendi
444 859 475 916 et
488 854 674 934 proficiendi
688 853 908 934 opportunitas
921 853 1047 914 subtra-

62 975 72 1014 ιι
83 953 174 1027 hatur,
187 971 244 1032 per
257 971 515 1032 unamquamque
527 953 700 1014 Ecclesiam
712 951 926 1012 cathedralem
937 950 1052 1030 magis-

58 1074 68 1105 «
81 1055 121 1110 tro
135 1051 185 1129 qui
199 1050 330 1112 clericos
345 1050 487 1129 ejusdcm
502 1056 533 1112 et
542 1050 702 1112 scholares
713 1067 868 1129 pauperes
883 1049 981 1127 gratis
993 1049 1051 1109 dn-

59 1171 70 1202 n
81 1153 148 1222 neat,
164 1154 346 1227 competens
359 1148 489 1227 aliquod
502 1147 692 1209 heneficium
707 1148 897 1227 praebeatur.
923 1169 938 1202 »
960 1146 1046 1226 (Gap.

59 1244 191 1318 hennum,
204 1246 234 1319 l,
248 1263 286 1306 ns
299 1246 497 1326 Mamertus)
509 1246 660 1307 Eamdem
672 1246 774 1324 legem
788 1243 950 1306 innovarit
965 1243 1051 1305 aliud

59 1341 202 1404 concilium
220 1346 436 1405 Lateranensc
455 1345 513 1405 suh
528 1343 712 1406 Innocentio
727 1344 767 1405 ΙΙΙ
783 1343 977 1404 celebratum
991 1359 1051 1403 sae-

59 1440 112 1500 culn
122 1441 241 1502 decimo
257 1442 351 1504 tertio
363 1461 371 1504 :
389 1467 404 1497 «
415 1445 477 1504 Nos
489 1441 677 1523 pradictum
687 1443 873 1504 roborantes
885 1445 1050 1514 statutum,

60 1537 236 1616 «adjicimus
249 1546 286 1601 ut
304 1559 367 1602 non
387 1540 489 1602 solnm
504 1542 537 1601 in
552 1540 694 1621 qualibet
708 1538 885 1602 cathedrali
897 1538 1048 1613 Ecclesia,

61 1636 236 1699 «sedetiam
257 1638 290 1698 iu
308 1639 378 1700 aliis
392 1658 527 1720 quarum
548 1638 692 1700 sulficere
710 1643 860 1718 poterunt
873 1636 1049 1712 facultates,

63 1735 282 1798 «constituatur
293 1737 445 1814 magister
457 1737 599 1814 idoneus,
616 1737 797 1814 aPraelato,
815 1754 887 1798 cum
900 1735 1051 1814 capitulo,
1162 1817 1164 1820 .

62 1853 73 1885 u
85 1832 129 1910 qui
144 1833 276 1896 clericos
297 1835 508 1896 Ecclesiarum
526 1836 668 1915 ipsarum
683 1835 782 1916 gratis
796 1835 828 1896 in
844 1834 1053 1912 grammatica

61 1929 220 1993 «facultate
237 1951 276 1994 ac
290 1932 369 1994 alios
383 1933 518 1994 instruat
526 1933 620 2013 juxta
631 1952 733 2013 posse.
751 1958 765 1988 »
781 1935 857 2012 Gap.
874 1930 965 2010 (Ouia
978 1951 1054 1992 non-

62 2026 183 2104 nullis,l,
201 2031 277 2091 eod.
294 2029 357 2109 tit.)

102 2127 290 2188 Percelehris
306 2133 354 2188 cst
365 2129 547 2192 constitutio
562 2147 659 2208 quam
671 2134 766 2190 aetate
774 2127 941 2190 recentiori
955 2126 1053 2188 edidit

59 2223 207 2284 concilium
218 2224 452 2300 Tridentinum,
466 2232 498 2289 ct
511 2226 601 2305 cujus
611 2227 708 2287 verba
718 2227 896 2305 ponderare
907 2229 1033 2304 oportet
1046 2242 1053 2286 τ

59 2319 146 2381 «Cum
174 2321 426 2384 adolescentium
447 2330 535 2400 aetas,
554 2325 614 2386 nisi
635 2329 718 2386 recte
742 2323 935 2398 instituatur,
958 2338 1060 2400 prona

59 2417 112 2478 «sit
125 2420 288 2481 edmundi
302 2422 482 2501 voluptates
492 2423 679 2501 sequendas,
696 2427 727 2483 et
739 2421 799 2482 nisi
811 2440 830 2482 a
842 2419 959 2481 teneris
969 2417 1059 2479 annis

60 2535 70 2571 n
85 2515 119 2576 ad
136 2517 289 2596 pictatem
308 2524 339 2580 et
356 2501 541 2598 religionem
560 2521 758 2594 informetur,
777 2524 948 2598 antequam
970 2516 1064 2578 vitio-

59 2631 144 2674 arnm
155 2614 286 2677 habitus
299 2621 381 2678 totos
396 2618 541 2679 homines
556 2617 727 2698 possideat,
745 2635 908 2697 nunquam
920 2617 1059 2695 perfecte

59 2729 111 2770 nac
124 2711 190 2775 sine
212 2713 353 2776 maximo
373 2733 409 2776 ac
424 2716 578 2794 singulari
592 2715 822 2795 propemodum
842 2714 898 2775 Dei
919 2713 1062 2792 omnipo·

60 2811 178 2872 utentis
214 2811 334 2874 auxilio
364 2813 396 2872 iu
425 2813 593 2893 disciplina
621 2812 835 2875 ecclesiastica
865 2816 1060 2892 perseveret;

60 2927 70 2956 l
81 2913 182 2971 saneta
195 2910 335 2989 synodus
350 2911 459 2972 statuit
475 2916 510 2972 ut
524 2911 657 2990 singulae
672 2911 883 2985 cathedrales,
903 2914 1061 2989 metropo-

59 3025 69 3055 α
82 3003 193 3081 litanae,
208 3013 303 3086 atque
318 3007 368 3068 his
379 3008 514 3088 majores
525 3009 684 3085 Ecclesiae,
696 3027 755 3090 pro
765 3009 861 3070 modo
874 3008 1066 3069 facultatum

61 3105 108 3161 net
120 3102 264 3166 dioeccsis
283 3105 503 3186 amplitudine,
521 3111 642 3168 certum
657 3123 828 3185 puerorum
842 3105 940 3185 ipsius
955 3103 1063 3165 civita-

62 3221 72 3247 «
84 3197 118 3258 tis
131 3203 163 3261 et
177 3201 331 3276 dioecesis,
343 3202 393 3264 vel
404 3203 472 3283 ejus
483 3202 665 3282 provincia,
684 3204 710 3265 si
722 3203 767 3264 ihi
778 3221 841 3264 non
851 3201 1062 3282 reperiantur,
1135 3265 1144 3279 ⁸

62 3314 246 3360 «numerum
267 3300 300 3360 in
321 3300 453 3381 collegio
475 3301 515 3361 ad
536 3301 597 3362 hoc
618 3319 717 3381 prope
738 3300 892 3362 Ecclesias
908 3299 993 3377 ipsas
1014 3298 1066 3359 vel

62 3413 73 3445 u
85 3393 141 3455 alio
156 3395 190 3456 in
205 3396 275 3459 loco
297 3399 506 3474 convenienti,
523 3400 564 3459 ah
581 3399 738 3479 Episcopo
755 3398 912 3478 eligendo,
930 3395 1014 3456 alere
1030 3415 1067 3456 ac

63 3512 74 3539 u
86 3491 228 3570 religiose
249 3495 399 3571 educare,
417 3497 680 3558 eteoclesiasticis
701 3494 875 3575 disciplinis
901 3493 1065 3554 instituere

62 3609 73 3638 l
86 3591 257 3653 tencantur.
271 3615 285 3650 n
307 3592 401 3674 (Sess.
418 3611 507 3667 xxrn,
523 3611 592 3673 cap.
605 3612 692 3670 xvnr,
708 3593 743 3655 dc
757 3591 908 3674 Reform.)

111 3687 296 3767 Hujusmodi
310 3691 489 3752 institutum
505 3693 591 3772 quod
605 3697 725 3753 veteres
743 3696 832 3752 tanta
851 3689 1016 3769 vigilantia
1032 3707 1068 3748 ac
