2582 4278
224 243 277 298 tro
593 246 872 296 incarceremur.
972 213 975 219 ’

222 386 279 430 suo
292 367 447 447 Episcopo
462 383 642 452 sermonem
654 365 829 426 solemnem
843 364 966 426 habens
983 357 1113 428 induere
1133 371 1238 445 potest
1289 377 1290 380 ’

220 465 367 527 habitum
378 462 606 538 canonicalem,
621 463 755 524 ubimos
768 462 827 522 iste
842 457 997 524 servelur.
1015 463 1091 539 Sed,
1105 469 1238 543 excepto
1290 492 1291 495 ¹

220 564 283 625 hoc
307 580 392 635 casu,
414 562 526 622 eadem
548 562 581 624 S.
606 561 761 640 congreg.
789 578 874 639 saepe
892 560 1055 639 respondit
1079 561 1120 622 ad
1142 561 1240 624 dubia

220 661 385 742 proposita
399 658 559 725 canonicis
567 657 690 719 licitum
705 676 770 718 non
782 675 862 731 esse,
873 675 912 718 ne
923 657 1054 738 quidem
1066 659 1099 720 vi
1110 664 1239 722 assertae
1289 669 1290 686 ³

218 757 467 833 consuetudinis,
489 760 613 835 gestare
636 754 814 834 palliolum,
840 755 937 833 vulgo
960 762 1143 832 mozettam,
1166 757 1240 818 dum
1289 759 1290 778 ³

219 854 406 934 singillatim
428 853 559 934 aliquod
578 871 694 914 munus
716 853 848 928 obeunt,
864 852 1000 915 sacrisve
1022 854 1241 916 functionibus

220 953 388 1026 intersunt,
402 957 493 1013 extra
507 952 641 1012 chorum
657 950 799 1013 ecclesiae
814 969 882 1012 suae
903 950 1107 1025 cathedralis,
1121 952 1158 1014 in
1173 951 1241 1012 aliis
1284 948 1289 1013 :³

217 1051 358 1114 ecelesiis
382 1048 535 1111 diocesis.
550 1049 659 1110 -nu
683 1052 702 1111 o
725 1047 974 1123 murrae·1;-
998 1047 1048 1110 ne
1073 1051 1113 1112 lc
1132 1049 1241 1112 mauu
1284 1016 1288 1115 i

224 1145 625 1228 recl;-rapu1.rese.
1142 1203 1145 1210 Α
1284 1118 1289 1237 l

280 1249 311 1306 6Ω
328 1246 481 1308 Ultimum
489 1244 619 1306 tandem
631 1245 694 1324 jus,
711 1263 766 1306 seu
784 1244 988 1325 privilegium
1007 1245 1239 1308 canonicorum
1284 1239 1289 1317 ζ

218 1345 354 1406 refertur
378 1344 419 1404 ad
443 1342 677 1421 susceptionem
707 1349 983 1426 sacramentorum,
997 1342 1112 1406 viatici
1146 1348 1239 1423 atque
1285 1334 1289 1412 ἶ

224 1442 380 1504 Extremae
395 1440 568 1517 Unctionis,
583 1444 615 1500 et
630 1440 671 1506 ad
685 1440 864 1519 exsequias.
1286 1445 1288 1518 s

279 1541 355 1601 Duae
368 1542 443 1599 sunt
459 1537 576 1615 regulae
592 1537 767 1616 generales,
784 1555 923 1617 quarum
936 1557 1002 1600 una
1014 1538 1084 1600 vult
1097 1537 1239 1616 singulos

138 1643 140 1646 ’
187 1705 190 1711 ,
219 1633 328 1698 lldclcs
338 1623 536 1698 sacramenta
549 1635 689 1716 recipere
705 1635 877 1716 aparocho
893 1635 955 1698 loci
966 1635 1021 1697 ubi
1039 1635 1237 1698 domicilium

220 1734 340 1796 hebent
355 1753 363 1809 ;
379 1733 480 1794 altera
494 1738 601 1796 eutem
616 1734 727 1796 statuit
741 1740 776 1796 ut
794 1733 904 1796 fideles
918 1733 975 1815 qui
991 1751 1082 1796 suam
1097 1735 1238 1814 sepultu·
1287 1729 1288 1808 l

217 1849 287 1892 ram
302 1851 366 1894 non
383 1831 558 1912 elegerunt,
575 1850 634 1894 nec
648 1832 768 1894 habent
782 1831 988 1911 sepulchrum
1004 1831 1180 1911 majorum,
1196 1848 1238 1892 se·

216 1929 377 2008 poliantur
390 1929 423 1990 in
444 1929 585 1991 Ecclesia
603 1929 660 1990 ubi
681 1928 799 2008 pabulo
815 1929 936 1992 coelesti
954 1928 1042 1990 refici
1060 1913 1236 1990 consueve-
1287 1931 1288 1937 ’

217 2032 301 2104 runt,
332 2027 386 2088 ubi
413 2027 533 2088 scilicet
562 2026 669 2088 divina
697 2026 801 2088 olflcie
829 2026 940 2098 audire
966 2031 998 2088 et
1033 2031 1236 2090 sacramenta

216 2124 354 2204 recipere
376 2124 571 2198 debuerunt,
597 2123 681 2184 unde
695 2123 867 2186 canonistas
889 2123 1084 2188 concludunt
1099 2123 1235 2186 clericos
1288 2169 1290 2212 ί

215 2221 370 2284 habentes
384 2221 572 2282 beneficium
587 2221 796 2295 residentiale,
813 2221 1011 2301 sepeliendos
1025 2223 1093 2284 lore
1113 2222 1150 2284 in
1174 2223 1230 2284 Eo·

213 2319 314 2399 clesie
327 2319 378 2381 cui
392 2319 622 2382 addicebantur
635 2337 692 2380 suo
706 2319 800 2380 titulo
814 2325 848 2382 et
861 2319 980 2381 officio.
1289 2319 1290 2322 ’

274 2417 412 2492 Quaestio
425 2421 471 2478 est
486 2415 585 2494 igitur
598 2435 639 2476 an
651 2415 796 2478 canonici
810 2416 952 2478 habendi
966 2416 1028 2477 sint
1041 2434 1114 2478 vere
1129 2436 1230 2497 paro·
1289 2411 1290 2424 ¹

215 2513 322 2575 ohiani
345 2514 494 2576 Ecclesiae
516 2513 717 2591 cathedralis,
743 2513 867 2579 etiamsi
886 2519 1124 2583 commorentur
1141 2515 1232 2578 intra

215 2612 294 2673 fines
309 2612 437 2674 alterius
452 2610 623 2692 parochiae,
639 2629 681 2672 an
695 2611 758 2672 sint
770 2611 876 2692 potius
890 2611 1079 2691 parochiani
1092 2611 1156 2674 loci
1180 2612 1234 2674 ubi
1288 2615 1289 2672 ξ

212 2727 308 2770 snum
320 2709 515 2770 domicilium
528 2708 614 2770 reale
625 2707 745 2770 habent
757 2728 765 2785 ;
779 2727 800 2770 a
811 2727 874 2789 quo
892 2709 1038 2789 proinde,
1053 2729 1072 2772 a
1086 2709 1231 2792 capitulo

216 2806 446 2870 anePerooho
463 2806 624 2880 domicilii,
649 2806 760 2868 ultima
781 2810 991 2880 sacramenta,
1018 2825 1133 2888 nempe
1160 2807 1234 2873 via·

214 2905 314 2968 ticum
328 2912 359 2968 ct
368 2906 550 2968 Extremam
560 2903 760 2980 Unctionem,
769 2903 908 2984 recipere
923 2894 1149 2966 debeantllon
1167 2923 1232 2967 une
1287 2945 1288 2982 ,

215 3004 275 3065 luit
295 3002 436 3064 omnium
453 3000 545 3063 eade
563 3019 596 3062 re
616 3001 782 3064 sententia.
809 2999 840 3061 S.
865 3001 1075 3080 Congregatio
1102 3001 1231 3066 concilii

213 3100 379 3180 interpres,
403 3098 490 3161 dedit
512 3098 665 3160 eadere
687 3096 862 3160 decisiones
882 3116 953 3177 quae
981 3098 1083 3160 videri
1101 3104 1232 3179 possent

210 3195 474 3272 contradictoriae,
491 3201 528 3258 ut
540 3195 675 3256 refertur
688 3195 775 3275 apud
787 3193 938 3272 Ferraris,
954 3206 987 3256 v⁰
1004 3193 1226 3274 canonicatus,

214 3299 273 3357 ert.
288 3311 357 3372 v111,
374 3293 411 3354 nl
435 3295 545 3370 14-20,
562 3298 594 3354 ct
614 3297 722 3354 tamen
740 3293 832 3356 lacile
849 3291 1060 3374 explicentur,
1081 3295 1108 3356 si
1123 3299 1226 3358 atten-
1286 3299 1287 3360 ξ

212 3392 309 3453 datur
333 3392 373 3454 ad
397 3391 612 3454 diversitatem
643 3396 824 3471 temporum
849 3397 880 3452 et
903 3392 1226 3456 circumstantiarum.

212 3490 246 3552 S.
277 3489 486 3568 Congregatio
513 3489 654 3567 Rituum,
685 3494 829 3552 exortam
869 3491 1117 3554 controversiam
1146 3491 1228 3554 inter

211 3587 525 3668 Archipresbyterum
546 3587 693 3650 Ecclesiae
718 3587 909 3651 cathedralis
933 3587 1070 3666 alicujus
1091 3589 1226 3652 civitatis
1285 3643 1286 3674 ,

215 3688 249 3745 et
260 3684 420 3746 Perochos
435 3685 571 3748 aliarum
589 3684 794 3748 ecclesiarum
809 3685 950 3766 ejusdem
969 3684 1105 3750 civitatis
1122 3687 1224 3762 solvit,
1285 3683 1286 3714 l
