2632 4260
298 247 344 296 111.
365 248 490 298 auersae
510 251 650 301 unumne.
671 247 869 304 ctnnlconulr.
1068 257 1103 312 69

93 385 144 449 per
156 365 222 429 vias
234 366 376 446 publicas
389 367 449 428 iter
462 367 539 446 agit,
555 369 606 430 vel
621 369 697 430 dum
710 374 905 436 transeundo
918 375 1102 456 aliquantis·

92 483 144 546 per
156 464 189 525 in
203 465 281 526 urhe
296 469 451 528 moratur.

145 562 213 624 Dixi
224 563 256 622 1ο
270 581 277 623 :
294 560 408 624 Clerici
416 565 510 625 sceris
519 557 646 640 e'eite‘ate',
659 575 716 628 oet
727 566 934 649 beneficiati...
944 571 1030 634 Alios
1038 594 1102 636 non

92 667 174 742 urget
188 661 342 739 obligatio
357 661 495 724 deducta
508 682 548 724 cx
557 662 630 743 jure
646 667 819 730 communi.
836 667 1011 751 Episcopus
1025 690 1101 751 pos-

91 764 133 822 set
150 760 355 840 praescrihere
377 759 499 821 clericis
522 762 669 824 ordinum
691 763 878 826 inferiorum
899 772 936 828 ut
956 769 1102 831 habitum

91 858 134 919 sui
153 857 274 918 ordinis
296 876 360 918 non
383 858 540 935 deserant,
564 861 720 940 quamdiu
739 871 943 942 perseverant
964 866 997 926 in
1018 871 1102 928 statu

91 955 231 1018 clericali.
1083 1029 1085 1032 .

140 1054 210 1114 Dixi
225 1058 259 1114 2⁰
275 1073 282 1116 :
299 1053 396 1116 Juxta
405 1055 648 1137 praescriptiones
660 1057 883 1140 Episcoporum
890 1079 904 1138 ;
916 1062 992 1141 quia
1009 1083 1099 1126 conc.

91 1151 168 1212 Trid.
189 1170 256 1213 non
275 1152 497 1215 determinavit
515 1154 618 1233 qualis
638 1155 677 1215 sit
696 1157 800 1218 forma
818 1158 913 1219 vestis
934 1160 1099 1238 clericalis,

89 1250 136 1310 sed
152 1249 249 1310 illam
274 1249 479 1312 determinari
498 1251 600 1313 voluit
621 1253 662 1313 ab
687 1254 868 1335 Episcopis;
893 1259 1101 1337 quamohrem

88 1347 135 1407 ubi
149 1352 270 1408 statuta
286 1348 476 1423 dioecesana,
496 1367 553 1411 seu
567 1369 643 1411 usus
659 1357 816 1429 constans,
834 1355 967 1433 requirit
981 1361 1101 1417 vestem

88 1444 224 1521 talarem,
263 1465 327 1508 non
362 1446 494 1507 dubium
523 1453 571 1508 est
600 1447 677 1528 quin
712 1449 820 1511 clerici
856 1451 945 1513 illam
976 1459 1103 1531 gestare

89 1547 263 1607 teneantur.

139 1644 208 1704 341.
221 1677 264 1688 -—
274 1643 314 1705 11⁰
328 1641 409 1718 (leid
417 1643 797 1728 eaooee‘buspraesereptum
807 1647 937 1710 siteirea
951 1656 1102 1711 tonsuram

92 1737 277 1802 clericalem?

138 1838 161 1900 Ι.
178 1839 301 1900 Eadem
312 1840 377 1901 fere
393 1840 514 1902 ratione
528 1841 660 1903 inducta
672 1842 732 1903 fuit
742 1843 793 1903 lex
803 1847 942 1906 tonsurae
957 1864 995 1906 ac
1005 1845 1102 1906 vestis

90 1935 244 1999 clericalis.
262 1939 324 1998 Per
338 1938 447 2017 priora
459 1938 576 2000 saecula
588 1939 710 2001 clericis
723 1940 924 2003 solummodo
937 1942 1101 2022 prescrip·

89 2040 147 2095 tum
158 2035 220 2095 fuit
234 2035 396 2096 modestos
409 2054 475 2097 esse
489 2037 522 2097 in
535 2036 700 2115 capillitm,
714 2057 750 2099 ao
760 2039 895 2099 vetitum
909 2059 1033 2101 comam
1044 2059 1101 2100 nu·

27 2169 28 2190 t
89 2132 164 2194 trire.
190 2132 274 2206 Quid
295 2132 425 2195 clericos
448 2134 571 2209 deceat,
597 2134 641 2194 sic
664 2135 816 2216 describit
836 2142 964 2198 sanctus
987 2138 1100 2198 Hiero·

28 2309 29 2314 η
89 2249 204 2307 nymus,
225 2231 282 2291 lib.
305 2232 373 2292 XIII
393 2232 427 2292 in
446 2229 655 2307 Ezechielem,
679 2251 749 2312 cap.
771 2249 841 2296 xmv
862 2252 870 2294 τ
894 2258 909 2290 «
931 2236 1101 2313 Perspicue

92 2353 104 2383 e
116 2329 362 2404 demonstratur,
379 2348 438 2390 nec
458 2330 536 2390 rasis
554 2330 722 2409 capitibus,
741 2331 822 2391 sicut
839 2333 1017 2392 sacerdotes
1032 2331 1101 2392 cul-

28 2495 29 2506 ἢ
91 2449 104 2481 e
115 2431 261 2507 torosque
283 2426 374 2487 Isidis
396 2433 490 2507 atquc
512 2427 687 2507 Serapidis
705 2439 763 2490 nos
785 2447 851 2490 esse
886 2429 1020 2503 dehere3
1044 2447 1102 2490 nec

91 2547 103 2578 α
117 2543 240 2586 comam
259 2525 436 2599 demittere,
456 2525 542 2605 quod
558 2526 688 2606 proprie
707 2526 944 2587 luxuriosorum
962 2530 1010 2587 est
1028 2527 1102 2587 bar·

28 2647 29 2686 e
92 2622 341 2703 charorumque,
363 2622 418 2684 sed
433 2626 469 2683 ut
487 2623 640 2685 honestus
657 2624 787 2685 habitus
805 2625 1004 2686 sacerdotum
1022 2624 1102 2686 facie

28 2771 30 2790 ,
92 2720 360 2795 «demonstretur,
386 2739 444 2782 nec
466 2721 629 2782 calvitium
647 2723 802 2783 novacula
822 2741 889 2783 esse
908 2723 1099 2796 laciendum,

92 2839 104 2872 e
117 2837 172 2880 nec
184 2819 232 2880 ita
242 2819 282 2880 ad
293 2837 436 2898 pressum
449 2820 647 2881 tondendum
660 2825 766 2900 caput,
782 2825 817 2881 ut
827 2839 970 2881 rasorum
985 2821 1102 2881 similes

92 2938 104 2970 «
117 2935 181 2978 esse
200 2916 377 2992 videamur,
397 2917 453 2978 sed
469 2917 502 2977 in
516 2921 642 2979 tantum
657 2918 789 2998 capillos
810 2938 876 2980 esse
891 2915 1101 2980 demittendus

94 3017 150 3074 cut
173 3021 285 3094 operta
306 3015 460 3078 sit-cutis.
486 3039 501 3073 e>
525 3016 573 3078 Ad
596 3016 687 3078 illam
706 3017 894 3078 modestiam
914 3017 1101 3096 capillorum

89 3109 228 3174 hortatur
242 3119 369 3175 sanctus
384 3115 503 3176 Paulus
519 3133 627 3177 omnes
643 3114 754 3177 fideles
773 3135 779 3177 :
804 3113 857 3176 Ve‘r
873 3115 902 3175 si
913 3133 1024 3176 comam
1041 3133 1099 3173 ec·

91 3209 166 3284 tre'at,
182 3209 351 3290 ipoeme'nia
370 3222 412 3274 est
431 3212 489 3274 illi.
511 3214 547 3293 (1²
564 3213 604 3274 ad
619 3214 704 3291 Gon,
722 3231 792 3293 cap.
809 3231 852 3288 xl,
870 3213 933 3292 ll.)
948 3214 1101 3274 Successu
1140 3269 1142 3274 .

90 3311 273 3388 temporum,
286 3310 392 3372 clerici
402 3312 543 3374 aemulati
550 3311 846 3374 sunthumilitatem
856 3309 1098 3386 monachorum,

90 3405 138 3482 qui
160 3407 195 3466 in
218 3408 343 3487 signum
365 3409 496 3489 abjectae
518 3410 668 3472 vanitatis
690 3408 849 3471 saeculsris
871 3411 966 3487 caput
989 3407 1100 3468 radere

29 3535 30 3540 κ
90 3512 321 3567 consueverant.
341 3495 514 3572 Discrimeh
533 3512 640 3570 tamen
659 3507 743 3569 inter
763 3507 912 3584 utrosque
931 3505 990 3566 fuit
1014 3505 1100 3584 qnod

90 3601 190 3664 clerici
205 3611 411 3668 servaverunt
422 3607 558 3668 formam
579 3625 715 3675 coronae.
736 3609 826 3667 Hunc
845 3623 967 3666 morem
987 3603 1099 3663 iuduc-
1206 3680 1209 3689 Ι

29 3593 31 3674 l

29 3959 31 4025 t

90 3705 152 3762 tum
168 3702 295 3766 ineunte
314 3706 429 3768 saeculo
449 3723 480 3771 rr
495 3706 677 3768 existimant
693 3705 755 3767 viri
773 3704 913 3768 historiae
935 3701 1100 3764 ccclesias·

1115 213 1123 242 l
