<?xml version="1.0" encoding="UTF-8"?>
<!DOCTYPE html PUBLIC "-//W3C//DTD XHTML 1.0 Transitional//EN"
    "http://www.w3.org/TR/xhtml1/DTD/xhtml1-transitional.dtd">
<html xmlns="http://www.w3.org/1999/xhtml" xml:lang="en" lang="en">
 <head>
  <title>
</title>
<meta http-equiv="Content-Type" content="text/html;charset=utf-8" />
  <meta name='ocr-system' content='tesseract 3.04.00' />
  <meta name='ocr-capabilities' content='ocr_page ocr_carea ocr_par ocr_line ocrx_word'/>
</head>
<body>
  <div class='ocr_page' id='page_1' title='image "./praelectionesju00murrgoog_0435.png"; bbox 0 0 2604 4274; ppageno 0'>
   <div class='ocr_carea' id='block_1_1' title="bbox 222 248 971 311">
    <p class='ocr_par' dir='ltr' id='par_1_1' title="bbox 222 54 1298 346">
     <span class='ocr_line' id='line_1_1' title="bbox 222 248 971 311; baseline 0.009 -7"><span class='ocrx_word' id='word_1_1' title='bbox 222 248 274 305; x_wconf 76' lang='lat'>424</span> <span class='ocrx_word' id='word_1_2' title='bbox 489 262 562 309; x_wconf 78' lang='lat' dir='ltr'>PARS</span> <span class='ocrx_word' id='word_1_3' title='bbox 582 262 629 310; x_wconf 88' lang='lat'><em>111.</em></span> <span class='ocrx_word' id='word_1_4' title='bbox 652 263 708 311; x_wconf 73' lang='lat' dir='ltr'>RES</span> <span class='ocrx_word' id='word_1_5' title='bbox 727 263 971 311; x_wconf 74' lang='lat' dir='ltr'>rcctsslssrlcu.</span> 
     </span>
    </p>
   </div>
   <div class='ocr_carea' id='block_1_2' title="bbox 185 367 1300 3194">
    <p class='ocr_par' dir='ltr' id='par_1_2' title="bbox 222 367 1298 556">
     <span class='ocr_line' id='line_1_2' title="bbox 222 367 1298 459; baseline 0.007 -25"><span class='ocrx_word' id='word_1_6' title='bbox 222 373 320 436; x_wconf 87' lang='lat' dir='ltr'>animi</span> <span class='ocrx_word' id='word_1_7' title='bbox 334 375 374 436; x_wconf 91' lang='lat' dir='ltr'>ad</span> <span class='ocrx_word' id='word_1_8' title='bbox 383 376 594 456; x_wconf 89' lang='lat' dir='ltr'>spiritualium</span> <span class='ocrx_word' id='word_1_9' title='bbox 608 396 714 440; x_wconf 86' lang='lat' dir='ltr'>rerum</span> <span class='ocrx_word' id='word_1_10' title='bbox 728 379 1039 459; x_wconf 88' lang='lat' dir='ltr'>contemplationem,</span> <span class='ocrx_word' id='word_1_11' title='bbox 1056 379 1144 441; x_wconf 89' lang='lat' dir='ltr'>etad</span> <span class='ocrx_word' id='word_1_12' title='bbox 1156 399 1246 442; x_wconf 89' lang='lat' dir='ltr'>amc·</span> <span class='ocrx_word' id='word_1_13' title='bbox 1297 367 1298 388; x_wconf 23' lang='grc' dir='ltr'><strong>ἶ</strong></span> 
     </span>
     <span class='ocr_line' id='line_1_3' title="bbox 223 472 1245 556; baseline 0.008 -24"><span class='ocrx_word' id='word_1_14' title='bbox 223 490 292 535; x_wconf 89' lang='lat' dir='ltr'>rem</span> <span class='ocrx_word' id='word_1_15' title='bbox 309 472 491 538; x_wconf 85' lang='lat' dir='ltr'>incitentur.</span> <span class='ocrx_word' id='word_1_16' title='bbox 509 476 672 549; x_wconf 83' lang='lat' dir='ltr'>«sivero,</span> <span class='ocrx_word' id='word_1_17' title='bbox 689 477 733 538; x_wconf 88' lang='lat' dir='ltr'>ait</span> <span class='ocrx_word' id='word_1_18' title='bbox 747 477 934 538; x_wconf 80' lang='lat' dir='ltr'>Benedictus</span> <span class='ocrx_word' id='word_1_19' title='bbox 946 477 1023 556; x_wconf 82' lang='lat' dir='ltr'>xlv,</span> <span class='ocrx_word' id='word_1_20' title='bbox 1041 477 1245 541; x_wconf 78' lang='lat' dir='ltr'>continenter</span> 
     </span>
    </p>

    <p class='ocr_par' dir='ltr' id='par_1_3' title="bbox 227 573 1245 654">
     <span class='ocr_line' id='line_1_4' title="bbox 227 573 1245 654; baseline 0.009 -26"><span class='ocrx_word' id='word_1_21' title='bbox 227 595 243 628; x_wconf 71' lang='lat' dir='ltr'>a</span> <span class='ocrx_word' id='word_1_22' title='bbox 256 577 437 652; x_wconf 78' lang='lat' dir='ltr'>personent,</span> <span class='ocrx_word' id='word_1_23' title='bbox 461 579 492 634; x_wconf 91' lang='lat' dir='ltr'>et</span> <span class='ocrx_word' id='word_1_24' title='bbox 516 573 619 634; x_wconf 86' lang='lat' dir='ltr'>solum</span> <span class='ocrx_word' id='word_1_25' title='bbox 642 574 813 650; x_wconf 89' lang='lat' dir='ltr'>interdum,</span> <span class='ocrx_word' id='word_1_26' title='bbox 830 581 866 636; x_wconf 89' lang='lat' dir='ltr'>ut</span> <span class='ocrx_word' id='word_1_27' title='bbox 880 573 976 636; x_wconf 83' lang='lat' dir='ltr'>hodie</span> <span class='ocrx_word' id='word_1_28' title='bbox 989 574 1058 635; x_wconf 89' lang='lat' dir='ltr'>fieri</span> <span class='ocrx_word' id='word_1_29' title='bbox 1074 575 1169 648; x_wconf 86' lang='lat' dir='ltr'>solet,</span> <span class='ocrx_word' id='word_1_30' title='bbox 1185 594 1245 654; x_wconf 91' lang='lat' dir='ltr'>per</span> 
     </span>
    </p>

    <p class='ocr_par' dir='ltr' id='par_1_4' title="bbox 225 671 1242 751">
     <span class='ocr_line' id='line_1_5' title="bbox 225 671 1242 751; baseline 0.009 -26"><span class='ocrx_word' id='word_1_31' title='bbox 225 691 241 724; x_wconf 80' lang='lat' dir='ltr'>n</span> <span class='ocrx_word' id='word_1_32' title='bbox 257 675 418 730; x_wconf 87' lang='lat' dir='ltr'>momenta</span> <span class='ocrx_word' id='word_1_33' title='bbox 430 671 538 750; x_wconf 81' lang='lat' dir='ltr'>eliqua</span> <span class='ocrx_word' id='word_1_34' title='bbox 557 671 733 750; x_wconf 89' lang='lat' dir='ltr'>quiescant,</span> <span class='ocrx_word' id='word_1_35' title='bbox 749 679 784 733; x_wconf 88' lang='lat' dir='ltr'>ut</span> <span class='ocrx_word' id='word_1_36' title='bbox 800 671 936 734; x_wconf 87' lang='lat' dir='ltr'>liberum</span> <span class='ocrx_word' id='word_1_37' title='bbox 950 673 1091 751; x_wconf 88' lang='lat' dir='ltr'>spatium</span> <span class='ocrx_word' id='word_1_38' title='bbox 1107 673 1242 734; x_wconf 87' lang='lat' dir='ltr'>audien·</span> 
     </span>
    </p>

    <p class='ocr_par' dir='ltr' id='par_1_5' title="bbox 226 765 1241 849">
     <span class='ocr_line' id='line_1_6' title="bbox 226 765 1241 849; baseline 0.004 -23"><span class='ocrx_word' id='word_1_39' title='bbox 226 789 240 819; x_wconf 75' lang='lat' dir='ltr'>c</span> <span class='ocrx_word' id='word_1_40' title='bbox 256 765 303 826; x_wconf 88' lang='lat' dir='ltr'>dis</span> <span class='ocrx_word' id='word_1_41' title='bbox 318 765 510 829; x_wconf 79' lang='lat' dir='ltr'>harmonicis</span> <span class='ocrx_word' id='word_1_42' title='bbox 525 769 794 844; x_wconf 83' lang='lat' dir='ltr'>ondulationihus,</span> <span class='ocrx_word' id='word_1_43' title='bbox 812 768 1020 849; x_wconf 88' lang='lat' dir='ltr'>crispatisque</span> <span class='ocrx_word' id='word_1_44' title='bbox 1030 768 1241 848; x_wconf 86' lang='lat' dir='ltr'>jaculationi-</span> 
     </span>
    </p>

    <p class='ocr_par' dir='ltr' id='par_1_6' title="bbox 226 863 1243 948">
     <span class='ocr_line' id='line_1_7' title="bbox 226 863 1243 948; baseline 0.007 -26"><span class='ocrx_word' id='word_1_45' title='bbox 226 887 241 917; x_wconf 77' lang='grc' dir='ltr'>ιι</span> <span class='ocrx_word' id='word_1_46' title='bbox 256 863 314 923; x_wconf 89' lang='lat' dir='ltr'>hus</span> <span class='ocrx_word' id='word_1_47' title='bbox 329 883 454 940; x_wconf 86' lang='lat' dir='ltr'>vocum,</span> <span class='ocrx_word' id='word_1_48' title='bbox 467 867 642 945; x_wconf 75' lang='lat' dir='ltr'>prebeant,</span> <span class='ocrx_word' id='word_1_49' title='bbox 655 868 1005 948; x_wconf 83' lang='lat' dir='ltr'>caeterumopprirnant,</span> <span class='ocrx_word' id='word_1_50' title='bbox 1017 867 1243 946; x_wconf 87' lang='lat' dir='ltr'>sepeliantque</span> 
     </span>
    </p>

    <p class='ocr_par' dir='ltr' id='par_1_7' title="bbox 225 963 1242 1045">
     <span class='ocr_line' id='line_1_8' title="bbox 225 963 1242 1045; baseline 0.004 -24"><span class='ocrx_word' id='word_1_51' title='bbox 225 984 240 1015; x_wconf 92' lang='lat'>«</span> <span class='ocrx_word' id='word_1_52' title='bbox 254 963 449 1023; x_wconf 89' lang='lat' dir='ltr'>cantant-ium</span> <span class='ocrx_word' id='word_1_53' title='bbox 463 983 573 1026; x_wconf 85' lang='lat' dir='ltr'>vocem</span> <span class='ocrx_word' id='word_1_54' title='bbox 589 983 766 1045; x_wconf 88' lang='lat' dir='ltr'>sonumque</span> <span class='ocrx_word' id='word_1_55' title='bbox 779 965 963 1037; x_wconf 87' lang='lat' dir='ltr'>verborum,</span> <span class='ocrx_word' id='word_1_56' title='bbox 980 965 1182 1026; x_wconf 82' lang='lat' dir='ltr'>frustraneus</span> <span class='ocrx_word' id='word_1_57' title='bbox 1196 971 1242 1026; x_wconf 89' lang='lat' dir='ltr'>est</span> 
     </span>
    </p>

    <p class='ocr_par' dir='ltr' id='par_1_8' title="bbox 225 1058 1240 1140">
     <span class='ocr_line' id='line_1_9' title="bbox 225 1058 1240 1140; baseline 0.005 -22"><span class='ocrx_word' id='word_1_58' title='bbox 225 1081 240 1114; x_wconf 89' lang='lat'>«</span> <span class='ocrx_word' id='word_1_59' title='bbox 262 1061 294 1119; x_wconf 88' lang='lat' dir='ltr'>et</span> <span class='ocrx_word' id='word_1_60' title='bbox 306 1058 427 1121; x_wconf 88' lang='lat' dir='ltr'>inutilis</span> <span class='ocrx_word' id='word_1_61' title='bbox 451 1061 606 1140; x_wconf 86' lang='lat' dir='ltr'>ejusmodi</span> <span class='ocrx_word' id='word_1_62' title='bbox 620 1062 903 1126; x_wconf 86' lang='lat' dir='ltr'>instrumentorum</span> <span class='ocrx_word' id='word_1_63' title='bbox 919 1081 1006 1137; x_wconf 89' lang='lat' dir='ltr'>usus,</span> <span class='ocrx_word' id='word_1_64' title='bbox 1030 1063 1095 1124; x_wconf 88' lang='lat' dir='ltr'>imo</span> <span class='ocrx_word' id='word_1_65' title='bbox 1110 1063 1240 1139; x_wconf 83' lang='lat' dir='ltr'>vetitus,</span> 
     </span>
    </p>

    <p class='ocr_par' dir='ltr' id='par_1_9' title="bbox 225 1157 728 1240">
     <span class='ocr_line' id='line_1_10' title="bbox 225 1157 728 1240; baseline 0.01 -23"><span class='ocrx_word' id='word_1_66' title='bbox 225 1178 237 1210; x_wconf 77' lang='grc' dir='ltr'><strong><em>ι</em></strong></span> <span class='ocrx_word' id='word_1_67' title='bbox 255 1161 349 1236; x_wconf 89' lang='lat' dir='ltr'>atque</span> <span class='ocrx_word' id='word_1_68' title='bbox 363 1157 559 1220; x_wconf 86' lang='lat' dir='ltr'>interdictus.</span> <span class='ocrx_word' id='word_1_69' title='bbox 573 1184 589 1216; x_wconf 87' lang='grc'>»</span> <span class='ocrx_word' id='word_1_70' title='bbox 607 1161 637 1240; x_wconf 66' lang='lat'>(5</span> <span class='ocrx_word' id='word_1_71' title='bbox 650 1157 728 1240; x_wconf 58' lang='lat'>12.)</span> 
     </span>
    </p>

    <p class='ocr_par' dir='ltr' id='par_1_10' title="bbox 221 1255 1299 1830">
     <span class='ocr_line' id='line_1_11' title="bbox 281 1255 1299 1346; baseline 0.003 -30"><span class='ocrx_word' id='word_1_72' title='bbox 281 1255 368 1333; x_wconf 90' lang='lat' dir='ltr'>Ipsas</span> <span class='ocrx_word' id='word_1_73' title='bbox 379 1259 486 1318; x_wconf 88' lang='lat' dir='ltr'>tamen</span> <span class='ocrx_word' id='word_1_74' title='bbox 498 1259 705 1338; x_wconf 82' lang='lat' dir='ltr'>symphonias</span> <span class='ocrx_word' id='word_1_75' title='bbox 716 1259 845 1320; x_wconf 85' lang='lat' dir='ltr'>tolerari</span> <span class='ocrx_word' id='word_1_76' title='bbox 855 1259 1000 1321; x_wconf 91' lang='lat' dir='ltr'>concedit</span> <span class='ocrx_word' id='word_1_77' title='bbox 1012 1258 1175 1336; x_wconf 79' lang='lat' dir='ltr'>Pontifex,</span> <span class='ocrx_word' id='word_1_78' title='bbox 1188 1259 1243 1319; x_wconf 90' lang='lat' dir='ltr'>ubi</span> <span class='ocrx_word' id='word_1_79' title='bbox 1298 1319 1299 1346; x_wconf 40' lang='lat'>3</span> 
     </span>
     <span class='ocr_line' id='line_1_12' title="bbox 222 1351 1239 1436; baseline 0.005 -25"><span class='ocrx_word' id='word_1_80' title='bbox 222 1369 281 1412; x_wconf 89' lang='lat' dir='ltr'>usu</span> <span class='ocrx_word' id='word_1_81' title='bbox 301 1351 489 1415; x_wconf 80' lang='lat' dir='ltr'>introductae</span> <span class='ocrx_word' id='word_1_82' title='bbox 509 1361 593 1429; x_wconf 90' lang='lat' dir='ltr'>sunt,</span> <span class='ocrx_word' id='word_1_83' title='bbox 614 1356 787 1419; x_wconf 89' lang='lat' dir='ltr'>dummodo</span> <span class='ocrx_word' id='word_1_84' title='bbox 806 1375 919 1435; x_wconf 78' lang='lat' dir='ltr'>graves</span> <span class='ocrx_word' id='word_1_85' title='bbox 939 1356 1013 1434; x_wconf 87' lang='lat' dir='ltr'>sint,</span> <span class='ocrx_word' id='word_1_86' title='bbox 1034 1374 1148 1416; x_wconf 87' lang='lat' dir='ltr'>earum</span> <span class='ocrx_word' id='word_1_87' title='bbox 1167 1375 1239 1436; x_wconf 88' lang='lat' dir='ltr'>pro·</span> 
     </span>
     <span class='ocr_line' id='line_1_13' title="bbox 221 1448 1242 1534; baseline 0.005 -25"><span class='ocrx_word' id='word_1_88' title='bbox 221 1448 343 1511; x_wconf 87' lang='lat' dir='ltr'>lixitate</span> <span class='ocrx_word' id='word_1_89' title='bbox 363 1469 428 1512; x_wconf 89' lang='lat' dir='ltr'>non</span> <span class='ocrx_word' id='word_1_90' title='bbox 446 1452 517 1532; x_wconf 88' lang='lat' dir='ltr'>plus</span> <span class='ocrx_word' id='word_1_91' title='bbox 535 1472 627 1534; x_wconf 83' lang='lat' dir='ltr'>aequo</span> <span class='ocrx_word' id='word_1_92' title='bbox 646 1455 835 1534; x_wconf 81' lang='lat' dir='ltr'>protrahant</span> <span class='ocrx_word' id='word_1_93' title='bbox 852 1454 1031 1516; x_wconf 81' lang='lat' dir='ltr'>officiorum</span> <span class='ocrx_word' id='word_1_94' title='bbox 1049 1453 1242 1515; x_wconf 86' lang='lat' dir='ltr'>celebratio·</span> 
     </span>
     <span class='ocr_line' id='line_1_14' title="bbox 222 1548 1240 1631; baseline 0.006 -25"><span class='ocrx_word' id='word_1_95' title='bbox 222 1565 306 1619; x_wconf 87' lang='lat' dir='ltr'>nem,</span> <span class='ocrx_word' id='word_1_96' title='bbox 324 1553 356 1608; x_wconf 90' lang='lat' dir='ltr'>et</span> <span class='ocrx_word' id='word_1_97' title='bbox 374 1548 523 1612; x_wconf 85' lang='lat' dir='ltr'>inservire</span> <span class='ocrx_word' id='word_1_98' title='bbox 538 1553 661 1631; x_wconf 87' lang='lat' dir='ltr'>possint</span> <span class='ocrx_word' id='word_1_99' title='bbox 684 1553 726 1613; x_wconf 87' lang='lat' dir='ltr'>ad</span> <span class='ocrx_word' id='word_1_100' title='bbox 743 1552 945 1614; x_wconf 83' lang='lat' dir='ltr'>excitandam</span> <span class='ocrx_word' id='word_1_101' title='bbox 960 1551 1177 1612; x_wconf 88' lang='lat' dir='ltr'>devotionem.</span> <span class='ocrx_word' id='word_1_102' title='bbox 1196 1554 1240 1612; x_wconf 84' lang='lat' dir='ltr'>Re</span> 
     </span>
     <span class='ocr_line' id='line_1_15' title="bbox 222 1644 1244 1730; baseline 0.007 -27"><span class='ocrx_word' id='word_1_103' title='bbox 222 1644 350 1722; x_wconf 88' lang='lat' dir='ltr'>quidem</span> <span class='ocrx_word' id='word_1_104' title='bbox 367 1665 442 1708; x_wconf 87' lang='lat' dir='ltr'>vera</span> <span class='ocrx_word' id='word_1_105' title='bbox 459 1667 554 1710; x_wconf 92' lang='lat' dir='ltr'>sonus</span> <span class='ocrx_word' id='word_1_106' title='bbox 568 1669 772 1730; x_wconf 78' lang='lat' dir='ltr'>organorum,</span> <span class='ocrx_word' id='word_1_107' title='bbox 790 1651 885 1711; x_wconf 89' lang='lat' dir='ltr'>etiam</span> <span class='ocrx_word' id='word_1_108' title='bbox 900 1650 966 1710; x_wconf 84' lang='lat' dir='ltr'>sine</span> <span class='ocrx_word' id='word_1_109' title='bbox 984 1654 1093 1720; x_wconf 85' lang='lat' dir='ltr'>cantu,</span> <span class='ocrx_word' id='word_1_110' title='bbox 1114 1649 1244 1711; x_wconf 86' lang='lat' dir='ltr'>sirecte</span> 
     </span>
     <span class='ocr_line' id='line_1_16' title="bbox 222 1741 1238 1830; baseline 0.007 -30"><span class='ocrx_word' id='word_1_111' title='bbox 222 1741 395 1818; x_wconf 86' lang='lat' dir='ltr'>ordinetur,</span> <span class='ocrx_word' id='word_1_112' title='bbox 408 1751 513 1824; x_wconf 86' lang='lat' dir='ltr'>potest</span> <span class='ocrx_word' id='word_1_113' title='bbox 525 1748 613 1808; x_wconf 89' lang='lat' dir='ltr'>suavi</span> <span class='ocrx_word' id='word_1_114' title='bbox 625 1748 780 1826; x_wconf 83' lang='lat' dir='ltr'>gravitate</span> <span class='ocrx_word' id='word_1_115' title='bbox 793 1747 901 1808; x_wconf 84' lang='lat' dir='ltr'>fideles</span> <span class='ocrx_word' id='word_1_116' title='bbox 907 1745 1022 1830; x_wconf 88' lang='lat' dir='ltr'>juvare</span> <span class='ocrx_word' id='word_1_117' title='bbox 1034 1747 1068 1806; x_wconf 94' lang='lat' dir='ltr'>in</span> <span class='ocrx_word' id='word_1_118' title='bbox 1082 1747 1238 1808; x_wconf 89' lang='lat' dir='ltr'>oratione.</span> 
     </span>
    </p>

    <p class='ocr_par' dir='ltr' id='par_1_11' title="bbox 220 1837 1300 2316">
     <span class='ocr_line' id='line_1_17' title="bbox 276 1837 1241 1926; baseline 0.006 -26"><span class='ocrx_word' id='word_1_119' title='bbox 276 1837 415 1904; x_wconf 80' lang='lat' dir='ltr'>&#39;Licitum</span> <span class='ocrx_word' id='word_1_120' title='bbox 425 1848 532 1904; x_wconf 87' lang='lat' dir='ltr'>tamen</span> <span class='ocrx_word' id='word_1_121' title='bbox 542 1864 606 1906; x_wconf 93' lang='lat' dir='ltr'>non</span> <span class='ocrx_word' id='word_1_122' title='bbox 617 1850 664 1906; x_wconf 89' lang='lat' dir='ltr'>est</span> <span class='ocrx_word' id='word_1_123' title='bbox 674 1845 820 1926; x_wconf 87' lang='lat' dir='ltr'>supplere</span> <span class='ocrx_word' id='word_1_124' title='bbox 831 1844 1028 1924; x_wconf 88' lang='lat' dir='ltr'>symphoniis</span> <span class='ocrx_word' id='word_1_125' title='bbox 1039 1863 1149 1905; x_wconf 87' lang='lat' dir='ltr'>versus</span> <span class='ocrx_word' id='word_1_126' title='bbox 1158 1843 1241 1924; x_wconf 90' lang='lat' dir='ltr'>psal·</span> 
     </span>
     <span class='ocr_line' id='line_1_18' title="bbox 221 1941 1238 2022; baseline 0.005 -25"><span class='ocrx_word' id='word_1_127' title='bbox 221 1954 357 2014; x_wconf 76' lang='lat' dir='ltr'>morum,</span> <span class='ocrx_word' id='word_1_128' title='bbox 372 1941 574 2020; x_wconf 85' lang='lat' dir='ltr'>antiphonas,</span> <span class='ocrx_word' id='word_1_129' title='bbox 587 1943 722 2004; x_wconf 87' lang='lat' dir='ltr'>aliamve</span> <span class='ocrx_word' id='word_1_130' title='bbox 735 1947 859 2022; x_wconf 89' lang='lat' dir='ltr'>partem</span> <span class='ocrx_word' id='word_1_131' title='bbox 872 1961 967 2022; x_wconf 91' lang='lat' dir='ltr'>quam</span> <span class='ocrx_word' id='word_1_132' title='bbox 981 1948 1113 2003; x_wconf 85' lang='lat' dir='ltr'>cantare</span> <span class='ocrx_word' id='word_1_133' title='bbox 1125 1947 1238 2002; x_wconf 88' lang='lat' dir='ltr'>tenen·</span> 
     </span>
     <span class='ocr_line' id='line_1_19' title="bbox 221 2035 1238 2114; baseline 0.006 -20"><span class='ocrx_word' id='word_1_134' title='bbox 221 2039 272 2095; x_wconf 87' lang='lat' dir='ltr'>tur</span> <span class='ocrx_word' id='word_1_135' title='bbox 285 2035 402 2113; x_wconf 89' lang='lat' dir='ltr'>clerici,</span> <span class='ocrx_word' id='word_1_136' title='bbox 419 2038 459 2099; x_wconf 87' lang='lat' dir='ltr'>ad</span> <span class='ocrx_word' id='word_1_137' title='bbox 473 2040 567 2101; x_wconf 85' lang='lat' dir='ltr'>horas</span> <span class='ocrx_word' id='word_1_138' title='bbox 580 2041 749 2102; x_wconf 87' lang='lat' dir='ltr'>canonicas</span> <span class='ocrx_word' id='word_1_139' title='bbox 764 2040 917 2114; x_wconf 82' lang='lat' dir='ltr'>adstricti,</span> <span class='ocrx_word' id='word_1_140' title='bbox 934 2039 1004 2100; x_wconf 88' lang='lat' dir='ltr'>etsi</span> <span class='ocrx_word' id='word_1_141' title='bbox 1018 2039 1051 2100; x_wconf 93' lang='lat' dir='ltr'>id</span> <span class='ocrx_word' id='word_1_142' title='bbox 1064 2041 1144 2100; x_wconf 89' lang='lat' dir='ltr'>forte</span> <span class='ocrx_word' id='word_1_143' title='bbox 1155 2039 1238 2100; x_wconf 82' lang='lat' dir='ltr'>tole-</span> 
     </span>
     <span class='ocr_line' id='line_1_20' title="bbox 220 2137 1300 2218; baseline 0.006 -27"><span class='ocrx_word' id='word_1_144' title='bbox 220 2137 317 2210; x_wconf 87' lang='lat' dir='ltr'>retur,</span> <span class='ocrx_word' id='word_1_145' title='bbox 335 2153 460 2198; x_wconf 87' lang='lat' dir='ltr'>necesse</span> <span class='ocrx_word' id='word_1_146' title='bbox 471 2139 729 2216; x_wconf 83' lang='lat' dir='ltr'>estutsuhmissa</span> <span class='ocrx_word' id='word_1_147' title='bbox 740 2157 816 2201; x_wconf 85' lang='lat' dir='ltr'>voce</span> <span class='ocrx_word' id='word_1_148' title='bbox 829 2137 1081 2218; x_wconf 88' lang='lat' dir='ltr'>partesomissas</span> <span class='ocrx_word' id='word_1_149' title='bbox 1093 2137 1237 2199; x_wconf 87' lang='lat' dir='ltr'>recitent.</span> <span class='ocrx_word' id='word_1_150' title='bbox 1299 2148 1300 2160; x_wconf 63' lang='lat'>¹</span> 
     </span>
     <span class='ocr_line' id='line_1_21' title="bbox 220 2222 1300 2316; baseline 0.003 -25"><span class='ocrx_word' id='word_1_151' title='bbox 220 2222 253 2292; x_wconf 85' lang='lat' dir='ltr'>S.</span> <span class='ocrx_word' id='word_1_152' title='bbox 279 2231 489 2312; x_wconf 79' lang='lat' dir='ltr'>Gongrcgatio</span> <span class='ocrx_word' id='word_1_153' title='bbox 513 2237 652 2311; x_wconf 88' lang='lat' dir='ltr'>Rituum,</span> <span class='ocrx_word' id='word_1_154' title='bbox 676 2236 773 2298; x_wconf 89' lang='lat' dir='ltr'>dubio</span> <span class='ocrx_word' id='word_1_155' title='bbox 795 2236 958 2316; x_wconf 90' lang='lat' dir='ltr'>proposito</span> <span class='ocrx_word' id='word_1_156' title='bbox 983 2259 999 2292; x_wconf 88' lang='lat'>«</span> <span class='ocrx_word' id='word_1_157' title='bbox 1024 2255 1066 2296; x_wconf 93' lang='lat' dir='ltr'>an</span> <span class='ocrx_word' id='word_1_158' title='bbox 1090 2235 1239 2297; x_wconf 83' lang='lat' dir='ltr'>ferendus</span> <span class='ocrx_word' id='word_1_159' title='bbox 1299 2243 1300 2294; x_wconf 67' lang='grc' dir='ltr'>ὲ</span> 
     </span>
    </p>

    <p class='ocr_par' dir='ltr' id='par_1_12' title="bbox 185 2329 1240 2807">
     <span class='ocr_line' id='line_1_22' title="bbox 185 2329 1238 2410; baseline 0.009 -26"><span class='ocrx_word' id='word_1_160' title='bbox 185 2396 188 2404; x_wconf 29' lang='grc' dir='ltr'>Ι</span> <span class='ocrx_word' id='word_1_161' title='bbox 222 2351 238 2385; x_wconf 91' lang='lat'>«</span> <span class='ocrx_word' id='word_1_162' title='bbox 260 2329 300 2390; x_wconf 86' lang='lat' dir='ltr'>sit</span> <span class='ocrx_word' id='word_1_163' title='bbox 314 2349 398 2410; x_wconf 85' lang='lat' dir='ltr'>usus,</span> <span class='ocrx_word' id='word_1_164' title='bbox 418 2333 451 2394; x_wconf 95' lang='lat' dir='ltr'>in</span> <span class='ocrx_word' id='word_1_165' title='bbox 467 2335 685 2396; x_wconf 88' lang='lat' dir='ltr'>archidioecesi</span> <span class='ocrx_word' id='word_1_166' title='bbox 700 2335 831 2404; x_wconf 89' lang='lat' dir='ltr'>Senensi</span> <span class='ocrx_word' id='word_1_167' title='bbox 850 2334 997 2410; x_wconf 85' lang='lat' dir='ltr'>existens,</span> <span class='ocrx_word' id='word_1_168' title='bbox 1018 2334 1191 2395; x_wconf 88' lang='lat' dir='ltr'>omittendi</span> <span class='ocrx_word' id='word_1_169' title='bbox 1208 2334 1238 2394; x_wconf 93' lang='lat' dir='ltr'>in</span> 
     </span>
     <span class='ocr_line' id='line_1_23' title="bbox 222 2429 1237 2511; baseline 0.006 -25"><span class='ocrx_word' id='word_1_170' title='bbox 222 2451 238 2484; x_wconf 89' lang='lat'>«</span> <span class='ocrx_word' id='word_1_171' title='bbox 260 2429 358 2490; x_wconf 92' lang='lat' dir='ltr'>choro</span> <span class='ocrx_word' id='word_1_172' title='bbox 372 2437 478 2510; x_wconf 87' lang='lat' dir='ltr'>partes</span> <span class='ocrx_word' id='word_1_173' title='bbox 489 2430 560 2494; x_wconf 90' lang='lat' dir='ltr'>ilias</span> <span class='ocrx_word' id='word_1_174' title='bbox 574 2438 641 2493; x_wconf 89' lang='lat' dir='ltr'>tum</span> <span class='ocrx_word' id='word_1_175' title='bbox 654 2433 752 2495; x_wconf 89' lang='lat' dir='ltr'>divini</span> <span class='ocrx_word' id='word_1_176' title='bbox 762 2432 868 2505; x_wconf 85' lang='lat' dir='ltr'>officii,</span> <span class='ocrx_word' id='word_1_177' title='bbox 885 2437 950 2492; x_wconf 88' lang='lat' dir='ltr'>turn</span> <span class='ocrx_word' id='word_1_178' title='bbox 961 2431 1075 2507; x_wconf 84' lang='lat' dir='ltr'>Missae,</span> <span class='ocrx_word' id='word_1_179' title='bbox 1092 2450 1174 2511; x_wconf 84' lang='lat' dir='ltr'>quas</span> <span class='ocrx_word' id='word_1_180' title='bbox 1186 2450 1237 2492; x_wconf 91' lang='lat' dir='ltr'>or-</span> 
     </span>
     <span class='ocr_line' id='line_1_24' title="bbox 222 2528 1238 2610; baseline 0.006 -26"><span class='ocrx_word' id='word_1_181' title='bbox 222 2550 238 2584; x_wconf 91' lang='lat'>«</span> <span class='ocrx_word' id='word_1_182' title='bbox 260 2528 335 2605; x_wconf 83' lang='lat' dir='ltr'>gani</span> <span class='ocrx_word' id='word_1_183' title='bbox 345 2546 440 2590; x_wconf 90' lang='lat' dir='ltr'>sonus</span> <span class='ocrx_word' id='word_1_184' title='bbox 450 2530 586 2610; x_wconf 91' lang='lat' dir='ltr'>supplet,</span> <span class='ocrx_word' id='word_1_185' title='bbox 598 2531 762 2610; x_wconf 87' lang='lat' dir='ltr'>respondit</span> <span class='ocrx_word' id='word_1_186' title='bbox 772 2543 823 2592; x_wconf 86' lang='lat' dir='ltr'>an.</span> <span class='ocrx_word' id='word_1_187' title='bbox 837 2531 927 2603; x_wconf 72' lang='lat'>1848,</span> <span class='ocrx_word' id='word_1_188' title='bbox 939 2532 979 2590; x_wconf 60' lang='grc' dir='ltr'><strong>Ἠ</strong></span> <span class='ocrx_word' id='word_1_189' title='bbox 986 2528 1059 2609; x_wconf 86' lang='lat' dir='ltr'>julii</span> <span class='ocrx_word' id='word_1_190' title='bbox 1071 2547 1079 2590; x_wconf 91' lang='lat'>:</span> <span class='ocrx_word' id='word_1_191' title='bbox 1092 2529 1238 2590; x_wconf 67' lang='lat' dir='ltr'>submissa</span> 
     </span>
     <span class='ocr_line' id='line_1_25' title="bbox 222 2624 1240 2708; baseline 0.007 -29"><span class='ocrx_word' id='word_1_192' title='bbox 222 2647 238 2680; x_wconf 90' lang='grc'>«</span> <span class='ocrx_word' id='word_1_193' title='bbox 260 2643 329 2686; x_wconf 85' lang='lat' dir='ltr'>voce</span> <span class='ocrx_word' id='word_1_194' title='bbox 346 2624 472 2688; x_wconf 84' lang='lat' dir='ltr'>dr&#39;cenda</span> <span class='ocrx_word' id='word_1_195' title='bbox 488 2646 553 2708; x_wconf 76' lang='lat' dir='ltr'>quae</span> <span class='ocrx_word' id='word_1_196' title='bbox 570 2629 751 2691; x_wconf 78' lang='lat' dir='ltr'>omittuntur</span> <span class='ocrx_word' id='word_1_197' title='bbox 769 2627 805 2689; x_wconf 82' lang='lat' dir='ltr'>ob</span> <span class='ocrx_word' id='word_1_198' title='bbox 822 2627 953 2688; x_wconf 82' lang='lat' dir='ltr'>sonitum</span> <span class='ocrx_word' id='word_1_199' title='bbox 967 2628 1100 2708; x_wconf 75' lang='lat' dir='ltr'>erponi:</span> <span class='ocrx_word' id='word_1_200' title='bbox 1117 2625 1240 2708; x_wconf 81' lang='lat' dir='ltr'>quando</span> 
     </span>
     <span class='ocr_line' id='line_1_26' title="bbox 221 2723 1238 2807; baseline 0.004 -26"><span class='ocrx_word' id='word_1_201' title='bbox 221 2744 237 2778; x_wconf 84' lang='lat' dir='ltr'>u</span> <span class='ocrx_word' id='word_1_202' title='bbox 259 2740 319 2782; x_wconf 83' lang='lat' dir='ltr'>non</span> <span class='ocrx_word' id='word_1_203' title='bbox 329 2725 480 2803; x_wconf 71' lang='lat' dir='ltr'>patiatur,</span> <span class='ocrx_word' id='word_1_204' title='bbox 497 2727 613 2805; x_wconf 75' lang='lat' dir='ltr'>inteqre</span> <span class='ocrx_word' id='word_1_205' title='bbox 626 2745 687 2788; x_wconf 83' lang='lat' dir='ltr'>esse</span> <span class='ocrx_word' id='word_1_206' title='bbox 700 2724 851 2788; x_wconf 82' lang='lat' dir='ltr'>cantanda</span> <span class='ocrx_word' id='word_1_207' title='bbox 863 2728 886 2786; x_wconf 91' lang='lat'>¹.</span> <span class='ocrx_word' id='word_1_208' title='bbox 902 2750 918 2782; x_wconf 86' lang='grc'><em>»</em></span> <span class='ocrx_word' id='word_1_209' title='bbox 937 2725 983 2807; x_wconf 78' lang='lat' dir='ltr'>(n0</span> <span class='ocrx_word' id='word_1_210' title='bbox 998 2727 1091 2800; x_wconf 70' lang='lat'>4974,</span> <span class='ocrx_word' id='word_1_211' title='bbox 1108 2723 1238 2804; x_wconf 88' lang='lat' dir='ltr'>Senen.)</span> 
     </span>
    </p>

    <p class='ocr_par' dir='ltr' id='par_1_13' title="bbox 218 2821 1236 3194">
     <span class='ocr_line' id='line_1_27' title="bbox 278 2821 1236 2904; baseline 0.003 -24"><span class='ocrx_word' id='word_1_212' title='bbox 278 2821 353 2882; x_wconf 83' lang='lat' dir='ltr'>Haec</span> <span class='ocrx_word' id='word_1_213' title='bbox 363 2827 410 2882; x_wconf 88' lang='lat' dir='ltr'>est</span> <span class='ocrx_word' id='word_1_214' title='bbox 419 2824 612 2903; x_wconf 76' lang='lat' dir='ltr'>prescriptio</span> <span class='ocrx_word' id='word_1_215' title='bbox 619 2823 700 2904; x_wconf 89' lang='lat' dir='ltr'>juris</span> <span class='ocrx_word' id='word_1_216' title='bbox 710 2823 887 2886; x_wconf 88' lang='lat' dir='ltr'>communis</span> <span class='ocrx_word' id='word_1_217' title='bbox 897 2824 935 2885; x_wconf 88' lang='lat' dir='ltr'>de</span> <span class='ocrx_word' id='word_1_218' title='bbox 946 2827 1041 2884; x_wconf 90' lang='lat' dir='ltr'>cantu</span> <span class='ocrx_word' id='word_1_219' title='bbox 1052 2823 1236 2884; x_wconf 90' lang='lat' dir='ltr'>divinorum</span> 
     </span>
     <span class='ocr_line' id='line_1_28' title="bbox 218 2916 1235 3000; baseline 0.004 -22"><span class='ocrx_word' id='word_1_220' title='bbox 218 2916 395 2980; x_wconf 85' lang='lat' dir='ltr'>officiorum</span> <span class='ocrx_word' id='word_1_221' title='bbox 412 2937 420 2981; x_wconf 74' lang='grc' dir='ltr'>ε</span> <span class='ocrx_word' id='word_1_222' title='bbox 437 2939 508 3000; x_wconf 83' lang='lat' dir='ltr'>qoae</span> <span class='ocrx_word' id='word_1_223' title='bbox 524 2927 631 2983; x_wconf 86' lang='lat' dir='ltr'>autern</span> <span class='ocrx_word' id='word_1_224' title='bbox 645 2922 770 2984; x_wconf 85' lang='lat' dir='ltr'>statutis</span> <span class='ocrx_word' id='word_1_225' title='bbox 788 2922 941 2996; x_wconf 85' lang='lat' dir='ltr'>iocorum,</span> <span class='ocrx_word' id='word_1_226' title='bbox 962 2922 1003 2982; x_wconf 86' lang='lat' dir='ltr'>ad</span> <span class='ocrx_word' id='word_1_227' title='bbox 1017 2925 1161 2982; x_wconf 84' lang='lat' dir='ltr'>montem</span> <span class='ocrx_word' id='word_1_228' title='bbox 1176 2923 1235 2982; x_wconf 77' lang='lat' dir='ltr'>idc-</span> 
     </span>
     <span class='ocr_line' id='line_1_29' title="bbox 218 3014 1236 3099; baseline 0.004 -24"><span class='ocrx_word' id='word_1_229' title='bbox 218 3014 322 3077; x_wconf 79' lang='lat' dir='ltr'>clesiae</span> <span class='ocrx_word' id='word_1_230' title='bbox 337 3022 368 3078; x_wconf 88' lang='lat' dir='ltr'>et</span> <span class='ocrx_word' id='word_1_231' title='bbox 379 3017 472 3096; x_wconf 84' lang='lat' dir='ltr'>juxta</span> <span class='ocrx_word' id='word_1_232' title='bbox 485 3019 670 3080; x_wconf 87' lang='lat' dir='ltr'>traditiones</span> <span class='ocrx_word' id='word_1_233' title='bbox 683 3025 815 3094; x_wconf 87' lang='lat' dir='ltr'>veteres,</span> <span class='ocrx_word' id='word_1_234' title='bbox 832 3018 1018 3099; x_wconf 84' lang='lat' dir='ltr'>praescripta</span> <span class='ocrx_word' id='word_1_235' title='bbox 1031 3023 1118 3093; x_wconf 88' lang='lat' dir='ltr'>sunt,</span> <span class='ocrx_word' id='word_1_236' title='bbox 1136 3038 1236 3080; x_wconf 90' lang='lat' dir='ltr'>unus-</span> 
     </span>
     <span class='ocr_line' id='line_1_30' title="bbox 219 3112 671 3194; baseline 0.015 -21"><span class='ocrx_word' id='word_1_237' title='bbox 219 3112 353 3194; x_wconf 86' lang='lat' dir='ltr'>quisque</span> <span class='ocrx_word' id='word_1_238' title='bbox 368 3133 492 3177; x_wconf 88' lang='lat' dir='ltr'>servare</span> <span class='ocrx_word' id='word_1_239' title='bbox 511 3121 637 3178; x_wconf 88' lang='lat' dir='ltr'>tenetur</span> <span class='ocrx_word' id='word_1_240' title='bbox 647 3118 671 3180; x_wconf 83' lang='lat'>².</span> 
     </span>
    </p>
   </div>
   <div class='ocr_carea' id='block_1_3' title="bbox 216 3266 1238 3562">
    <p class='ocr_par' dir='ltr' id='par_1_14' title="bbox 216 3266 1238 3562">
     <span class='ocr_line' id='line_1_31' title="bbox 265 3266 1238 3334; baseline 0.001 -19"><span class='ocrx_word' id='word_1_241' title='bbox 265 3268 288 3315; x_wconf 84' lang='grc'>1.</span> <span class='ocrx_word' id='word_1_242' title='bbox 301 3266 491 3329; x_wconf 69' lang='lat' dir='ltr'>ceremoniale</span> <span class='ocrx_word' id='word_1_243' title='bbox 509 3268 692 3332; x_wconf 76' lang='lat' dir='ltr'>Episcoporum</span> <span class='ocrx_word' id='word_1_244' title='bbox 707 3267 830 3334; x_wconf 78' lang='lat' dir='ltr'>designat</span> <span class='ocrx_word' id='word_1_245' title='bbox 850 3267 907 3318; x_wconf 86' lang='lat' dir='ltr'>dics</span> <span class='ocrx_word' id='word_1_246' title='bbox 923 3267 1023 3332; x_wconf 89' lang='lat' dir='ltr'>quibus</span> <span class='ocrx_word' id='word_1_247' title='bbox 1038 3271 1164 3318; x_wconf 84' lang='lat' dir='ltr'>cantores</span> <span class='ocrx_word' id='word_1_248' title='bbox 1181 3281 1238 3317; x_wconf 87' lang='lat' dir='ltr'>nou</span> 
     </span>
     <span class='ocr_line' id='line_1_32' title="bbox 217 3333 1238 3409; baseline 0 -17"><span class='ocrx_word' id='word_1_249' title='bbox 217 3333 329 3393; x_wconf 80' lang='lat' dir='ltr'>utantur</span> <span class='ocrx_word' id='word_1_250' title='bbox 343 3347 423 3394; x_wconf 81' lang='lat' dir='ltr'>cantu</span> <span class='ocrx_word' id='word_1_251' title='bbox 434 3343 549 3407; x_wconf 73' lang='lat' dir='ltr'>figurato</span> <span class='ocrx_word' id='word_1_252' title='bbox 561 3344 607 3394; x_wconf 87' lang='lat' dir='ltr'>sed</span> <span class='ocrx_word' id='word_1_253' title='bbox 621 3345 798 3409; x_wconf 79' lang='lat' dir='ltr'>Gregorian03</span> <span class='ocrx_word' id='word_1_254' title='bbox 811 3344 876 3394; x_wconf 87' lang='lat' dir='ltr'>item</span> <span class='ocrx_word' id='word_1_255' title='bbox 893 3344 950 3393; x_wconf 85' lang='lat' dir='ltr'>dies</span> <span class='ocrx_word' id='word_1_256' title='bbox 966 3341 1116 3394; x_wconf 86' lang='lat' dir='ltr'>dominicas</span> <span class='ocrx_word' id='word_1_257' title='bbox 1133 3343 1238 3394; x_wconf 81' lang='lat' dir='ltr'>Adven-</span> 
     </span>
     <span class='ocr_line' id='line_1_33' title="bbox 216 3418 1235 3486; baseline -0.001 -17"><span class='ocrx_word' id='word_1_258' title='bbox 216 3422 261 3469; x_wconf 84' lang='lat' dir='ltr'>tus</span> <span class='ocrx_word' id='word_1_259' title='bbox 274 3423 301 3469; x_wconf 89' lang='lat' dir='ltr'>et</span> <span class='ocrx_word' id='word_1_260' title='bbox 315 3419 541 3482; x_wconf 68' lang='lat' dir='ltr'>Quadrupesimae,</span> <span class='ocrx_word' id='word_1_261' title='bbox 560 3424 587 3471; x_wconf 84' lang='lat' dir='ltr'>et</span> <span class='ocrx_word' id='word_1_262' title='bbox 600 3420 689 3483; x_wconf 80' lang='lat' dir='ltr'>ferias,</span> <span class='ocrx_word' id='word_1_263' title='bbox 704 3421 802 3486; x_wconf 87' lang='lat' dir='ltr'>quibus</span> <span class='ocrx_word' id='word_1_264' title='bbox 818 3419 920 3484; x_wconf 87' lang='lat' dir='ltr'>pulsari</span> <span class='ocrx_word' id='word_1_265' title='bbox 935 3431 992 3469; x_wconf 91' lang='lat' dir='ltr'>non</span> <span class='ocrx_word' id='word_1_266' title='bbox 1006 3418 1108 3470; x_wconf 81' lang='lat' dir='ltr'>dehent</span> <span class='ocrx_word' id='word_1_267' title='bbox 1121 3433 1235 3484; x_wconf 78' lang='lat' dir='ltr'>organo,</span> 
     </span>
     <span class='ocr_line' id='line_1_34' title="bbox 217 3493 718 3562; baseline 0.008 -19"><span class='ocrx_word' id='word_1_268' title='bbox 217 3493 264 3548; x_wconf 88' lang='lat' dir='ltr'>lib.</span> <span class='ocrx_word' id='word_1_269' title='bbox 275 3495 296 3555; x_wconf 86' lang='lat'>1,</span> <span class='ocrx_word' id='word_1_270' title='bbox 314 3509 372 3559; x_wconf 82' lang='lat' dir='ltr'>cap.</span> <span class='ocrx_word' id='word_1_271' title='bbox 384 3509 481 3556; x_wconf 78' lang='lat' dir='ltr'>xxv1n3</span> <span class='ocrx_word' id='word_1_272' title='bbox 495 3494 541 3546; x_wconf 89' lang='lat' dir='ltr'>lib.</span> <span class='ocrx_word' id='word_1_273' title='bbox 555 3497 588 3558; x_wconf 84' lang='lat'>11,</span> <span class='ocrx_word' id='word_1_274' title='bbox 601 3511 659 3562; x_wconf 85' lang='lat' dir='ltr'>cap.</span> <span class='ocrx_word' id='word_1_275' title='bbox 674 3511 718 3548; x_wconf 84' lang='lat' dir='ltr'>xx.</span> 
     </span>
    </p>
   </div>
   <div class='ocr_carea' id='block_1_4' title="bbox 218 3597 1237 3749">
    <p class='ocr_par' dir='ltr' id='par_1_15' title="bbox 218 3597 1237 3749">
     <span class='ocr_line' id='line_1_35' title="bbox 262 3597 1237 3664; baseline 0 -18"><span class='ocrx_word' id='word_1_276' title='bbox 262 3598 286 3646; x_wconf 82' lang='lat'>2.</span> <span class='ocrx_word' id='word_1_277' title='bbox 303 3599 365 3664; x_wconf 78' lang='lat' dir='ltr'>Haec</span> <span class='ocrx_word' id='word_1_278' title='bbox 377 3598 532 3662; x_wconf 71' lang='lat' dir='ltr'>praescripta</span> <span class='ocrx_word' id='word_1_279' title='bbox 546 3602 610 3649; x_wconf 84' lang='lat' dir='ltr'>sunt</span> <span class='ocrx_word' id='word_1_280' title='bbox 626 3599 733 3649; x_wconf 86' lang='lat' dir='ltr'>statutis</span> <span class='ocrx_word' id='word_1_281' title='bbox 748 3599 870 3650; x_wconf 69' lang='lat' dir='ltr'>dioecesis</span> <span class='ocrx_word' id='word_1_282' title='bbox 885 3599 1058 3649; x_wconf 70' lang='lat' dir='ltr'>parisiensis:</span> <span class='ocrx_word' id='word_1_283' title='bbox 1077 3597 1175 3646; x_wconf 76' lang='lat' dir='ltr'>«Nous</span> <span class='ocrx_word' id='word_1_284' title='bbox 1187 3597 1237 3647; x_wconf 80' lang='lat' dir='ltr'>dt-</span> 
     </span>
     <span class='ocr_line' id='line_1_36' title="bbox 218 3672 1237 3749; baseline 0.003 -30"><span class='ocrx_word' id='word_1_285' title='bbox 218 3691 231 3718; x_wconf 75' lang='lat'>«</span> <span class='ocrx_word' id='word_1_286' title='bbox 248 3672 363 3722; x_wconf 83' lang='lat' dir='ltr'>fendons</span> <span class='ocrx_word' id='word_1_287' title='bbox 384 3673 586 3749; x_wconf 78' lang='lat' dir='ltr'>ttroitemeut...</span> <span class='ocrx_word' id='word_1_288' title='bbox 604 3675 637 3726; x_wconf 89' lang='lat' dir='ltr'>de</span> <span class='ocrx_word' id='word_1_289' title='bbox 656 3676 768 3727; x_wconf 87' lang='lat' dir='ltr'>toucher</span> <span class='ocrx_word' id='word_1_290' title='bbox 786 3689 832 3725; x_wconf 92' lang='lat' dir='ltr'>sur</span> <span class='ocrx_word' id='word_1_291' title='bbox 854 3675 956 3739; x_wconf 83' lang='lat' dir='ltr'>l&#39;orgus</span> <span class='ocrx_word' id='word_1_292' title='bbox 979 3675 1027 3724; x_wconf 87' lang='lat' dir='ltr'>des</span> <span class='ocrx_word' id='word_1_293' title='bbox 1046 3674 1184 3724; x_wconf 89' lang='lat' dir='ltr'>chansous</span> <span class='ocrx_word' id='word_1_294' title='bbox 1209 3677 1237 3723; x_wconf 86' lang='lat' dir='ltr'>et</span> 
     </span>
    </p>
   </div>
   <div class='ocr_carea' id='block_1_5' title="bbox 0 0 1306 4274">
    <p class='ocr_par' dir='ltr' id='par_1_16' title="bbox 0 0 1306 4274">
     <span class='ocr_line' id='line_1_37' title="bbox 0 0 1306 4274; baseline 0 1"><span class='ocrx_word' id='word_1_295' title='bbox 0 0 1306 4274; x_wconf 95' lang='lat' dir='ltr'> </span> 
     </span>
    </p>
   </div>
  </div>
 </body>
</html>
