2588 4276
130 282 201 328 ΛΒΤ.
226 283 271 329 lv.
292 284 432 332 nossISsto
451 284 600 333 sibetuna
620 287 652 333 ΙΝ
673 283 765 332 S'll'l'U
786 282 953 332 nstlslostt.
999 275 1047 328 251

37 397 248 478 adstringitur
268 401 459 479 obligatione
479 403 592 464 debitis
612 402 836 464 satisfaciendi.
859 401 948 474 Quod
967 419 1050 462 non-

36 497 108 556 nulli
118 497 355 560 dixeruntcum
366 503 396 563 S.
413 502 535 563 Thema
549 520 557 562 :
572 525 587 558 o
597 503 730 580 Propter
740 500 907 580 pecuniam
916 518 1052 579 persona

38 621 51 651 o
65 595 155 656 liberi
170 595 317 658 bominis
332 601 505 660 secundum
517 599 591 679 jura
606 600 712 661 civilia
726 617 790 661 non
805 599 977 676 obligatur,
994 598 1049 658 sed

40 718 52 748 a
66 693 168 753 solum
184 713 242 755 res
259 714 266 756 :
286 697 360 775 quia
372 715 508 776 persona
525 698 663 760 hominis
676 697 767 758 liberi
781 701 907 776 superat
921 715 1050 770 omnem

41 818 53 846 s
66 793 316 854 aestimationem
331 796 483 875 pecuniae.
499 797 588 858 Unde
603 797 688 858 licite
698 801 812 875 potest,
825 794 973 856 exhibitis
989 794 1052 854 suis

42 912 54 947 a
67 891 169 964 sebna,
186 893 380 971 religionem
398 895 535 971 intraro;
554 914 612 956 nec
626 902 754 957 tenetur
767 895 799 954 in
815 894 930 954 saeculo
943 911 1049 954 rema-

41 1015 54 1046 «
67 1007 137 1050 nere
153 996 192 1050 ut
208 997 363 1069 procuret
381 992 464 1054 unde
483 993 625 1056 debitum
643 994 756 1055 reddat
769 1016 784 1048 »
804 1010 811 1052 :
829 992 863 1054 in
880 1010 917 1052 eo
933 992 1050 1052 solum·
1080 1011 1086 1023 ·

39 1087 125 1148 modo
153 1107 256 1148 sensu
281 1090 511 1152 admittendum
535 1091 625 1153 nobis
646 1091 781 1167 uidetur,
806 1090 892 1169 quod
915 1109 1051 1170 persona
1115 1115 1120 1124 ·

40 1185 185 1247 debitoris
207 1207 271 1249 nec
288 1189 403 1250 debeat
416 1191 449 1251 in
465 1191 650 1252 servitutem
665 1190 750 1252 tradi
765 1193 894 1268 propter
909 1189 1051 1249 debitum

40 1285 187 1362 pecunias,
211 1292 251 1346 ut
272 1287 348 1349 olim
367 1288 450 1350 inter
468 1308 622 1368 paganos,
642 1307 701 1350 nec
721 1288 817 1349 etiam
838 1287 873 1348 io
893 1305 1051 1348 carcerem

42 1383 168 1460 detrudi,
187 1386 279 1464 quod
290 1405 373 1448 nunc
387 1387 472 1465 leges
485 1389 591 1450 civiles
605 1393 732 1461 vetaut;
749 1390 900 1448 caeterum
915 1404 1051 1464 persona

43 1481 185 1544 debitoris
197 1484 361 1562 obligatur
372 1487 545 1558 moraliter,
559 1492 713 1565 quatenus
727 1485 752 1546 si
765 1483 864 1564 possit
874 1502 930 1544 suo
943 1482 1052 1544 labore

45 1583 69 1638 et
81 1578 241 1643 industria
255 1584 341 1644 bona
355 1585 518 1663 acquirere
534 1585 617 1647 unde
632 1585 733 1647 solvat
743 1582 861 1657 debita,
878 1585 1003 1643 tenetur
1017 1580 1051 1640 in

44 1679 232 1742 conscientia
248 1681 281 1742 id
295 1689 446 1761 praestare
458 1685 481 1743 ¹.

94 1779 220 1840 Nedum
247 1781 387 1843 Ecclesia
414 1784 520 1844 faveat
542 1782 681 1844 debitori
705 1783 738 1842 in
763 1781 824 1844 hoc
850 1799 937 1854 casu,
962 1779 1052 1841 illum

47 1875 138 1952 potius
151 1884 329 1940 removete
344 1887 514 1956 conventu,
526 1881 743 1943 interdicendo
754 1898 793 1940 ne
809 1879 1003 1942 admittatur.
1019 1879 1053 1938 ln

49 1975 317 2038 constitutionibus
340 1979 516 2040 Pontificiis
540 1979 581 2040 ad
603 1997 681 2058 quas
703 1978 798 2040 modo
821 1977 1051 2049 alludebamus,

48 2071 140 2134 Sixtus
156 2076 184 2138 V
199 2081 289 2136 vetat
304 2096 343 2138 nc
362 2077 490 2139 Praelati
517 2076 679 2155 regulares
693 2077 847 2156 recipiant
861 2075 977 2158 tepenti
994 2093 1053 2138 aare

49 2167 131 2232 alieno
146 2167 253 2255 supro
262 2176 340 2235 oiim
351 2174 532 2253 facultatum
547 2194 670 2238 suorum
684 2183 862 2255 pravatus...
881 2179 913 2236 et
925 2192 1051 2255 suscep-

49 2266 154 2330 tionem
175 2272 320 2347 habitus,
340 2273 416 2334 item
436 2275 667 2353 professionem
678 2274 779 2334 ⁴aliter
797 2279 915 2334 temere
934 2275 1052 2335 factam

51 2363 150 2443 irritat,
173 2371 324 2450 omnique
344 2372 587 2434 effestucarcre
607 2372 759 2436 decernit,
781 2370 896 2452 (donst.
919 2370 994 2435 Cum
1017 2371 1052 2432 de

51 2466 181 2545 omoa'dos,
194 2469 248 2530 dic
262 2472 303 2530 26
312 2489 384 2532 nov.
404 2489 455 2532 an.
474 2471 578 2551 1587.)
588 2471 731 2532 Clemens
744 2471 812 2532 Vlll
823 2471 985 2532 decretum
997 2471 1053 2532 Ur·
1116 2461 1120 2468 ’

51 2561 114 2624 bani
127 2569 317 2648 temperavit
328 2570 434 2649 quoad
452 2567 621 2631 auiditatem
642 2569 856 2649 professionis,
874 2567 929 2630 sed
946 2569 1052 2648 quoad

52 2669 152 2726 catera
173 2667 278 2745 legem
302 2668 335 2728 in
357 2687 413 2728 suo
437 2668 546 2746 vigore
571 2668 699 2748 reliquit
720 2669 825 2730 Const.
845 2665 882 2728 In
900 2686 1049 2747 suprema,

54 2757 124 2824 dice
141 2765 251 2844 aprilis
264 2785 316 2826 an.
337 2767 433 2840 loom
451 2767 660 2845 quamobrem
679 2770 783 2828 stante
801 2765 856 2826 illa
872 2765 1049 2846 disciplina,

54 2861 214 2937 superiores
234 2882 298 2925 non
327 2865 442 2927 debent
469 2864 636 2926 admittere
661 2871 807 2942 gravatos
836 2883 898 2926 aere
927 2864 1049 2939 alieno;

55 2956 103 3016 nisi
126 2965 231 3024 tamen
252 2963 285 3024 in
312 2981 386 3024 casu
412 2982 507 3043 quem
523 2983 629 3043 *supra
656 2963 803 3037 diximus
832 2963 937 3043 posito
966 2963 1051 3042 quod

55 3055 159 3120 nullam
173 3060 387 3122 turbationem
400 3062 571 3123 formident
586 3081 623 3123 ex
637 3067 728 3141 parte
744 3061 948 3124 creditorum.

105 3157 283 3220 Ratiociniis
299 3160 467 3222 reddendis
482 3159 615 3239 obligati
632 3180 696 3222 non
712 3161 933 3236 admittuntur,
950 3160 1050 3221 donec

57 3252 204 3320 ratiocinia
219 3278 277 3320 sua
289 3259 500 3334 reddiderint3
513 3260 588 3338 quia
603 3278 667 3320 non
684 3263 824 3338 possent,
836 3258 986 3319 inchoato
997 3277 1051 3318 no·

58 3347 161 3431 vitiatu,
177 3375 284 3418 rerum
297 3357 519 3436 temporalium
529 3356 794 3418 sollicitudinibus
808 3355 964 3434 implicari
977 3355 1049 3415 abs·

59 3461 106 3522 que
117 3455 201 3530 gravi
218 3474 275 3516 suo
291 3455 493 3518 detrimento.
510 3455 663 3516 Motivum
679 3474 743 3516 non
756 3455 801 3515 ita
814 3459 906 3531 urget
922 3454 1049 3533 quando

97 3604 117 3649 l.
134 3605 169 3654 Cl.
179 3607 204 3658 S.
215 3609 425 3668 Thomamssoae
446 3621 471 3671 q.
489 3609 543 3667 iss,
557 3610 606 3656 art.
619 3611 642 3666 6,
661 3606 694 3656 ad
708 3607 731 3656 3.
746 3634 775 3643 -
790 3605 916 3667 Ferraria,
927 3615 956 3653 v⁰
971 3605 1051 3658 Resti-

60 3673 120 3738 tutto,
134 3687 180 3732 art.
193 3697 238 3744 ru,
250 3684 372 3734 osso-68.
388 3711 418 3722 -
429 3683 455 3734 S.
463 3683 579 3746 Liguori.
594 3683 641 3734 lib.
658 3683 701 3746 lV,
714 3685 795 3734 n0'll.
811 3709 841 3720 -
850 3683 1050 3748 Scbmalzgrue·

61 3744 106 3814 bel»
118 3755 142 3808 in
151 3759 190 3812 tit.
204 3775 237 3812 ur
248 3762 433 3822 Raoucnursos,
445 3760 480 3812 na
499 3760 582 3810 st-to.
