2642 4270
229 211 285 268 ros
492 215 565 266 runs
585 213 634 264 111.
655 184 977 263 ars'ucccnsrssrrcn.

228 334 355 416 regulas
366 329 771 396 auctoritateecclesiastica
782 330 949 412 probatas3
965 334 998 392 2⁰
1012 337 1048 394 ut
1061 332 1160 394 simul
1175 352 1246 398 cum

156 473 162 488 ι
229 434 373 496 Perocho
394 433 489 493 rebus
509 427 738 510 temporalibus
756 427 1025 510 providerentq3⁰
1039 435 1075 492 ut
1089 431 1247 494 rationem

230 548 295 594 suae
317 526 597 593 administrationis
614 526 783 588 redderent
801 524 979 588 Ordinatio.
1010 552 1025 582 ιι
1055 528 1243 604 Statuinnm¹

116 663 118 667 .
232 651 250 687 ιι
272 627 360 691 aiunt
381 629 490 688 Patres
509 623 633 688 concilii
647 622 830 703 Frisigensis
847 623 892 704 (in
906 623 1052 700 Bavaria,
1068 644 1123 689 an.
1142 626 1245 706 1440),

231 751 250 784 ιι
272 725 358 806 quod
367 725 400 785 in
412 723 553 803 qualibet
566 719 719 802 parochia
733 720 899 800 plebanus,
912 721 1082 801 assumptis
1096 721 1159 784 sibi
1171 723 1246 784 duo

229 846 248 882 ιι
272 824 332 884 bus
346 820 579 884 honestioribus
593 817 726 880 subditis
740 808 814 893 suis,¹
831 837 967 898 quorum
981 818 1114 900 quilibet
1126 820 1246 884 habeat

234 945 252 979 ι
275 920 396 1003 clavem
414 937 522 995 unam,
544 922 577 979 et
597 917 664 996 ipse
683 915 821 993 tertiam,
846 916 955 978 omnia
975 935 1047 997 quae
1075 917 1244 982 devotione

231 1042 248 1077 ιι
272 1018 414 1080 fidelium
434 1018 475 1078 ad
491 1015 643 1078 fabricam
664 1013 822 1090 Ecclesiae,
839 1012 1020 1092 luminaria,
1041 1017 1092 1078 vel
1109 1017 1243 1079 edebas

230 1141 246 1175 ι
270 1116 422 1178 utilitates
435 1113 552 1175 fuerint
566 1113 728 1193 deputata,
745 1111 915 1191 diligenter
929 1113 1057 1192 colligat
1067 1119 1100 1176 ct
1114 1133 1241 1178 conser-

232 1239 253 1274 ιι
274 1220 338 1289 vet,
351 1199 444 1276 ethis
455 1212 562 1272 usibus
576 1211 740 1291 impendat
749 1209 790 1271 ad
801 1228 881 1290 quos
894 1211 1139 1291 suntdeputata.
1151 1212 1242 1276 Volu-

231 1337 248 1371 ιι
272 1311 454 1374 musellam
471 1310 557 1390 quod
569 1326 629 1370 nec
643 1308 722 1370 tales
741 1307 801 1368 sibi
814 1302 966 1387 adjuncti,
982 1327 1041 1371 nee
1059 1311 1240 1395 aliiprocu·

236 1434 253 1469 ιι
275 1415 397 1472 ratores
416 1407 627 1470 Ecclesiamm
648 1404 907 1486 qualescumque,
927 1406 966 1468 de
985 1408 1081 1469 rebus
1096 1408 1241 1472 Ecclesiae

229 1533 249 1565 ιι
271 1512 386 1588 praeter
407 1505 521 1568 scitum
545 1503 674 1583 plebani
697 1502 873 1584 quidquam
894 1503 1074 1584 disponant.
1102 1529 1119 1562 ι)
1148 1507 1240 1571 Gonc.

177 1590 179 1593 ¹
232 1603 468 1684 Moguntinum,
494 1619 545 1663 an.
564 1601 665 1661 1549:
703 1623 719 1657 «
736 1601 938 1664 Decernimus
950 1607 982 1664 et
995 1603 1182 1666 ordinamus
1203 1623 1242 1667 nc
1303 1605 1304 1680 l

229 1727 251 1760 ιι
269 1701 411 1782 posthac
427 1698 501 1762 solis
527 1698 626 1774 laicis,
648 1698 704 1760 sed
732 1717 805 1760 cum
827 1699 950 1780 aliquot
974 1701 1062 1762 laicis
1090 1701 1242 1782 cujusque
1303 1689 1304 1772 f

233 1824 250 1858 ι
269 1799 428 1874 Ecclesia,
439 1798 564 1870 rectori,
578 1816 633 1858 seu
643 1797 792 1876 plebano,
803 1797 902 1858 veluti
911 1797 1089 1878 principali,
1103 1799 1242 1862 officium
1303 1791 1304 1876 j

228 1922 251 1957 ιι
271 1897 411 1975 fabricae,
423 1915 478 1958 seu
488 1895 670 1976 procuratio
680 1894 827 1958 Ecclesia
835 1895 1066 1972 committetur;
1082 1897 1130 1958 ita
1136 1903 1242 1960 tamen

234 2019 252 2055 ιι
275 2015 314 2057 ne
332 1995 394 2075 ipsi
410 1993 621 2056 Ecclesiarum
641 1997 791 2070 rectores,
810 2011 865 2054 seu
879 1993 1009 2075 plebani
1023 1994 1130 2057 officio
1149 2013 1240 2058 exac-

236 2111 252 2152 ιι
270 2092 365 2154 tionis
380 2111 542 2169 censuum,
563 2095 787 2172 proventuum,
809 2098 864 2152 seu'
878 2090 1069 2169 reddituum,
1086 2093 1154 2155 sive
1168 2112 1240 2174 pro·

229 2213 248 2250 ιι
269 2190 441 2254 curationis
462 2189 571 2251 labore
592 2193 800 2268 graventur..
826 2188 917 2250 Tales
936 2189 1033 2271 etiam
1055 2196 1237 2271 procurato·

226 2311 247 2349 ·«
269 2307 358 2353 res...
380 2289 419 2350 de
437 2288 582 2350 omnibus
598 2286 736 2368 acceptis
751 2291 782 2348 et
801 2287 947 2366 expensis
963 2287 1071 2351 debito
1085 2293 1239 2370 tempore,

235 2409 250 2448 ι
271 2387 312 2450 ad
330 2386 497 2449 minimum
516 2385 614 2447 semel
629 2384 663 2445 in
683 2403 780 2461 anno,
793 2403 901 2447 coram
924 2385 993 2465 ipso
1021 2387 1173 2466 plebano,
1189 2407 1239 2451 scu

235 2505 251 2545 ιι
271 2490 394 2548 rectore
415 2483 573 2558 Ecclesiae,
602 2485 633 2544 et
659 2482 727 2544 aliis
751 2482 870 2545 adhoc
893 2483 1064 2564 deputatis,
1085 2486 1237 2550 rationem

225 2607 248 2642 ιι
273 2583 450 2646 conficiant.
460 2581 613 2644 Volumus
621 2579 717 2644 etiam
729 2581 1238 2662 adsingulasllcclesiarumcistes

230 2703 252 2738 ιι
273 2679 307 2740 in
320 2680 434 2760 quibus
448 2680 561 2741 litterae
579 2696 742 2755 censuum,
757 2696 813 2740 seu
826 2679 981 2760 pecuniae,
996 2685 1028 2756 et
1041 2680 1237 2760 pretiosiores

233 2801 249 2834 ιι
269 2776 480 2838 Ecclesiarum
492 2795 554 2853 res,
566 2779 776 2850 asservantur,
791 2775 1035 2850 diversasseras‚
1053 2783 1083 2839 et
1098 2779 1141 2840 ad
1154 2776 1237 2840 mini·
1303 2827 1304 2834 ,

220 2899 251 2932 Διι
271 2893 360 2936 mum
374 2875 453 2934 duas
467 2873 546 2951 fieri,
563 2877 595 2934 et
604 2891 644 2934 ex
657 2873 798 2935 clavibus
807 2892 930 2954 semper
941 2894 1039 2936 unam
1054 2876 1142 2955 apud
1149 2878 1236 2939 Paro·

227 2993 248 3029 ιι
275 2971 371 3033 chum
391 2989 446 3032 seu
466 2975 621 3051 rectorem
640 2971 778 3051 relinqui
797 2975 829 3032 et
854 2972 1017 3048 custodiri3
1041 2973 1085 3034 sic
1105 2978 1144 3034 ut
1165 2973 1235 3035 tales

228 3091 250 3128 ιι
271 3069 356 3132 cistae
376 3087 441 3130 non
480 3068 521 3129 ab
546 3086 610 3130 uno
636 3067 744 3148 aliquo
773 3073 988 3153 procuratore,
1004 3088 1062 3132 nec
1088 3089 1233 3150 unquam,

232 3187 247 3226 ιι
275 3167 404 3231 absente
419 3165 573 3241 Parocho,
588 3165 710 3246 possint
725 3169 781 3228 aut
795 3165 932 3229 debeant
945 3167 1062 3248 aperiri
1078 3168 1102 3228 1.
1118 3189 1134 3225 o

237 3307 239 3315 ·
289 3264 464 3328 Concilium
476 3263 694 3346 Tridentinum
704 3263 784 3325 nihil
794 3265 904 3326 statuit
913 3265 952 3326 de
963 3265 1149 3328 necessitate
1157 3265 1234 3328 insti·

229 3363 342 3425 tuendi
355 3363 501 3438 lubricas,
517 3380 575 3424 nec
589 3362 629 3424 de
643 3361 739 3424 modo
757 3361 894 3440 eligendi
906 3362 1033 3424 illarum
1054 3369 1232 3443 procurato·

231 3477 296 3536 res,
312 3460 368 3522 sed
380 3459 448 3522 haec
462 3458 594 3522 maximi
610 3459 763 3522 momenti
783 3459 898 3522 indixit
914 3479 922 3522 ε
939 3484 953 3516 κ
965 3459 1233 3525 Administratores

276 3604 300 3652 t.
317 3601 414 3664 labbe,
429 3603 495 3652 tom.
506 3601 574 3666 xiil,
585 3600 636 3654 col.
652 3603 729 3666 12883
743 3607 809 3654 tom.
821 3603 886 3665 xlv,
897 3601 948 3654 col.
959 3602 1013 3656 699.
1029 3630 1058 3642 -
1067 3597 1112 3662 'Gt
1126 3602 1231 3667 (tohard,

230 3677 297 3727 ton.
313 3679 334 3740 l,
347 3691 375 3742 p.
388 3679 504 3730 soc-820.
1079 3706 1086 3719 ¹
