2604 4274
90 264 163 312 ΛΒΤ.
181 263 230 310 111.
246 262 435 318 OUAESTIONES
452 263 591 312 MORALES
606 265 643 313 DE
659 265 859 313 asclrlrlcuu
874 261 996 312 carleti.
1033 257 1085 312 tlt

128 381 177 440 Ex
191 378 352 440 communi
367 378 510 442 doctrina
521 380 673 443 innocens
688 375 735 442 est
749 381 790 442 ab
806 381 894 442 omni
907 380 1002 460 c'ulpe
1021 381 1084 442 cle-

64 479 163 555 ricus,
182 477 237 557 qui
250 477 485 538 inadvertenter
497 477 677 540 recitaverit
688 498 788 540 uuum
803 479 943 540 officium
958 479 1030 540 loco
1041 479 1086 540 al·

63 575 178 638 terius.
193 576 261 636 Non
273 580 409 648 tenetur,
427 575 488 636 hoe
502 575 535 636 in
550 595 636 651 casu,
653 577 693 637 ad
705 575 906 638 iterationem
921 575 1083 638 recitatio·

65 673 115 736 nis
131 672 240 734 officii.
266 672 453 754 Applicatur
468 673 595 736 axioma
612 693 619 737 :
637 674 775 756 effictum
794 694 850 756 pro
872 672 988 755 officio.
1020 697 1036 730 «
1052 673 1086 738 si

67 796 83 828 «
102 771 253 832 advertas
280 773 410 844 errasse,
448 770 492 832 ait
514 773 545 834 S.
569 773 709 852 liquori,
747 777 921 851 postquam
949 771 1086 832 multum

66 893 83 927 n
94 868 289 950 processeris
298 869 332 928 in
341 868 446 930 officio
456 869 609 946 indebito,
625 875 702 948 puta
715 869 741 930 si
754 869 870 931 dixeris
880 869 1085 947 matutinum,

66 972 169 1028 utum
183 971 275 1046 potes
288 966 339 1027 vel
352 967 513 1046 prosequi,
524 967 575 1029 rel
590 967 748 1046 reliquum
765 967 899 1030 recitare
918 967 957 1028 de
981 966 1087 1030 officio

68 1063 226 1138 «debito3
251 1064 307 1126 sed
331 1069 407 1142 puto
432 1065 545 1126 melius
571 1083 639 1126 esse
668 1065 800 1127 recitare
828 1066 868 1126 de
893 1065 1023 1144 proprio
1047 1084 1086 1127 ne

67 1180 244 1224 «errorem
260 1163 470 1242 prosequaris.
489 1187 504 1218 n
522 1162 532 1244 (
547 1163 615 1224 Lib.
632 1165 684 1239 lv,
700 1170 735 1223 n⁰
750 1164 819 1240 161,
842 1161 1006 1238 Ouaritur,
1027 1162 1086 1243 5⁰.)

126 1261 200 1321 Non
214 1259 288 1322 lieet
300 1255 515 1335 intervertere,
532 1262 654 1340 absque
663 1279 770 1336 causa,
783 1261 926 1322 ordinem
937 1260 1088 1323 constitu-

66 1362 136 1418 tum
155 1357 240 1418 inter
257 1357 398 1435 singulas
412 1358 519 1436 horas,
537 1358 713 1434 recitando,
733 1376 764 1422 v.
782 1376 827 1436 g„
843 1359 998 1438 Vesperas
1013 1363 1086 1418 ante

65 1457 210 1530 Nonam;
225 1473 283 1516 nec
295 1455 396 1534 magis
408 1455 531 1517 licitum
546 1462 593 1517 est
607 1456 722 1518 horam
736 1457 909 1535 inemptam
922 1456 1088 1517 interrum-

65 1570 157 1632 pere.
171 1553 408 1629 Verumtamen,
425 1572 497 1615 cum
508 1571 565 1614 nco
580 1553 732 1615 horarum
747 1553 943 1629 interversio,
958 1572 1016 1615 neo
1031 1563 1085 1614 ea-

65 1651 216 1712 rumdem
234 1650 433 1730 interruptio,
456 1652 560 1712 obstet
571 1651 741 1731 quominus
757 1670 916 1713 servemus
936 1651 1085 1712 substan·

67 1749 147 1810 tiam
159 1748 321 1828 praecepti,
334 1749 429 1812 modo
439 1749 597 1828 integrum
608 1750 747 1811 officium
758 1749 994 1811 recitaverimus
1004 1747 1088 1808 intra

69 1846 168 1922 diem,
183 1846 279 1926 culpa
292 1865 357 1908 non
369 1851 536 1926 reputatur
547 1846 662 1925 gravis.
676 1846 800 1924 Singuli
809 1846 924 1925 psalmi
934 1851 1008 1906 sunt
1020 1863 1089 1906 ora-

68 1943 188 2020 tiones,
205 1949 236 2006 et
251 1950 369 2024 partes,
386 1944 532 2023 quamvis
546 1962 611 2005 non
623 1944 795 2005 recitentur
809 1944 1003 2018 continuate,
1020 1961 1088 2004 mo-

68 2040 180 2102 raliter
193 2047 300 2104 tamen
319 2042 473 2104 uniuntur
491 2042 524 2102 in
545 2048 650 2103 mente
666 2041 840 2114 recitantis,
857 2045 890 2102 et
903 2060 1002 2102 unum
1015 2041 1087 2102 olil-

67 2138 154 2199 cium
167 2139 317 2200 efficiunt.
335 2139 413 2200 Hinc
426 2140 534 2218 plures
547 2157 627 2219 quos
642 2139 730 2213 citat,
747 2157 805 2200 nec
815 2139 978 2218 improbat
989 2139 1020 2200 S.
1038 2138 1088 2199 Li-

67 2237 172 2316 guori,
188 2237 381 2300 concludunt
398 2261 413 2294 «
426 2255 519 2317 posse
534 2255 618 2314 eum,
634 2237 688 2316 qui
700 2236 795 2298 hodie
813 2237 944 2316 incoepit
958 2235 1088 2297 matuti-

69 2358 85 2390 «
101 2353 192 2407 num,
208 2334 288 2395 illud
300 2335 458 2414 complere
477 2335 510 2396 in
530 2335 667 2396 crastino
683 2335 749 2396 sine
763 2339 895 2414 peccato
911 2332 1010 2412 gravi,
1029 2333 1088 2393 etsi

73 2452 88 2489 u
101 2431 229 2493 differat
247 2431 314 2492 sine
336 2450 432 2492 causa
446 2455 475 2492 ».
498 2431 581 2512 (Luc.
596 2432 647 2494 cit.
666 2441 701 2492 n⁰
717 2432 800 2512 168.)
821 2431 943 2492 Nullius
964 2429 1088 2510 peccati

68 2547 140 2590 reus
156 2528 216 2590 erit
230 2528 256 2589 si
269 2528 352 2589 adsit
364 2547 461 2591 causa
473 2529 619 2591 honesta.
852 2583 864 2594 .

127 2629 162 2686 4⁰
175 2625 321 2700 Intentio,
336 2626 441 2688 saltem
454 2626 613 2707 implicita,
625 2626 745 2689 orandi.
771 2629 886 2689 Omnes
899 2623 1042 2706 theologi
1056 2629 1089 2686 et

68 2724 241 2786 canonista
273 2724 447 2786 admittunt
478 2725 698 2786 necessitatem
732 2724 916 2786 intentionis
946 2723 1089 2784 'internae

70 2821 196 2897 orandi,
206 2826 237 2883 et
247 2821 340 2894 simul
350 2821 533 2882 attentionis
547 2841 645 2901 quam
659 2826 822 2883 externam
833 2825 961 2896 vocant,
972 2825 1004 2882 et
1017 2837 1088 2900 quae

70 2919 102 2980 in
116 2937 155 2981 eo
172 2919 315 2982 consistit
330 2925 443 2981 utnon
457 2920 535 2983 liant
547 2924 637 2981 actus
652 2920 706 2980 alii
720 2920 844 2980 externi
858 2939 930 2980 cum
944 2919 1089 2980 oratione

69 3015 278 3078 insociabiles.
290 3019 338 3078 An
352 3035 429 3078 vero
438 3016 559 3096 aliquid
573 3016 705 3078 ulterius
719 3017 913 3096 requiratur,
930 3035 994 3078 non
1008 3013 1084 3078 con·

70 3115 156 3176 venit
168 3115 252 3176 inter
262 3115 419 3178 doctores.

130 3212 242 3274 Plures
257 3213 453 3274 arbitrantur
471 3211 708 3290 nihilamplius
728 3211 857 3291 requiri,
878 3211 957 3272 adeo
981 3209 1089 3290 utqui

70 3310 164 3374 horas
176 3309 289 3372 recitat
303 3328 376 3371 cum
390 3307 508 3372 actuali
521 3314 553 3370 et
564 3308 745 3370 voluntaria
757 3309 873 3368 mentis
887 3307 1088 3385 evagatione,

69 3414 228 3489 praecepto
238 3407 489 3470 substantialiter
500 3407 685 3481 satisfaciat,
702 3406 797 3467 modo
810 3405 928 3466 habeat
942 3405 1091 3466 intentio-

71 3506 282 3581 remorandi,
306 3525 379 3568 cum
398 3506 573 3567 attentione
598 3510 738 3566 externa.
763 3505 859 3566 Suam
884 3503 1089 3564 assertionem

71 3602 242 3684 multipliciv
252 3603 375 3664 ratione
385 3603 534 3682 probant.
550 3603 581 3661 1⁰
594 3603 702 3663 Oratio
717 3607 764 3663 est
779 3600 890 3681 petitio
907 3600 1086 3662 decentium

72 3705 184 3777 aDeo;
198 3719 295 3782 porro
310 3719 374 3762 non
389 3701 727 3782 repugnatquominus
744 3698 859 3778 aliquis
878 3700 943 3760 Deo
960 3699 1088 3778 petitio·
1192 3743 1194 3746 -
