2642 4270
228 224 298 272 ultr.
319 222 368 271 111.
391 220 628 272 Anululsrnlrlo
646 221 791 272 corono!
811 224 966 274 EGlllAESIAE.
1052 221 1102 276 5111

90 337 316 421 temporalium
333 344 366 402 et
383 357 422 401 eu
436 357 559 418 gerere,
584 339 768 402 eorumdem
786 340 943 404 bonorum
962 343 1105 424 regimen

89 436 256 520 subjacere
269 438 364 500 debet
372 436 489 516 regulis
496 455 568 517 quae
581 442 800 500 consentaneae
806 438 869 501 sint
876 424 990 504 divinae
999 443 1105 506 Eccle-

90 537 146 600 siae
161 534 388 600 constitutioni.

149 633 288 700 1111111
299 633 451 696 canonico
464 633 701 696 administratio
710 634 1104 703 bonorumeoolesiastico-
1144 649 1147 658 '

89 752 164 797 rum
183 729 392 796 committitur
404 730 526 793 titulari
541 731 699 809 Ecclesia,
719 751 773 794 seu
792 732 948 816 beneficii,
970 737 1021 797 cui
1035 738 1105 800 haec

89 833 177 896 bona
202 826 355 892 attributa
375 834 464 900 sunt;
487 829 533 890 ita
550 833 658 891 tamen
681 834 717 890 ut
738 831 885 918 Parochi,
911 839 943 894 et
965 839 1105 897 rectores
1165 873 1175 894 .

91 929 303 1011 quorumdam
317 929 460 991 locorum
474 928 611 1008 piorum,
626 928 764 990 debeant
776 929 895 992 habere
907 931 1061 994 fabricam
1073 937 1105 994 et

89 1027 139 1092 uti
151 1027 283 1091 oonsilio
296 1032 391 1107 atque
402 1026 797 1107 operamatriculariorum
812 1028 836 1105 ¹,
852 1047 911 1109 pro
920 1029 1015 1092 variis
1030 1029 1105 1094 dioe·

89 1145 204 1190 caseon
218 1124 344 1188 statutis
358 1125 392 1186 in
411 1125 552 1204 gestione
572 1124 742 1204 temporali
761 1125 810 1186 sui
827 1125 982 1190 beneficii.

150 1225 221 1287 617.
235 1257 275 1270 -
289 1224 339 1287 IV.
359 1223 433 1286 Jure
451 1222 590 1312 naturali
608 1222 702 1284 simul
716 1227 748 1284 et
759 1223 911 1287 canonico
926 1225 1104 1287 communi-

94 1325 176 1388 tates
195 1321 351 1401 religicsae
370 1338 428 1382 sua
443 1320 529 1382 bona
550 1319 890 1399 administrantium
911 1323 1106 1387 constitutio-

80 1437 148 1484 nes
169 1424 201 1482 et
218 1418 458 1481 consuetudines
477 1417 625 1497 instituti,
648 1436 720 1479 cum
735 1417 841 1480 debita
859 1419 1105 1500 dependentiaa

91 1518 124 1582 S.
141 1515 295 1582 Pontifice
309 1521 342 1578 et
352 1516 394 1578 ab
409 1516 575 1598 Episcopo.

150 1617 226 1680 Jure
235 1615 365 1696 quidem
372 1614 511 1677 naturali
518 1612 920 1696 omniscommunitasquae
928 1617 1105 1680 dominium

94 1713 244 1797 possidet,
263 1717 369 1794 potest
384 1729 435 1774 res
452 1730 525 1778 suas
544 1705 665 1792 gerere,
691 1730 732 1773 ex
748 1712 843 1774 modo
863 1712 954 1775 dictis
970 1733 978 1776 1
995 1733 1103 1795 porro,

92 1811 334 1876 communitates
342 1810 496 1891 religiosa
507 1809 657 1872 canonice
667 1815 792 1887 ereotre,
805 1810 891 1873 bona
901 1813 961 1873 sibi
971 1800 1103 1889 donata,

95 1911 145 1972 rel
164 1909 227 1972 alio
245 1909 338 1970 titulo
358 1907 522 1987 acquisita,
543 1907 664 1969 habent
679 1907 717 1968 in-
728 1907 894 1988 proprium
913 1909 1102 1988 dominium,

90 2008 205 2071 eadem¹
213 2025 343 2087 prorsus
356 2005 479 2069 ratione
495 2025 532 2068 ao
547 2005 789 2068 communitates
802 2006 977 2071 saeculares.
999 2033 1015 2064 α
1024 2010 1105 2072 -Haeo

88 2129 106 2165 «
123 2111 264 2189 potestas
277 2104 519 2166 administrandi
532 2104 619 2166 bona
631 2104 829 2185 temporalia,
845 2106 891 2167 ait
903 2105 1028 2182 Suarez,
1044 2123 1105 2169 nec

98 2305 226 2364 otestas
238 2299 443 2362 dominativa.
460 2301 545 2378 Ergo
556 2299 630 2361 talis
641 2303 782 2380 potestas
799 2305 945 2380 respectu
960 2319 1104 2362 commu·

89 2421 109 2458 o
125 2397 233 2462 nitatis
247 2397 413 2477 religiosae,
429 2416 486 2479 per
499 2415 532 2460 se
544 2403 576 2460 et
590 2417 629 2462 ex
643 2401 758 2460 natura
771 2396 828 2474 rei,
846 2417 883 2460 aa
898 2398 1020 2461 secluso
1030 2397 1104 2478 jura

93 2520 110 2554 «
122 2496 269 2577 positivo,
284 2493 348 2558 non
358 2497 506 2576 pendete
516 2495 717 2558 concessione
727 2495 899 2574 Pontificio,
913 2497 964 2559 vel
974 2496 1105 2559 alterius

87 2619 110 2652 o
124 2593 251 2657 Praelati
269 2592 482 2668 ecclesiastici,
502 2593 557 2655 sed
572 2611 611 2654 ex
625 2593 790 2655 voluntate
805 2611 916 2656 eorum
930 2594 985 2675 qui
1000 2592 1105 2656 intuli

94 2715 113 2750 c
130 2691 356 2754 communitate
366 2691 536 2754 sociantur.
549 2713 565 2749 »
577 2691 658 2772 (Lib.
672 2692 710 2766 ΙΙ,
727 2710 798 2771 cap.
810 2709 896 2768 xxvr,
910 2699 945 2752 11ο
959 2691 1002 2775 1).)
1014 2694 1105 2756 Stan-

93 2789 231 2851 domest
246 2790 344 2869 igitur
354 2789 473 2869 regulis
487 2788 632 2866 instituti,
649 2808 719 2870 quae
735 2788 776 2851 ad
791 2789 1102 2870 superioremtrans·

88 2881 197 2948 lerunt
216 2905 324 2948 curam
342 2886 504 2965 regiminis
522 2887 678 2949 bonorum
695 2887 931 2968 temporalium,
955 2887 1105 2950 adhibitis

88 2984 251 3047 nonnullis
266 3003 283 3045 e
296 2985 540 3064 congregatione
553 2984 587 3046 in
602 2985 779 3046 consilium.

150 3082 297 3145 Facultas
313 3080 385 3160 jure
404 3100 554 3144 concessa
571 3081 812 3146 administrandi
832 3083 919 3145 bona
938 3082 1102 3145 ecclesias-

89 3179 158 3243 tico
167 3184 215 3242 est
224 3179 430 3242 subordinata
440 3197 570 3242 summae
576 3178 790 3259 jurisdictioni
799 3180 960 3242 Pontificio
969 3178 1104 3242 Romani

141 3391 165 3440 1.
175 3387 410 3439 administratores
418 3375 537 3452 adjuncti
549 3386 650 3438 titulori
661 3387 794 3450 beneficii,
809 3387 844 3439 ad
854 3386 1003 3453 gestionem
1016 3387 1103 3438 hono·

84 3474 156 3520 ‚rum
182 3464 383 3527 temporalium,
403 3461 582 3515 Matrirolorii
603 3467 803 3528 nuncupantur,
830 3463 893 3528 quia
921 3462 1103 3514 matriculares

6 3567 10 3588 .
95 3538 373 3590 tahulrsEcclesiae'in
384 3539 481 3604 quibus
495 3552 626 3603 pauperes
643 3539 764 3604 inscripti
779 3541 863 3602 erant,
879 3538 1002 3603 deposito
1012 3540 1102 3589 custo·
1208 3541 1213 3552 '

92 3613 216 3677 diebant;
234 3615 297 3665 dicti
307 3619 370 3666 sunt
386 3616 467 3666 etiam
480 3615 593 3679 AEditut,
607 3614 635 3666 id
655 3619 696 3668 est
712 3624 852 3669 sacrorum
868 3615 968 3669 aedium
988 3617 1103 3679 tutores,

89 3689 237 3742 'Prooiaores
252 3691 438 3754 Ecclesiarum,
450 3693 502 3744 etc.
