2642 4268
181 282 250 332 nur.
272 266 522 346 incameratae,
544 281 755 334 ruuolrroras
775 281 811 330 er
830 275 1009 332 aurnuns:
1040 277 1098 332 sse

64 417 155 462 rum
169 399 305 463 abierint
317 401 351 462 iu
365 399 540 463 laudabiles
554 400 809 476 consuetudines,
824 419 902 480 quas
914 400 1099 464 traditiones

64 504 105 560 et
143 499 216 579 ipsa
243 499 370 562 decreta
400 499 539 578 plurium
567 487 772 562 conciliorum
802 499 1037 562 commendant.
1072 503 1099 563 A

65 597 201 660 saeculo
210 605 265 671 vr,
275 597 445 660 concilium
456 596 814 677 Matisconenseujussit
823 617 939 678 panem
948 597 1096 660 etvinum

66 695 217 776 singulis
240 696 353 758 diebus
372 695 539 758 dominicis
559 697 600 757 ab
620 697 767 758 omnibus
786 695 933 758 fidelibus
954 697 1061 758 offerri
1088 715 1096 760 :

67 793 170 873 quod
184 799 337 862 statutum
348 795 510 858 suaetiam
523 795 711 859 auctoritate
724 796 1020 873 regesFranoorum
1031 814 1101 858 san-

69 892 146 954 cire
160 893 366 968 studuerunt;
383 893 518 974 legimus
533 892 616 955 enim
631 892 665 954 in
680 898 739 958 art.
752 894 816 966 ¹lit)
830 892 903 954 libri
917 895 957 956 vl
974 890 1100 975 Capsu-

69 989 195 1051 larium
210 992 403 1054 Francorum
418 1010 425 1054 :
446 991 594 1062 «Placuit
605 998 640 1058 ut
651 991 729 1052 fiant
744 990 922 1061 oblationes
931 990 1101 1054 sacerdoti·

76 1109 94 1146 o
119 1088 195 1162 bus,
211 1089 238 1153 si
252 1088 320 1151 sieri
339 1095 461 1170 potest;
485 1089 598 1154 saltem
614 1089 665 1150 die
677 1088 837 1152 dominica
850 1088 883 1150 id
898 1089 1018 1169 absque
1033 1089 1100 1154 ulla

73 1210 92 1244 (ε
120 1187 326 1249 excusatione
341 1187 407 1250 fiat.
421 1213 437 1243 u
453 1187 716 1267 Exoblatispane
731 1186 846 1250 etvino
857 1187 992 1248 materia
1004 1187 1099 1249 sacri·

73 1285 147 1346 licii
169 1285 369 1367 eucharistici
383 1287 591 1350 sumebatur:
608 1287 695 1366 quod
709 1286 867 1367 reliquum
882 1290 960 1360 erat,
977 1285 1099 1348 clericis

73 1388 110 1443 et
123 1384 321 1464 pauperibus
330 1385 541 1449 tribuebatur.
557 1385 634 1446 tium
643 1383 833 1464 desiitpanis
842 1388 874 1446 et
886 1383 952 1446 viui
966 1384 1098 1458 oblatis,

74 1481 181 1561 eoepit
195 1482 301 1546 offerri
315 1483 462 1562 pecunia,
480 1484 564 1546 uude
576 1483 679 1546 Missa
692 1481 898 1544 honorarium
918 1487 1022 1544 ortum
1038 1487 1097 1546 est.

143 1581 345 1658 Consuetudo
359 1581 503 1644 similiter
515 1581 641 1645 induxit
655 1581 734 1645 alias
748 1580 1100 1644 fierioblationesocca·

76 1677 172 1740 sione
187 1679 371 1758 nuptiarum
381 1684 414 1741 et
424 1681 659 1761 exsequiarum.

102 1859 106 1865 Δ
143 1777 318 1838 Concilium
339 1778 486 1857 generale
500 1797 584 1840 anno
599 1779 677 1839 islo
692 1777 725 1840 in
741 1779 882 1841 Ecclesia
894 1779 1100 1856 Lateranensi

74 1874 278 1942 celebratum
293 1877 351 1938 sub
365 1877 550 1942 Innocentio
563 1878 615 1952 111,
631 1877 696 1938 duo
711 1876 804 1937 simul
819 1878 992 1957 praeeaveri
1006 1895 1099 1940 cura·

77 1974 137 2048 vit,
155 1973 337 2036 exactiones
352 1993 391 2036 ex
405 1980 495 2054 parte
506 1975 706 2055 clericorum,
720 1979 753 2037 et
766 1975 1101 2056 contemptumlauda·

78 2071 196 2132 bilium
216 2073 479 2136 consuetudinum
498 2093 537 2136 ex
556 2078 647 2154 parte
667 2073 832 2140 laicorum.
848 2098 863 2132 α
879 2075 929 2141 Ad
948 2074 1097 2154 apostoli·

84 2191 100 2227 n
126 2189 198 2232 cam
223 2171 418 2234 audientiam
446 2173 603 2252 frequenti
639 2172 793 2234 relatione
818 2173 973 2253 pervenit,
1011 2172 1099 2253 quod
1171 2183 1198 2206 '-

82 2291 99 2324 «
123 2269 257 2350 quidam
272 2269 378 2332 clerici
392 2289 450 2350 pro
461 2271 618 2351 exsequiis
633 2277 844 2344 mortuorum,
860 2275 891 2332 et
904 2271 1098 2333 benedictio-

83 2391 98 2424 «
125 2367 220 2429 nibus
243 2368 432 2431 nubentium
460 2374 491 2432 et
513 2368 681 2446 similibus,
709 2369 879 2452 pecuniam
909 2368 1042 2448 exigunt
1068 2374 1100 2433 et

83 2488 100 2521 u
124 2471 353 2545 extorquent..
385 2469 409 2528 E
433 2473 544 2530 contra
564 2487 639 2532 vero
660 2468 790 2547 quidam
810 2467 882 2530 laici
906 2466 1100 2531 laudabilem

86 2588 102 2619 a
122 2565 388 2628 consuetudinem
408 2584 485 2646 erga
500 2571 642 2628 sanctam
664 2567 836 2630 Ecclesiam
859 2566 913 2646 pia
933 2567 1100 2630 devotione

88 2679 104 2718 c
125 2661 509 2744 fidelium-introductam,
526 2683 565 2728 ex
580 2666 736 2728 fermento
750 2665 911 2731 heretica
932 2665 1098 2746 pravitatis

85 2783 101 2813 ι(
124 2759 269 2822 nituntur
289 2761 471 2844 infringere,
499 2763 557 2825 sub
585 2768 741 2843 praetextu
768 2763 929 2825 canonicae
958 2763 1097 2844 pietatis.

85 2881 102 2914 u
125 2859 325 2940 Quapropter
346 2880 441 2942 super
459 2861 509 2922 his
529 2880 645 2942 pravas
664 2861 845 2924 exactiones
862 2860 930 2924 fieri
947 2860 1099 2940 prohibe·

85 2979 99 3040 ς
126 2975 208 3031 mus,
224 2963 255 3020 et
275 2959 344 3040 pias
363 2961 606 3021 consuetudines
625 2960 827 3040 praecipimus
845 2959 1017 3034 observari,
1035 2963 1100 3020 sta·

87 3081 109 3140 «f
127 3061 253 3120 tuentes
267 3063 303 3119 ut
315 3057 414 3119 libere
429 3059 634 3120 conferantur
648 3058 861 3123 ecelesiastica
874 3061 1075 3120 sacramenta
1091 3074 1099 3118 τ

85 3183 103 3218 o
126 3159 182 3221 sed
192 3175 250 3238 per
263 3156 456 3236 Episcopum
474 3155 548 3230 loci,
559 3156 691 3217 veritate
707 3157 844 3235 cognita,
859 3160 1102 3236 compescantur
1172 3209 1178 3230 ,
1263 3213 1265 3222 ,

86 3283 103 3315 «
126 3257 184 3338 qui
193 3255 350 3318 malitiose
362 3253 507 3315 nituntur
515 3253 709 3315 laudabilem
722 3255 979 3316 consuetudinem
989 3253 1103 3314 immu-

89 3379 104 3414 α
125 3361 205 3418 tare.
219 3378 234 3412 »
248 3354 334 3434 (Gap.
352 3351 427 3416 Cum
442 3352 476 3414 in
489 3349 522 3414 Ε
523 3351 645 3431 celestis,
662 3354 692 3428 9,
710 3358 742 3414 et
755 3351 807 3414 Ad
819 3352 1032 3433 Apostolicam,
1047 3355 1098 3426 tl,

84 3472 125 3517 nr
137 3452 291 3534 Sulcum)

147 3553 236 3615 Meus
245 3550 341 3630 igitur
348 3551 495 3616 Ecclesia
504 3555 594 3614 estut
608 3551 662 3630 pia
673 3550 840 3612 devotione
855 3555 1018 3614 seruentur
1028 3567 1102 3612 con·

86 3649 269 3720 suetudines
281 3649 458 3712 laudabiles
472 3667 567 3730 super
579 3648 795 3712 oblationibus
809 3648 878 3710 lieri
888 3649 998 3725 solitis,
1006 3667 1101 3712 occa·

88 3749 176 3813 sione
191 3748 400 3810 solemnitatis
412 3749 596 3829 nuptiarum
607 3753 639 3810 et
652 3747 857 3828 funeralinm
