2642 4270
221 219 274 272 582
484 227 560 274 utus
580 227 626 275 111.
647 229 703 276 RES
723 230 968 278 aeclesiasticis.

220 341 424 420 subsequenti
438 342 588 404 dicemus.
620 345 791 406 Consilium
803 346 937 425 preinde
952 348 1062 408 statuit
1075 347 1117 408 de
1133 347 1237 408 omni·

219 440 279 500 bus
298 439 436 518 cujusvis
459 441 582 519 generis
605 442 791 519 redditibus,
816 445 871 524 qui
889 443 1036 506 Ecclesiae
1059 445 1239 524 parochiali
1310 435 1311 484 i

118 617 119 621 Ἰ
219 537 393 598 obveniunt
406 556 444 598 ex
459 537 550 602 bonis
566 539 793 616 immobilibus,
813 542 960 603 censibus
976 542 1103 618 annuis,
1120 542 1237 602 funda·

218 634 368 709 tionibus,
384 635 541 696 locatione
557 637 689 711 sedium,
711 638 925 700 oblationibus
946 639 1100 714 fidelium,
1119 645 1153 700 et
1168 639 1237 700 aliis

217 733 429 811 proventibus.
441 735 482 795 Ut
491 753 565 795 vero
574 734 627 812 jus
633 735 710 796 illud
720 741 882 797 exerceat:
895 738 927 796 1⁰
942 736 1086 797 decernit
1097 740 1235 814 quotan·
1310 755 1311 764 ¹

217 829 266 890 nis
279 831 438 909 impensas
452 849 531 911 quas
541 833 733 894 necessarias
743 839 798 894 aut
808 834 900 896 utiles
910 834 1030 912 judicat
1039 853 1098 912 pro
1109 833 1234 894 instau-

217 927 339 988 ratione
354 947 516 989 saorarum
531 929 659 1004 aedium,
675 931 882 1010 acquisitione
897 931 1074 1008 mobilium,
1092 931 1232 992 honora·
1310 929 1311 982 l

216 1025 271 1085 riis
286 1026 555 1105 presbyterorum,
569 1032 601 1088 et
615 1029 759 1090 mercede
774 1030 1006 1101 ministrorum;
1021 1033 1054 1088 2⁰
1072 1027 1234 1090 constituit
1310 1033 1311 1110 ζ

216 1123 347 1184 modurn
373 1140 437 1203 quo
458 1126 527 1202 geri
552 1125 688 1186 debeant
709 1127 794 1188 bona
819 1127 996 1188 immobilia
1019 1125 1181 1199 Ecclesiae,
1204 1131 1233 1186 at

161 1209 165 1218 ’
216 1221 315 1282 locari
329 1222 449 1283 fructus
468 1223 524 1302 qui
542 1241 696 1302 expensas
714 1225 887 1299 excedunt3
905 1225 938 1284 3⁰
951 1225 1060 1285 statuit
1082 1224 1123 1283 de
1144 1241 1232 1284 com·
1310 1209 1311 1258 ἶ

217 1319 455 1392 mutationibus,
495 1320 751 1396 alienationibus,
784 1321 994 1382 locationibus
1026 1321 1067 1381 ad
1101 1320 1232 1398 longum
1310 1331 1311 1398 l

216 1423 354 1496 tempus,
369 1418 407 1479 de
422 1419 572 1498 impensis
585 1419 843 1480 extraordinariis
854 1438 917 1480 000
934 1419 1084 1498 praevisis,
1100 1418 1126 1477 si
1139 1434 1228 1478 exce·

164 1545 166 1548 ·
215 1515 293 1575 dant
313 1535 470 1575 summam
493 1518 552 1576 100
571 1517 752 1578 francorum
770 1517 803 1576 in
823 1517 983 1596 parochiis
1004 1515 1178 1594 majoribus
1199 1519 1231 1574 et
1310 1533 1311 1564 1

217 1631 374 1673 summam
393 1614 433 1672 50
448 1615 631 1674 francorum
652 1615 684 1674 in
707 1615 775 1674 aliis
795 1633 866 1694 quae
886 1614 1004 1675 scilicet
1025 1632 1092 1674 000
1112 1613 1232 1672 habeut

216 1710 296 1770 1000
305 1711 440 1784 incolas3
451 1713 485 1770 4⁰
498 1712 652 1772 deliberat
661 1713 700 1772 de
712 1712 766 1772 lite
779 1713 944 1773 inferenda
953 1712 1003 1772 vel
1019 1709 1231 1789 suscipienda,
1310 1699 1311 1780 ᾗ

215 1807 241 1867 si
250 1815 466 1888 opportunum
476 1810 688 1871 sibivideatur
697 1811 737 1871 ad
747 1807 1230 1888 tuitionemjuriumparocbiae;
1310 1811 1311 1828 ¹

214 1909 246 1966 5ο
267 1906 401 1986 denique
425 1908 555 1969 consilio
575 1909 749 1987 generatim
770 1927 808 1969 ea
830 1909 938 1982 omnia
954 1911 1141 1985 competunt
1162 1921 1232 1984 quae

216 2005 372 2066 excedunt
389 2006 467 2066 lines
487 2025 583 2068 rnerae
608 2007 901 2082 administrationis,
925 2009 955 2066 et
975 2015 1033 2085 pro
1053 2005 1180 2084 quibus,
1201 2003 1232 2062 in

215 2103 349 2181 negotiis
359 2105 456 2183 hujus
467 2105 731 2182 generis,tutores
741 2104 938 2184 pupillorum
946 2104 1090 2180 indigent
1099 2119 1233 2163 assensu

174 2256 178 2266 ,
220 2201 343 2261 consilii
356 2202 504 2264 familiae.

273 2299 343 2360 031.
360 2335 398 2344 —
416 2298 583 2381 Collepcirm
596 2299 885 2362 matriculoriorum.

273 2397 446 2477 Collegium
464 2399 752 2459 matriculariorum
773 2398 914 2478 (Gallice,
935 2395 1060 2456 Bareou
1077 2392 1127 2454 des
1141 2392 1231 2454 Mar·

211 2493 358 2576 peditare)
376 2502 499 2557 constat
517 2496 617 2557 tribus
633 2497 818 2557 consiliariis
837 2495 978 2566 fabricas,
999 2492 1153 2553 electione
1171 2491 1231 2552 de·
1310 2487 1311 2562 ᾗ

211 2593 341 2673 putatis,
359 2594 472 2672 quibus
484 2595 646 2656 Perochus
660 2612 698 2653 ex
713 2594 817 2654 officio
833 2593 965 2653 accedit.

272 2690 391 2751 Electio
409 2692 696 2752 matriculariorum
713 2692 748 2750 fit
762 2691 794 2750 in
810 2691 948 2750 sessione
961 2688 1084 2749 consilii
1097 2685 1230 2748 iabricae

212 2806 282 2867 quae
296 2788 432 2849 habetur
444 2790 546 2867 prima
560 2790 719 2849 dominica
729 2793 800 2868 post
814 2787 947 2848 Pascha.
963 2787 1072 2846 Prima
1083 2785 1151 2846 vice
1163 2790 1230 2845 tres
1310 2819 1311 2848 2

211 2887 304 2947 simul
322 2887 495 2963 eliguntur;
515 2892 674 2947 transacto
690 2905 785 2964 anno,
802 2891 885 2946 sorte
903 2885 1087 2963 designatur
1102 2882 1175 2962 quis
1191 2901 1233 2942 ex
1310 2931 1311 2956 2

209 2985 311 3045 tribus
321 2985 461 3044 exiturus
471 2984 526 3058 sit;
542 2989 572 3044 et
583 2984 664 3044 alter
675 3003 692 3045 0
702 2983 887 3044 consiliariis
902 2983 986 3042 illius
997 2983 1068 3042 loco
1080 2980 1230 3059 eligitur;
1310 2979 1311 3060 f

209 3083 286 3144 item
298 3082 460 3142 desinente
473 3083 610 3143 seeundo
622 3101 723 3156 anno,
741 3086 851 3160 postea
863 3099 939 3142 vero
949 3081 975 3140 i's
988 3080 1058 3140 loco
1075 3078 1159 3139 cedit
1173 3078 1233 3157 qui

209 3180 298 3259 prior
310 3180 370 3241 fuit
381 3180 414 3239 in
426 3199 567 3254 munere,
585 3185 617 3240 et
630 3179 691 3240 hac
706 3179 828 3240 ratione
839 3177 972 3256 singulis
982 3175 1127 3237 trienniis
1135 3192 1232 3235 reno·

210 3281 303 3338 vatur
323 3297 362 3338 ex
383 3279 506 3358 integro
529 3277 708 3355 collegium.
732 3277 829 3338 lidem
841 3280 983 3355 possunt
1003 3273 1139 3352 repetita
1156 3271 1231 3332 vice

209 3375 295 3454 eligi,
312 3376 424 3436 eodem
438 3377 533 3436 modo
548 3395 584 3436 ac
599 3376 743 3435 membra
752 3374 822 3452 ipsa
836 3373 976 3434 fabricae.
993 3371 1027 3433 Si
1037 3369 1148 3431 electio
1159 3387 1231 3429 ma·

209 3473 443 3534 triculariorum
463 3474 547 3533 facta
562 3491 626 3533 000
641 3472 681 3532 sit
693 3478 837 3550 tempore
856 3474 1049 3550 opportuno,
1071 3467 1104 3528 id
1124 3471 1174 3528 est
1193 3467 1229 3527 in
1310 3519 1311 3566 1

209 3571 347 3630 sessione
368 3571 476 3649 aprilis
490 3589 547 3650 pro
571 3571 775 3631 renovatione
797 3587 913 3645 annua,
936 3568 996 3644 vel,
1013 3567 1046 3626 in
1066 3583 1142 3626 casu
1162 3582 1229 3646 quo

209 3666 324 3743 aliquis
339 3668 478 3728 officium
493 3667 625 3742 deserit,
637 3668 671 3726 in
686 3667 824 3728 sessione
840 3683 911 3745 quse
926 3664 1071 3744 proxime
1085 3663 1230 3724 babetur
