2642 4270
223 243 329 289 Pluris
350 242 461 289 4474444444
483 240 720 288 eununcrloubn
740 237 962 286 cinnamonum
1049 228 1105 282 tlt

86 357 139 407 549.
158 355 314 406 Sollicitudo
329 358 544 408 constantissima
564 356 590 405 S.
607 355 682 406 Sedis
700 353 735 404 ad
751 353 933 404 inducendum
953 351 1013 400 uni-

165 432 327 483 formitatem
343 445 425 483 sacrae
437 431 552 496 liturgiis
567 431 598 482 in
608 430 730 482 Ecclesia
741 429 835 484 Latina
835 459 1024 482 ........
1057 428 1105 477 399

88 510 142 558 539.
160 508 265 558 Rarisio
281 509 412 558 librorum
430 507 617 570 liturgicorum
629 507 707 571 jussu
728 507 755 557 S.
769 504 845 556 Sedis
860 504 929 554 facta
943 503 1024 556 variis
1059 551 1061 558 ,

165 583 343 646 temporibus.
366 619 374 632 ,.
458 619 472 634 .,
490 611 1022 636 .....................
1057 578 1106 628 393

89 659 142 707 534.
161 658 373 709 Reformaticues
389 658 542 708 divinorum
557 657 709 706 officiorum
724 669 792 719 ques
806 655 921 705 tentavit
936 647 971 708 99
982 654 1025 702 (49-

164 746 238 784 mum
249 733 319 784 felici
331 735 402 784 exitu
416 733 561 798 complevit
572 732 690 786 Ecclesia
703 734 825 786 Romanu
840 744 856 779 a
871 729 970 780 saeculo
981 742 1022 780 xv.
1057 729 1102 778 395

89 811 142 860 592.
160 810 282 870 *Quibus
300 811 424 860 Ecclesiis
444 811 470 861 S.
489 811 551 860 Pius
568 811 703 862 Vindixit
719 809 913 873 obligationem
931 806 1024 856 utendi

165 885 299 938 Brevioric
312 889 432 936 Romano
435 917 1023 938 .......................
1057 883 1103 931 397Ι

168 1029 222 1066 lar.
240 1029 268 1066 11.
286 1044 316 1052 -
332 1031 364 1065 nn
379 1030 440 1066 suun
457 1029 610 1066 institutum
627 1012 656 1066 El*
674 1028 814 1066 turtureum
830 1025 931 1064 noum
947 1025 1026 1064 nit'lu'l

543 1106 644 1144 orricii.

86 1195 142 1244 533.
160 1193 200 1243 Ad
214 1207 295 1257 quem
310 1195 443 1257 pertineat
460 1195 505 1259 J'us
520 1195 656 1244 statuendi
671 1193 705 1244 de
721 1194 775 1242 ritu
795 1192 926 1242 servando
944 1192 974 1239 in
989 1189 1025 1239 ol·
1042 1177 1046 1185 ’

165 1269 225 1319 44949
246 1270 337 1319 divino
341 1302 1024 1321 ...........................
1058 1265 1108 1314 399·

85 1347 143 1396 534.
161 1346 280 1405 Quaeatio
300 1346 461 1409 expenditur
477 1346 588 1396 relativa
608 1346 643 1396 ad
665 1345 812 1409 Episcopos
832 1345 882 1394 sub
902 1346 1026 1406 respectu

163 1421 233 1486 J‘uris
252 1421 335 1470 divini
340 1457 762 1473 .................
775 1453 777 1460 ·
782 1453 1022 1471 ...........
1058 1419 1107 1466 399

85 1499 143 1547 535.
162 1497 281 1556 Quaestic
297 1498 465 1547 considarata
480 1499 530 1547 sub
543 1500 665 1560 respectu
678 1497 747 1561 juris
762 1496 884 1546 canonici
888 1531 1021 1544 ......
1056 1495 1102 1544 494

85 1573 144 1621 539.
163 1572 303 1630 Quomodo
323 1574 421 1622 Sancta
445 1573 526 1622 Sedes
546 1573 686 1636 provideat
706 1571 884 1622 uniformitati
907 1569 1025 1632 liturgiae

166 1662 214 1711 par
229 1648 334 1698 decreta
347 1652 373 1698 at
388 1648 579 1698 declarationes
592 1649 619 1698 S.
637 1648 862 1712 Congregatiouis
877 1647 997 1696 Rituum.
1015 1681 1022 1693 .
1057 1645 1101 1693 494

87 1723 148 1774 537.
165 1723 365 1773 Declarationes
383 1724 409 1775 S.
425 1725 536 1773 Rituum
553 1723 774 1788 congregationis
793 1723 861 1771 94499
880 1721 1024 1770 consuetu-

168 1798 243 1848 dines
258 1800 285 1849 in
299 1800 411 1850 materia
424 1800 547 1860 liturgica
551 1830 1024 1850 ...................
1058 1795 1104 1844 495

82 1875 144 1924 538.
163 1875 301 1926 Sosonrau.
317 1877 354 1926 De
373 1876 450 1926 libris
470 1876 600 1940 liturgicis
618 1875 709 1926 Galliae
731 1873 845 1924 decursu
860 1872 950 1922 saeculi
964 1885 1027 1921 rrru

169 1948 296 1999 coniectis
299 1981 1024 2001 ............................
1059 1947 1105 1996 495

135 2093 191 2128 4444.
210 2093 246 2128 lll.
264 2105 295 2117 ··
313 2093 470 2137 Quns‘nouns
486 2093 613 2130 PRAGTICAE
631 2085 900 2130 clncl'uncttluluunn
915 2091 945 2126 ΕΤ
962 2089 1058 2126 cturuu

502 2170 594 2206 orricii
612 2169 699 2205 DlVllll.

87 2274 145 2322 539.
164 2271 235 2332 *Qui
248 2276 389 2321 teneantur
403 2275 512 2321 recitare
526 2271 648 2323 divinum
663 2271 781 2320 cilicium
785 2304 1023 2320 ..........
1058 2269 1103 2318 499

90 2351 148 2398 549.
165 2348 327 2406 *Quomodo
343 2361 399 2398 suae
418 2347 577 2412 obligationi
592 2349 743 2397 satisfacere
761 2346 877 2396 debcant
889 2360 895 2394 :
909 2348 1026 2409 tempus,

169 2422 235 2472 ordo
251 2421 408 2484 serrandus,
425 2423 540 2473 intentio
555 2427 581 2472 at
600 2424 712 2472 attentio
732 2417 862 2485 re'quisita
864 2453 1025 2470 .......
1059 2423 1106 2470 499

84 2503 144 2548 544.
163 2499 305 2557 'Quonam
320 2499 453 2548 breviario
468 2499 508 2548 uti
524 2502 678 2549 teneantur.
704 2532 1024 2548 .............
1058 2500 1105 2546 445

85 2576 145 2626 542.
162 2575 285 2634 *Quibus
299 2575 386 2640 poenis
404 2575 514 2625 obnoxii
532 2577 587 2625 sint
602 2575 691 2624 clerici
709 2587 765 2624 non
784 2573 927 2623 recitantes
945 2574 1026 2622 horas

167 2652 308 2700 canonicos
312 2685 1024 2700 ............................
1059 2651 1104 2700 447

85 2728 145 2777 543.
163 2727 248 2785 'Quae
268 2741 355 2776 causae
375 2727 493 2776 eximant
514 2727 641 2777 clericum
663 2727 696 2776 ab
716 2727 880 2792 obligatione
899 2726 1029 2775 recitandi

170 2801 292 2852 divinum
307 2803 424 2852 officium
428 2837 1025 2864 ........................
1058 2803 1103 2851 448

83 2880 145 2928 544.
164 2878 233 2937 Quid
245 2879 306 2943 jure
321 2881 507 2943 proscriptum
517 2880 552 2929 sit
566 2879 598 2928 dc
614 2883 694 2930 cantu
705 2879 788 2930 divini
799 2879 878 2930 officii
893 2880 921 2928 in
932 2880 1025 2928 choro.
1059 2881 1105 2929 449

84 2957 145 3005 545.
164 2953 259 3004 Modus
272 2956 384 3004 canendi
399 2956 433 3005 ad
447 2955 635 3019 praescriptum
647 2955 823 3005 traditIonum
837 2955 1026 3005 ecclesiastica-

169 3043 227 3080 rum
231 3065 1024 3083 ...............................
1059 3033 1102 3081 itt

86 3107 147 3156 546.
165 3106 234 3156 Usus
246 3105 487 3158 instrumentorum
499 3108 546 3171 qui
555 3107 646 3157 c'antui
657 3107 741 3172 divini
752 3107 833 3156 oflicii
843 3107 938 3157 sociari
946 3108 1023 3158 solet.
1059 3110 1105 3160 443

503 3251 615 3302 suerro
645 3219 691 3302 111ss

396 3369 439 3410 DE
461 3369 559 3411 LOCIS
580 3370 646 3411 Ι)Εο
667 3369 799 3412 SACRIS.

276 3489 330 3526 AR'l'.
349 3493 370 3527 4,
385 3505 416 3514 -
432 3491 464 3526 ΒΕ
481 3491 605 3528 occlusus
622 3491 652 3526 itt·
669 3489 783 3528 siculus
800 3489 924 3527 Parvum.-
981 3507 984 3512 ·

181 3583 193 3638 5
211 3585 233 3632 l.
252 3608 282 3617 —
298 3582 336 3630 De
353 3583 478 3632 erectione
493 3582 668 3632 1499494494949
684 3585 709 3632 et
726 3582 758 3634 de
773 3581 874 3632 sacellis
890 3580 1011 3644 94499449.

86 3699 149 3749 547.
165 3698 313 3750 Discrimen
327 3701 397 3750 inter
409 3700 540 3752 Ecclesias
555 3703 581 3750 ct
597 3699 712 3751 oratoria
728 3701 833 3764 privata
835 3735 1024 3752 ........
1060 3701 1109 3752 449
