2568 4272
196 222 249 276 3l8
291 291 293 296 ,
537 225 611 274 Pili}
631 225 665 275 11.
686 225 874 275 nicotiana.

195 365 269 411 nam
298 344 482 425 requisitam
508 344 536 416 ¹;
563 343 648 424 quod
674 348 780 406 tamen
807 361 873 403 non
898 343 1041 422 expedit,
1066 343 1128 403 nisi
1151 344 1209 404 sint

195 445 334 508 rationes
355 462 467 524 graves
481 441 670 523 conjiciendi
688 443 885 522 superiorem
899 443 934 504 in
947 461 984 506 eo
998 429 1208 521 fuisse'uegli-

197 549 334 627 gentem.

148 701 150 706 s
257 642 426 722 Regulares
446 641 585 722 plurium
600 641 748 704 ordinum
767 641 899 715 hahent,
917 640 972 704 alii
985 659 1143 721 expresse,
1161 641 1212 702 alii

195 743 350 825 perviam
365 741 659 804 communicationis
677 740 927 821 privilegiorum,
945 741 1134 802 facultatem
1148 759 1212 800 sus-

196 841 336 922 cipiendi
349 842 476 904 ordines
490 851 579 902 entra
594 849 729 922 tempora
745 841 770 902 ².

255 940 336 1004 Nota
352 941 495 1002 l⁰.-Ex
507 939 943 1022 decretoS.Gongregationis
954 938 1000 1020 (n0
1015 939 1076 1000 tae
1086 958 1119 1018 p.
1130 938 1212 1018 260),

196 1041 373 1120 superiores
386 1038 558 1116 Regulares
573 1056 637 1099 nou
652 1041 786 1118 possunt
797 1037 873 1100 dare
885 1038 1006 1098 litteras
1019 1037 1214 1098 dimissorias

196 1139 260 1200 suis
275 1137 419 1211 subditis,
441 1137 502 1198 nisi
523 1155 581 1216 pre
605 1136 710 1216 prima
728 1142 861 1199 tonsura
881 1141 913 1197 et
926 1135 1092 1196 ordinibus
1111 1135 1213 1196 mino-

196 1238 294 1312 ribus,
311 1236 421 1310 donec,
447 1235 584 1318 triennio
603 1235 731 1315 expleto
757 1255 776 1297 a
796 1235 900 1316 prima
915 1235 1125 1314 professione,
1144 1240 1216 1296 vota

198 1335 353 1397 solemnia
366 1335 536 1396 emiserint.

255 1433 388 1496 Notae.
398 1435 490 1496 -Ex
503 1434 607 1495 Const.
616 1433 799 1516 Apostolicae
805 1430 903 1510 Seue,
911 1434 1215 1513 suspensioncmper

196 1532 524 1595 aunumacollatione
535 1532 682 1594 ordinum
692 1532 854 1611 ipsofacto
863 1532 997 1594 incurrit
1007 1533 1073 1611 qui,
1083 1537 1215 1611 excepto

197 1632 271 1694 casu
286 1631 419 1710 legitimi
433 1631 603 1711 privilegii,
616 1631 759 1693 ordinem
773 1645 899 1692 sacrum
911 1631 1084 1692 contulerit
1097 1631 1215 1710 absque

194 1730 287 1794 titulo
302 1729 459 1805 beneficii,
474 1730 525 1792 vel
539 1730 733 1811 patrimonii,
751 1729 866 1792 elorico
879 1729 912 1792 iu
923 1730 1031 1810 aliqua
1044 1749 1216 1811 congrega·

195 1831 285 1892 tione
300 1829 425 1902 viventi,
441 1828 474 1890 in
490 1847 553 1910 qua
568 1829 717 1890 solemnis
732 1828 886 1910 professio
901 1847 966 1890 non
981 1829 1153 1907 emittitur,
1168 1829 1215 1892 vel

196 1928 292 1989 etiam
307 1927 455 2006 religioso
470 1928 613 1990 nondum
629 1929 784 2008 professo.

174 2095 178 2097 ,
256 2025 337 2087 Nota
346 2026 391 2087 3⁰.
404 2061 443 2071 —
457 2025 515 2096 Qui
527 2025 693 2086 initiantur
709 2026 806 2090 sacris
824 2026 1023 2088 ordinibusin
1038 2043 1215 2105 congrega-

196 2125 280 2187 tione
301 2124 453 2205 regulari,
469 2125 500 2185 vi
512 2125 718 2186 indultorum
733 2124 981 2204 apostolicorum
1002 2143 1074 2186 cum
1092 2125 1215 2192 ‚litteris

196 2223 245 2284 sui
263 2223 446 2304 superioris,
467 2224 495 2284 si
518 2223 798 2302 congregationem
829 2241 1030 2302 quacumque
1059 2241 1100 2285 ex
1122 2242 1215 2286 cansa

197 2323 346 2403 deinceps
368 2323 569 2402 relinquant,
598 2321 687 2382 adire
707 2321 825 2384 debent
847 2321 1040 2402 Episcopum
1067 2323 1125 2403 qui
1147 2322 1214 2384 illos

196 2423 355 2502 suscipere
364 2421 450 2483 velit.

257 2521 438 2600 Regulares,
455 2520 584 2595 scilicet,
599 2539 664 2582 non
679 2521 824 2582 obtinent
839 2520 1110 2601 dispensationem
1123 2539 1216 2601 super

221 2749 223 2754 .
243 2711 265 2759 l.
278 2708 417 2772 Regularis
428 2710 462 2759 ab
473 2710 605 2774 Episcopo
620 2708 773 2760 dioecesano
787 2709 816 2760 in
841 2709 962 2762 examine
979 2709 1150 2772 reprobatus,
1165 2722 1215 2760 nou

197 2788 285 2850 potest
302 2798 318 2834 a
332 2786 387 2834 suis
399 2786 583 2848 superioribus
598 2785 669 2836 mitti
684 2785 717 2835 ad
734 2785 817 2836 alium
831 2787 995 2850 Episcopum
1009 2801 1057 2850 pro
1074 2787 1214 2844 ordinibus

196 2860 382 2924 suscipiendis,
400 2861 447 2910 sed
465 2872 601 2912 recurrere
619 2864 717 2926 potest,
734 2861 778 2911 via
798 2861 995 2926 appellationis,
1011 2861 1044 2911 ad
1063 2862 1213 2925 legitimum

196 2951 369 3002 superiorem.

242 3031 266 3080 2.
287 3027 434 3091 Regularea
453 3028 500 3093 qni
517 3029 688 3095 privilegium
706 3031 810 3082 habent
828 3030 992 3094 suscipiendi
1012 3030 1123 3080 ordines
1144 3033 1214 3081 exne

196 3110 326 3168 tempora,
341 3117 397 3154 non
414 3104 512 3155 idcirco
527 3106 680 3156 existimare
698 3107 796 3161 dehent
810 3108 972 3172 Episcopum
990 3106 1127 3156 voluntati
1146 3107 1213 3170 ipso-

194 3196 256 3232 rum
271 3180 337 3231 adeo
353 3181 573 3244 addictum'esse,
589 3187 620 3232 ut
634 3182 656 3231 si
671 3182 814 3247 aliquande
830 3183 895 3246 ipsis
914 3183 1044 3246 placuerit
1058 3183 1092 3232 ad
1109 3184 1212 3233 ordines

195 3257 358 3324 promoveri,
371 3260 398 3306 et
409 3258 465 3307 voti
477 3261 615 3322 compotes
630 3257 693 3308 iacti
707 3271 762 3307 non
774 3257 873 3308 fuerint
887 3259 946 3323 ipso
964 3259 1006 3309 die
1022 3260 1054 3310 ab
1067 3259 1135 3322 ipsis
1149 3258 1212 3309 desi-

195 3337 286 3397 gnato,
294 3333 352 3398 J'am
362 3333 415 3382 dici
428 3333 512 3396 possit
523 3331 720 3382 ordinationem
733 3332 766 3381 ab
776 3333 908 3396 Episcopo
922 3347 979 3384 non
993 3335 1098 3396 haberi,
1110 3339 1137 3385 et
1151 3347 1211 3384 con-

196 3414 341 3473 sequenter
360 3409 418 3459 dari
434 3408 488 3460 illis
507 3408 662 3460 fecultetem
681 3408 800 3460 adeundi
817 3408 901 3460 alium
917 3411 1088 3474 Episcopum.
1105 3410 1212 3462 Privile-

196 3486 269 3548 glum
282 3485 376 3536 dutum
390 3485 493 3536 confert
505 3485 613 3550 quidem
630 3485 784 3536 facultatem
798 3486 962 3550 suscipiendi
975 3489 1093 3552 ordines,
1106 3489 1155 3540 scd
1166 3489 1212 3538 snb

195 3574 227 3612 ea
237 3562 391 3612 conditione
402 3562 474 3626 quod
485 3561 618 3612 ordinario
628 3562 680 3612 loci
696 3566 879 3626 opportunum
889 3563 970 3614 fucrit
980 3565 1101 3614 conicere
1109 3563 1212 3615 ordines

193 3642 269 3689 extre
288 3642 410 3702 tempora
425 3641 562 3689 consueta.
587 3637 625 3688 Cf.
643 3638 831 3688 lusdtuticncm
844 3653 904 3690 xxnr
941 3640 1038 3691 Bened.
1061 3641 1126 3693 XIV.
1151 3643 1211 3692 ltcm

194 3715 286 3766 Consi.
302 3714 418 3777 impositi
428 3713 511 3777 nolu,
524 3714 578 3765 diei
590 3717 620 3766 27
625 3712 692 3764 febr.
702 3716 772 3776 lili,
801 3715 833 3766 de
839 3715 1047 3768 ordinationes
1057 3717 1210 3781 regularium
