2588 4276
242 211 294 266 244
581 219 654 268 PARS
676 219 710 266 11.
732 219 917 268 REGULARES.

241 357 336 417 oopos
351 338 503 414 locorum,
519 343 554 400 ut
568 340 600 401 S.
614 336 772 400 Pontificio
788 337 985 414 auctoritate,
1003 340 1100 416 atquc
1114 337 1224 417 pmden-

239 435 472 498 tiaAntistitum
481 437 535 516 qui
543 436 688 498 Ecclesiis
698 441 848 516 praesunt,
858 436 1085 497 determinetur
1094 441 1224 515 quatenus
1261 475 1262 478 =

239 535 387 614 expediat
401 553 498 596 novas
514 536 624 596 domos
638 535 800 612 religiosas
815 535 886 596 loco
905 539 1049 594 veterum
1064 534 1222 596 instaurari.
1265 609 1266 613 Ἰ

298 633 385 694 Idem
401 633 569 695 dicendum
584 635 610 694 si
622 633 782 711 regulares
795 633 895 694 velint
907 651 1102 694 reassumere
1117 650 1224 694 conven-
1265 703 1266 710 ἵ

237 736 303 791 tum
324 750 417 810 quem
435 736 547 811 sponte
565 732 771 811 reliquerant.
796 733 845 792 Ita
860 731 1058 792 declaratum
1070 731 1163 792 refert
1174 731 1223 793 Mo·
1262 757 1264 764 2

237 829 364 904 nacelli3
396 830 450 908 qui
474 831 604 910 insuper
623 834 723 903 notat,
746 831 779 891 in
801 830 1052 909 reassumptione
1077 834 1225 891 conventus
1262 819 1266 904 s

236 926 386 1002 derelicti,
408 947 472 989 non
490 929 675 992 reviviscere
693 929 767 1008 jura
784 929 995 1009 praecedentia
1017 929 1133 1008 quihus
1152 945 1224 1005 regn·

235 1025 430 1106 lares'hujus
454 1033 627 1090 conventus
653 1032 746 1089 antea
766 1028 979 1107 potiebantur,
1006 1026 1224 1088 nisi'restitntio
1264 1069 1266 1106 p

235 1125 427 1186 concedatur
443 1122 585 1204 plenarie
614 1127 719 1206 quoad
739 1126 855 1187 omnia.
880 1125 1125 1206 (Fornulom‘um
1140 1125 1223 1208 teque,

235 1227 315 1304 part.
331 1225 355 1298 1,
372 1223 420 1285 tit.
436 1243 479 1299 v1,
493 1226 630 1286 formula
644 1243 710 1301 xlx,
726 1223 826 1300 nn13'
845 1223 908 1306 ll.)

290 1417 459 1478 Anuluuuos
480 1433 520 1480 1v.
543 1451 583 1462 -
603 1418 648 1478 DE
669 1396 855 1480 dotflsslouu
875 1433 1017 1480 eluuntur
1038 1433 1069 1478 IN
1092 1433 1183 1482 sunto

646 1529 810 1580 concluse.

293 1671 368 1730 Tres
380 1676 452 1730 sunt
467 1670 641 1749 praesertim
661 1670 851 1749 questiones
868 1665 1026 1732 solvendae
1050 1670 1177 1732 relative
1195 1671 1223 1730 ad

231 1766 452 1828 admissionem
467 1766 608 1828 fidelium
627 1767 659 1827 in
677 1769 760 1827 statu
786 1766 933 1846 religioso
955 1785 962 1828 :
987 1767 1016 1826 1⁸
1032 1767 1164 1840 Quinam
1180 1767 1222 1828 ad·
1263 1767 1264 1772 ’

231 1864 312 1924 mitti
330 1863 479 1940 debeant3
497 1867 528 1924 2³
558 1863 671 1943 quihus
697 1863 824 1942 praeviis
848 1863 1004 1925 exercitiis
1026 1864 1224 1944 spiritualibus

230 1962 271 2022 ad
279 1967 395 2023 statum
403 1962 734 2042 religiosumproxime
745 1962 1011 2042 disponantur33⁸
1019 1981 1159 2044 quonam
1167 1968 1222 2025 actu

230 2078 338 2140 reapse
354 2060 561 2122 admittantur
576 2064 607 2122 et
621 2060 725 2122 ordini
739 2061 887 2140 religioso
901 2066 1104 2142 coaptentur.

374 2245 404 2326 ¹§
421 2242 448 2303 l.
464 2275 503 2287 -
518 2241 563 2304 De
577 2240 769 2303 admittendis
783 2242 813 2302 in
826 2251 908 2304 stetu
925 2240 1077 2322 redipioso.

287 2403 480 2466 Admittendi
498 2409 571 2465 sunt
592 2404 633 2465 ad
647 2407 765 2464 statum
784 2403 966 2482 religiosum
993 2405 1048 2482 qui
1070 2405 1222 2484 prudenter

227 2507 415 2580 reputantur
426 2502 575 2563 divinitus
589 2502 695 2564 vocati
711 2503 751 2564 ad
766 2502 827 2564 hoc
842 2519 941 2580 genus
955 2502 1028 2564 vitae
1045 2503 1218 2584 eligendum,

131 2595 134 2600 ’
226 2603 257 2659 et
272 2600 326 2678 qui
340 2599 466 2660 aliunde
481 2600 573 2661 liberi
585 2605 658 2661 sunt
671 2601 711 2661 ab
723 2601 812 2661 omni
826 2600 1069 2680 impedimento.

286 2699 356 2764 454.
372 2733 413 2742 -
426 2699 452 2758 1⁰
469 2697 574 2760 Utrum
584 2708 613 2760 et
624 2699 947 2780 quotenurnecessario
957 2699 1122 2764 sitvocatio
1133 2699 1220 2762 dr'nieu

227 2796 269 2858 od
280 2805 392 2856 statum
405 2795 598 2878 relr‘pt'osum?

287 2897 311 2958 I.
326 2897 395 2956 Non
406 2896 499 2975 pauci
514 2896 682 2975 scriptores
695 2897 741 2958 ita
760 2897 799 2958 de
810 2897 929 2976 previa
952 2897 1174 2960 deliberatione
1188 2894 1220 2956 nd

144 3065 148 3074 ‚
225 2995 404 3074 eligendum
417 3000 534 3056 statum
546 2995 729 3072 religiosum
745 2995 928 3074 loquuntur,
945 3001 980 3057 ut
990 2997 1156 3058 videantur
1168 2993 1220 3079 ido

225 3113 301 3155 neos
317 3093 421 3155 dicere
445 3093 486 3154 ad
509 3093 594 3155 hunc
620 3099 736 3155 statum
754 3113 863 3156 omnes
884 3093 1154 3156 indiscriminatim
1175 3089 1219 3170 qui

129 3248 131 3252 .
224 3191 457 3271 impedimentis
475 3210 538 3252 non
548 3196 711 3254 tenentur.
733 3193 829 3267 Sicut,
849 3192 1008 3272 inquiunt,
1027 3190 1218 3254 saluberrima

225 3309 274 3351 res
290 3295 336 3352 est
348 3289 539 3351 renuntiatio
555 3291 662 3353 seculi
672 3295 702 3353 et
712 3291 874 3370 religionis
883 3291 1054 3369 ingressus,
1071 3286 1215 3352 itaetoui-

224 3389 311 3462 libet,
327 3388 387 3448 nisi
402 3388 664 3466 impedimentum
681 3389 880 3464 interveniat,
896 3389 1034 3450 maxime
1053 3387 1215 3480 enpediens,

224 3487 299 3565 quia
312 3486 478 3548 consilium
493 3487 607 3548 Christi
621 3487 662 3548 ad
677 3507 785 3549 omnes
800 3494 831 3549 et
845 3489 985 3566 singulos
999 3488 1141 3568 pertinet,
1156 3483 1214 3563 qni·

224 3585 282 3645 bus
294 3583 429 3646 liberum
444 3589 490 3646 θεῖ
505 3585 585 3647 illud
598 3585 757 3665 amplecti.
774 3586 884 3664 Nullus
899 3586 1070 3665 excipitur;
1084 3581 1215 3646 omnihus

225 3681 432 3746 dictumest:
457 3682 515 3757 Qut
529 3693 624 3764 potest
644 3684 877 3766 superemicet,
896 3684 957 3746 hoc
977 3689 1047 3746 est:
1069 3680 1212 3744 Neminem

504 3923 512 3988 i
