2588 4276
156 264 225 311 aar.
247 265 288 310 lv.
311 263 451 313 1111118810
471 265 621 313 1111111111
642 265 672 312 lli
695 265 786 312 ararit
807 263 975 320 autleleso.
1027 257 1080 311 257

58 405 77 438 «
100 385 270 461 postquam
284 381 381 445 sacris
392 381 546 444 adstiterit
559 387 591 442 et
605 379 815 443 Eucharistiae
832 386 1032 443 sacramento
1047 400 1081 442 se

57 503 76 535 «
99 478 252 552 refecerit,
262 477 489 557 jusjurandum
505 480 580 541 dare
592 479 685 540 debet
698 497 794 558 supra
810 480 928 541 Sancta
940 480 1081 558 Evange-

58 600 76 631 1
99 575 151 652 lia,
173 575 254 636 velle
274 594 319 650 se,
336 577 490 638 absolutis
509 577 543 636 in
558 576 727 638 seminario
741 576 866 651 studiis,
891 576 924 636 in
942 577 1079 656 propriae

58 697 76 731 «
99 674 241 734 dioecesis
258 679 290 734 et
304 674 453 754 Episcopi
467 675 632 738 servitium
646 674 838 753 remigrare;
854 674 1080 754 quodquidam

62 791 79 828 1
100 775 204 832 aetum
223 760 257 831 in
274 771 401 832 tabulas
420 773 587 848 referatur,
612 791 632 833 a
651 776 784 846 rectore,
804 791 823 832 a
843 771 1081 844 candidatorio
1119 821 1123 840 .

62 888 78 925 1
99 868 223 930 duobus
238 869 372 930 testibus
385 870 662 932 subscribendum.
674 869 766 931 Solus
779 869 940 949 legitimus
956 874 1083 950 aposto·

58 989 76 1021 «
99 966 180 1027 latus
192 966 382 1028 missionum
397 972 590 1044 exterarum,
605 969 706 1030 donce
719 969 759 1029 ad
770 968 841 1030 illas
851 968 1026 1042 incumbat,
1040 968 1080 1028 ab

60 1087 77 1120 «
99 1064 160 1125 boc
175 1063 305 1126 vinculo
321 1083 393 1126 eum
407 1067 529 1127 solvere
543 1071 648 1145 potest
664 1067 687 1126 ¹.
705 1089 721 1122 »

116 1171 192 1231 llaec
204 1189 277 1231 oum
287 1171 333 1232 ita
348 1171 420 1246 sint,
436 1191 509 1234 curn
521 1171 627 1233 clerici
643 1172 921 1252 dequibusagitur
933 1172 1081 1235 strictiori

59 1267 198 1342 vinculo,
215 1267 307 1330 titulo
323 1286 438 1348 nempe
450 1269 595 1350 justitiae,
609 1270 648 1330 ob
664 1269 796 1331 tacitam
814 1270 928 1330 saltem
943 1287 1080 1330 conven-

60 1364 190 1444 tionem,
202 1370 235 1426 et
245 1365 376 1446 insuper
386 1366 477 1427 titulo
485 1366 658 1444 religionis,
669 1367 695 1426 si
702 1367 915 1428 intercesserit
920 1365 1081 1444 juramen·

62 1467 137 1537 tum,
155 1463 378 1525 devinciuntur
391 1483 455 1524 suae
471 1463 611 1538 dioecesi,
627 1465 777 1544 prudenti
787 1465 918 1527 arbitrio
933 1464 1081 1543 Episcopi

63 1560 178 1621 dimitti
193 1565 321 1640 oportet
334 1567 370 1622 ut
391 1563 576 1622 facultatem
591 1561 791 1642 ingrediendi
803 1562 990 1640 religionem
1003 1581 1079 1623 con·

64 1658 163 1733 cedat,
180 1662 238 1719 aut
255 1661 330 1720 dare
348 1660 478 1734 abnuat,
495 1665 601 1740 prout,
626 1661 721 1721 rebus
744 1661 866 1721 cunctis
887 1660 1026 1736 attentis,
1047 1659 1080 1720 in

66 1756 200 1818 Domino
212 1756 414 1836 judicaverit.

124 1865 196 1924 160.
208 1899 248 1908 -
259 1863 351 1925 Ν111.
370 1864 400 1924 1ο
410 1865 427 1926 J
431 1883 465 1926 us
477 1869 631 1926 assertum
647 1864 770 1926 clericis
782 1863 968 1944 religionem
978 1864 1082 1944 ingre·

69 1960 184 2037 diendi,
201 1962 298 2022 etiam
310 1962 545 2024 contradicente
560 1961 730 2042 Episcopo,
745 1963 883 2023 refertur
895 1962 935 2022 ad
950 1961 1079 2040 religio·

68 2059 335 2134 nemsolemnern;
352 2077 438 2133 narn,
454 2059 481 2120 si
495 2060 536 2120 ad
546 2059 686 2121 litteram
697 2064 866 2139 spectetur,
878 2060 1081 2122 auctoritates

68 2155 163 2219 eitalae
180 2161 324 2218 statuunt
339 2158 539 2219 solummodo
553 2157 591 2218 de
605 2157 748 2236 ingressu
764 2157 949 2219 monasterii
964 2176 1018 2218 seu
1033 2175 1081 2218 re·

65 2253 188 2332 ligionis
207 2255 367 2329 solemnis,
383 2256 416 2316 in
432 2273 633 2335 quocumque
648 2253 759 2316 ordine
778 2254 947 2316 habeatur.
964 2256 1080 2317 Verum

66 2353 94 2413 S.
113 2353 324 2431 congregatio
340 2353 570 2432 Episcoporum
590 2357 621 2412 et
646 2351 852 2430 Regularium
872 2350 959 2412 baud
983 2351 1081 2412 semel

66 2447 247 2522 declaravit,
262 2455 354 2511 aetate
374 2449 562 2524 recentiore,
577 2449 631 2529 jus
653 2449 732 2509 illud
748 2448 874 2510 extendi
895 2449 935 2509 ad
951 2466 1082 2526 congre·

66 2546 206 2622 gationes
221 2547 317 2608 etiam
332 2553 480 2609 votorum
500 2547 702 2626 simplicium,
719 2565 755 2608 oe
769 2545 953 2627 einpedtirtur
964 2545 1080 2607 occatio

66 2641 221 2705 1111111111
230 2644 458 2726 perfectiorem,
471 2649 507 2704 ut
520 2645 636 2706 dicitur
649 2645 681 2704 in
697 2644 890 2706 resolutione
905 2644 981 2705 deta
994 2643 1046 2704 die
1060 2645 1080 2704 3

66 2739 136 2801 maii
149 2761 203 2803 an.
222 2743 311 2814 1839,
325 2742 458 2821 -quod
470 2741 504 2802 in
518 2747 658 2803 mentem
674 2748 802 2803 revocat
814 2741 933 2802 relator
948 2741 1079 2802 alterius

67 2855 176 2917 causae,
206 2839 241 2900 in
261 2840 487 2918 quaestionibus
511 2839 678 2916 similibus,
701 2837 753 2900 an.
782 2841 862 2900 1861
883 2840 908 2900 ².
937 2840 1015 2900 Gurn
1040 2838 1080 2899 ad

67 2935 96 2996 S.
110 2937 205 3015 (long.
225 2938 385 3016 pertineat
398 2956 525 2998 sensum
546 2949 716 3014 canonum,
733 2955 859 2998 summa
877 2936 1078 3009 auctoritate,

65 3031 271 3113 interpretari,
289 3054 328 3096 ex
343 3035 424 3096 datis
443 3035 656 3096 decisionibus
671 3035 822 3096 discimus
837 3034 1032 3114 principium
1045 3033 1080 3093 in

67 3132 235 3193 canonibus
257 3132 393 3194 laudatis
417 3133 555 3213 positum
573 3133 799 3212 applicandum
820 3151 906 3208 esse,
931 3132 972 3193 ob
992 3129 1079 3211 pari-

107 3319 129 3366 1.
146 3316 307 3382 Hujusmodi
321 3318 530 3381 juramentuma
544 3317 651 3369 duobus
663 3317 769 3368 saeclis
786 3315 1078 3380 exigiturabclumnis

66 3389 162 3456 collegii
176 3395 208 3443 de
220 3393 410 3457 Propupunda,·
420 3397 448 3444 et
460 3393 610 3445 Alexander
623 3395 669 3444 Vll
683 3393 759 3443 Brevi
776 3392 841 3442 Cura
855 3393 925 3441 circa
930 3391 1081 3455 juramenti

66 3479 105 3515 an.
119 3469 178 3519 1666
193 3469 331 3533 probibuit
342 3483 376 3520 ne
391 3489 404 3514 «
418 3459 516 3534 quovis
529 3474 653 3533 tempore
674 3469 788 3532 quilibet
804 3468 930 3517 alumnus
944 3470 1031 3532 possit
1045 3466 1079 3516 ad

68 3543 242 3609 «religionem
261 3546 376 3606 admitti,
393 3547 445 3595 nisi
464 3545 498 3595 de
518 3559 645 3608 expressa
661 3544 689 3594 S.
709 3542 848 3593 Pontificis
868 3541 1006 3592 licentia...
1028 3542 1079 3593 sub

68 3621 308 3682 «poenanullitatis
324 3621 499 3686 professionis
515 3635 565 3682 pro
580 3620 651 3685 jure,
666 3620 689 3670 si
706 3620 785 3670 aliter
801 3618 903 3668 luerint
921 3618 1045 3684 ingressi.
1065 3637 1078 3663 o

109 3709 133 3758 2.
142 3709 262 3773 Bizzarri,
278 3709 451 3773 Collectuneu,
462 3723 524 3775 pag.
535 3710 616 3761 11111
626 3722 694 3773 seq„
709 3722 770 3773 pag.
782 3709 839 3760 161.
918 3693 927 3722 *
