2632 4260
285 249 352 296 aar.
373 248 421 295 111.
441 245 654 296 otttoartouas
673 249 877 298 cuuulcouuu.
1055 245 1089 299 65

77 368 158 446 leges
172 385 192 426 a
201 365 266 426 suis
279 364 563 444 praedecessoribus
573 363 674 425 editas
684 365 835 426 adversus
846 366 977 428 clericos
987 385 1087 446 nego-

77 465 203 526 tiatores
225 469 308 524 etse
328 461 462 540 negotiis
485 461 690 524 saecularibus
716 462 941 540 immiscentes,
972 465 1089 527 confir·

75 561 171 623 mavit
185 567 218 622 et
230 559 403 622 innovavit.

132 658 276 721 Clemens
288 659 328 718 lX
337 656 514 738 praesertim
523 657 660 720 intendit
668 659 775 720 Goust.
790 655 971 720 Sollicitudo
981 669 1087 742 posto-

75 755 144 817 ralis
160 757 214 817 die
232 757 270 815 17
284 755 353 833 jan.
374 757 463 830 1669,
480 773 633 835 personas
647 756 877 818 ecclesiasticas
897 762 964 818 tam
986 775 1087 820 saecu-

73 854 151 916 lares
170 872 270 934 quam
285 853 458 932 regulares,
475 871 545 933 quae
562 872 581 914 a
595 855 712 916 Sancta
725 855 816 926 Sede,
836 860 892 915 aut
904 855 945 916 ab
960 855 1086 916 illarum

72 951 286 1031 superioribus
296 952 336 1012 ad
351 951 482 1026 insulas,
496 951 685 1030 provincias,
697 969 796 1029 regna
808 952 970 1013 indiarum
985 953 1087 1015 orien-

71 1049 192 1126 talium,
209 1055 242 1110 et
256 1050 288 1109 in
302 1055 410 1128 partes
423 1050 577 1110 Americae
593 1054 659 1110 tam
674 1050 830 1110 australes
843 1069 940 1129 quam
953 1055 1081 1131 septen·

73 1147 232 1222 trionales,
263 1147 432 1208 mittuntur
463 1146 521 1207 sub
554 1147 682 1208 nomine
716 1147 1007 1223 missionariorum,
1032 1155 1088 1210 aut

72 1243 1086 1324 quolibetaliotitulo.Ipsisinterdixitsubpoenaexcommunica-

72 1343 163 1404 tionis
173 1343 248 1404 lata
260 1343 423 1403 sententiae
435 1349 466 1403 et
477 1342 664 1422 privationis
674 1342 760 1404 vocis
770 1342 881 1404 activa
896 1348 929 1404 et
940 1343 1085 1422 passivae,

72 1459 106 1501 ne
120 1441 312 1502 mercaturis
326 1447 358 1501 et
371 1441 641 1519 negotiationibus
655 1441 860 1513 secularibus,
879 1441 992 1520 quovis
1007 1459 1088 1520 pras

75 1543 170 1614 textu,
187 1539 280 1599 etium
294 1539 393 1615 semel,
417 1557 449 1600 se
469 1540 615 1616 ingerant
636 1540 687 1600 vel
706 1540 917 1600 immisceant.
939 1537 1086 1618 Praecipit

72 1636 197 1716 insuper
209 1642 245 1697 ut
260 1655 380 1697 merces
394 1642 426 1697 et
438 1637 529 1698 lucra
544 1653 753 1715 quaecumque
767 1655 837 1718 quae
850 1655 889 1697 ex
904 1635 1087 1715 hujusmodi

73 1735 257 1796 mercaturis
279 1735 484 1813 provenerint
503 1735 536 1794 in
556 1753 630 1795 usus
651 1752 840 1814 pauperum,
865 1733 1084 1813 hospitalium,

73 1832 364 1910 congregationum,
388 1833 598 1912 applicentur,
620 1851 684 1894 non
707 1832 860 1894 tamenin
883 1831 1086 1893 commodum

72 1930 287 1990 lnstitutorum
299 1948 409 1990 eorum
422 1931 477 2010 qui
491 1930 523 1990 in
538 1931 710 2009 praemissis
726 1931 929 2010 deliquerint.
944 1929 1086 1991 'landem

73 2028 177 2088 statuit
191 2029 353 2088 neminem
369 2045 409 2087 au
420 2028 678 2107 delinquentibus
698 2027 821 2089 absolvi
835 2046 940 2108 posse,
958 2031 1088 2107 praeter·

73 2144 165 2204 quam
177 2125 211 2185 in
227 2126 361 2186 articulo
377 2127 497 2201 mortis,
513 2125 574 2186 nisi
587 2126 683 2186 lucris
698 2125 882 2205 hujusmodi
897 2126 985 2206 prius
995 2117 1086 2186 iesti-

71 2223 152 2284 tutis.
170 2257 211 2270 -
226 2224 259 2285 S.
279 2224 488 2302 Gougregatio
511 2223 729 2303 Inquisitionis
751 2224 900 2296 decrevit,
923 2228 1083 2283 annuente

71 2321 98 2382 S.
122 2321 289 2396 Pontifice,
308 2321 553 2383 Constitutiones
577 2321 697 2384 Urbani
717 2322 833 2390 VIIlet
853 2320 1023 2383 Clementis
1041 2319 1083 2379 lx

71 2418 171 2480 adhuc
203 2420 310 2496 vigere
340 2425 412 2499 post
446 2420 710 2481 constitutionem
738 2417 916 2498 Apostolr'coe
949 2415 1081 2479 Sedc'sa

71 2517 126 2578 Pio
157 2517 199 2578 IX
230 2518 359 2578 editam.
405 2517 699 2579 Excommunicatio
727 2517 847 2578 inllicta
877 2513 1084 2577 missionariis

72 2614 233 2694 dequibus
249 2617 364 2692 agitur,
382 2621 429 2677 est
444 2616 630 2694 simpliciter
643 2620 805 2677 reservata
818 2615 849 2675 S.
867 2612 1025 2687 Pontifici,
1047 2630 1084 2673 eo

71 2715 174 2774 tamen
183 2733 276 2775 sensu
290 2716 375 2792 quod
386 2715 412 2775 si
423 2733 497 2775 reus
507 2714 683 2792 conditioni
695 2713 883 2775 satisfecerit
895 2710 1083 2773 restituendi

71 2809 166 2889 lucra,
182 2831 203 2872 a
216 2813 328 2892 quovis
343 2813 536 2874 confessario
549 2811 671 2873 absolvi
685 2811 785 2891 possit
802 2811 826 2872 ¹.

128 2910 218 2970 Ratio
232 2910 461 2971 interdictionis
476 2909 658 2972 commercii
673 2910 732 2970 luit
741 2909 910 2970 necessitas
920 2906 1086 2969 avertendi

73 3006 196 3068 clericos
217 3027 236 3068 a
252 3008 516 3068 sollicitudinibus
535 3027 642 3068 rerum
663 3007 902 3087 temporalium,
919 3023 989 3085 quae
1010 3021 1083 3065 cum

73 3103 178 3164 ciliciis
191 3105 239 3165 sui
254 3106 489 3167 statusminime
500 3106 726 3179 conciliantur;
740 3105 834 3166 simul
844 3109 876 3166 et
886 3101 1086 3183 praecavendi

72 3219 108 3261 ue
121 3201 324 3282 inquinentur
338 3203 432 3275 vitiis,
447 3203 659 3265 immoderata
674 3202 793 3264 scilicet
805 3201 952 3263 lucrandi
966 3199 1084 3279 cupidi·

73 3301 143 3375 tate,
160 3302 292 3362 avaritia
306 3308 337 3362 et
351 3303 525 3375 fraudibus,
542 3302 658 3381 quibus
672 3300 845 3379 negotiatio
861 3298 1001 3376 exponit.

128 3395 208 3458 Nota
221 3401 252 3457 l⁰
265 3400 441 3460 Prohibitio
453 3405 500 3461 est
514 3400 572 3460 sub
587 3400 693 3477 gravi3
710 3399 797 3477 quod
812 3395 1030 3458 concludimus
1045 3413 1084 3457 cx

119 3561 188 3614 bct.
203 3563 267 3614 Actu
278 3564 382 3615 Sancta
398 3565 483 3627 Sedis,
499 3565 550 3616 vol.
568 3565 623 3624 Vll,
643 3577 670 3627 p.
691 3564 736 3613 317
754 3565 851 3626 etseq.
868 3587 899 3598 -
921 3560 1085 3612 collectanea
1153 3590 1155 3596 ·

74 3635 256 3692 decretorum...
274 3641 302 3691 S.
325 3641 400 3692 Sedis
420 3641 457 3691 ad
475 3656 550 3691 usum
571 3640 752 3706 operariorum
770 3637 909 3690 societatis
931 3638 1083 3690 bissianum

75 3713 111 3764 ud
126 3717 230 3781 ceteros,
244 3731 304 3783 pag.
322 3719 406 3781 ss-se,
420 3719 455 3769 n¹·
474 3719 589 3770 litt-lbi.

912 3815 939 3871 l.
