2588 4276
252 293 319 341 Aur.
340 293 362 340 1.
383 291 473 340 OlllOO
492 289 628 339 ountnuu
648 288 880 338 nautolosonuu.
1022 282 1072 337 193

71 408 187 469 «Nemo
200 412 314 487 potest,
332 406 439 469 aiebat
453 407 485 470 S.
503 404 683 484 Gregorius,
701 410 732 466 et
744 404 963 466 ecclesiasticis
978 403 1072 466 obse·

71 505 170 585 «quiis
196 505 352 567 deservire
380 505 467 566 etin
493 502 681 565 monachica
702 503 813 582 regula
834 503 978 564 ordinate
1001 520 1074 582 per-

69 603 200 664 usistcre
217 621 250 677 »3
274 608 305 664 et
326 603 358 664 S.
384 602 593 681 Hieronymus
615 617 655 661 z«
678 601 851 662 Monachus
871 619 935 662 non
960 599 1075 662 docen-

70 700 141 774 utis,
158 701 215 760 sed
230 698 409 780 plangentis
423 698 521 760 habet
543 696 721 759 cilicium...
739 697 772 759 Si
788 698 875 777 cupis
897 715 963 758 esse
985 695 1072 777 quod

71 797 213 870 idicens,
231 798 416 872 monachus,
435 796 512 876 quid
531 797 608 857 facis
621 796 654 882 in
669 795 843 856 urbibus‘tn
863 795 951 874 (Gap.
965 793 1072 871 Nemo,

66 897 92 968 2,
104 894 275 970 Monachus,
292 899 323 970 l,
338 893 478 976 Sicupia,
495 897 525 968 5,
542 912 627 955 caus.
640 909 701 966 xvi,
714 912 746 973 q.
757 897 793 968 1.)

117 993 288 1054 Ordinibus
300 993 540 1054 monachalibus
555 991 682 1070 regulas
700 991 856 1052 dederunt
871 988 971 1052 sancti
987 989 1074 1050 Basi-

67 1091 127 1163 lius,
143 1091 334 1152 Benedictus
345 1095 377 1152 et
391 1091 508 1152 Bruno.

119 1189 149 1247 l⁰
163 1190 301 1250 Sanctus
315 1188 458 1261 Basilius,
474 1205 567 1268 quem
583 1205 674 1248 suum
690 1185 906 1266 patriarcham
921 1203 1074 1247 veneran-

67 1286 268 1347 tnrmonachi
280 1286 427 1348 Ecclesia
444 1285 622 1361 Orientalis,
637 1284 751 1346 litteris
765 1284 929 1346 insudavit
943 1300 1014 1360 quae
1031 1282 1074 1344 ab

69 1384 204 1460 Antonio,
227 1383 399 1461 Hilariano,
414 1367 601 1458 Pachomio,
619 1383 751 1461 aliisque
770 1383 887 1443 sanctis
905 1379 1072 1442 coenobitis

69 1481 116 1542 sibi
130 1481 248 1542 tradita
262 1482 398 1556 fuerant,
414 1485 470 1542 aut
484 1481 579 1542 etiam
589 1481 686 1542 verbo
696 1485 787 1541 tenus
800 1476 959 1553 audierat3
976 1483 1077 1558 atque

69 1596 100 1638 ex
111 1579 239 1639 illorum
263 1577 483 1640 traditionibus
507 1578 650 1656 regulam
672 1577 818 1650 confecit,
840 1595 925 1638 anno
949 1575 1077 1637 circiter

69 1677 127 1750 360,
143 1693 215 1755 quae
236 1677 333 1739 tacito
352 1678 465 1738 saltem
485 1693 614 1736 assensu
632 1675 861 1756 Episcoporum
883 1674 1071 1754 approbata,

71 1793 203 1837 normam
212 1773 341 1836 vivendi
351 1773 438 1835 dedit
450 1774 597 1835 omnibus
607 1773 907 1853 congregationibus
919 1771 1074 1850 religiosis

70 1872 300 1950 perorientales
321 1871 476 1932 Ecclesiae
489 1870 651 1932 institutis.
673 1871 792 1932 Diffusa
817 1876 864 1932 est
886 1871 981 1931 etiarn
1003 1869 1075 1932 haec

71 1969 166 2046 religio
178 1970 213 2030 in
236 1969 388 2049 quasdam
404 1969 548 2046 regiones
562 1967 750 2044 Occidentis,
769 1968 943 2047 pracsertim
961 1967 994 2028 iu
1012 1967 1075 2028 lta·

71 2065 132 2126 liam
159 2075 191 2128 et
217 2066 414 2147 Hispaniam.
446 2067 614 2143 Gregorius
642 2067 721 2142 Xlll,
746 2067 851 2126 Gonst.
877 2063 1068 2140 Benedictus,

25 2167 27 2244 t
73 2182 141 2226 anno
156 2166 246 2239 1579,
264 2170 296 2226 et
314 2164 458 2225 Clemens
479 2165 560 2238 Vlll,
582 2165 687 2225 Gonst.
712 2161 839 2238 Ouae‘cd
858 2159 1069 2237 restituendos,

71 2279 141 2323 anno
155 2264 248 2333 1592,
270 2267 383 2322 cuncta
399 2262 591 2323 monasteria
606 2259 724 2322 ordinis
745 2261 845 2321 sancti
868 2260 985 2334 Basilii,
1000 2275 1071 2338 quaa

25 2375 26 2382 ¹
71 2358 206 2437 initalia,
224 2359 331 2422 Sicilia
352 2363 383 2420 et
402 2357 553 2439 Hispania
571 2363 676 2421 erecta
697 2363 799 2433 erant,
820 2357 895 2418 etin
910 2361 1075 2436 posterum

71 2456 219 2534 erigenda,
248 2457 306 2518 sub
333 2457 514 2519 obedientia
539 2457 631 2517 unius
663 2455 786 2518 abbatis
816 2455 972 2535 generalis
996 2472 1073 2515 con·

69 2552 242 2631 junxerunt,
254 2554 356 2634 iisque
367 2555 503 2616 formam
517 2553 663 2632 gubernii
676 2553 946 2634 praescripscrunt,
960 2551 1076 2613 uthaec

71 2653 250 2714 monasteria
277 2653 417 2732 pristina
447 2651 593 2733 dignitati
627 2652 828 2733 regularique
863 2647 1076 2712 observantiae

25 2779 26 2782 κ
72 2749 271 2812 restituerent.

120 2849 151 2907 2⁰
167 2849 303 2910 Sanctus
317 2847 505 2910 Benedictus
518 2867 615 2910 unam
634 2867 651 2910 c
663 2846 940 2928 principalioribus
954 2843 1075 2924 regulis

73 2943 156 3009 dedit.
187 2947 289 3010 Vitam
314 2945 511 3009 eremiticam·
527 2947 651 3026 aliquot
672 2947 764 3008 annis
784 2951 903 3024 egerat,
931 2945 1071 3024 quande,

73 3043 160 3104 ancti
172 3043 309 3122 Spiritus
321 3045 460 3124 impulsu
471 3043 629 3118 incitatus,
644 3043 814 3126 discipulos
830 3044 885 3124 qui
898 3043 997 3123 ipsios
1011 3041 1074 3102 dis·

74 3137 184 3218 ciplinae
206 3159 238 3201 se
253 3141 486 3217 commiserant,
501 3141 533 3202 in
553 3161 649 3223 specu
665 3141 859 3217 Sublacensi,
876 3139 1028 3219 exemplis
1042 3141 1073 3198 et

73 3236 182 3313 placitis
196 3244 340 3300 veterum
354 3239 584 3301 monachorum
603 3240 802 3312 informavit;
818 3257 854 3300 ac
870 3236 1079 3318 postmodum

75 3335 220 3398 enascenti
235 3336 489 3414 congregationi,
505 3337 545 3398 ad
560 3337 724 3398 Oassinum
742 3341 883 3397 montem
899 3332 1073 3409 translatae,

75 3434 185 3509 regulas
200 3434 332 3496 tradidit
344 3453 453 3496 versus
476 3454 594 3496 annum
610 3435 680 3498 5⁹20.
698 3435 908 3496 celeberrima
920 3439 992 3512 post
1005 3429 1077 3494 obi·

76 3531 131 3592 tum
147 3533 247 3594 sancti
261 3532 422 3595 Benedicti
439 3539 545 3595 erecta
564 3539 637 3594 sunt
651 3533 843 3596 monasteria
862 3532 892 3592 in
914 3529 1073 3611 plerisque

76 3625 236 3692 Occidentis
258 3629 412 3709 partibus,
435 3631 495 3692 sub
519 3631 708 3692 venerabilis
732 3629 924 3691 Patriarchae
948 3628 1069 3708 regula.

77 3722 164 3790 ditare
188 3727 336 3803 sufficiat,
360 3746 427 3807 prae
451 3729 583 3804 caeteris,
609 3727 837 3790 monasterium
857 3727 1016 3790 Lirinense
1039 3725 1075 3786 in
