2642 4268
207 225 259 280 460
476 231 549 282 etna
569 233 617 282 111.
639 231 954 284 antecantamenta.

208 367 297 410 sacro
318 353 358 410 et
385 347 513 427 speciali
534 349 752 412 benedictione
780 349 908 430 publico
940 347 1039 410 cultui
1065 352 1234 426 perpetuo

208 447 363 519 dicantur,
400 446 451 506 vel
476 446 618 508 fidelium
653 448 809 510 cineribus
838 447 1012 509 condendis
1041 450 1232 506 sacrantur.

208 545 329 606 Cretera
346 545 417 605 loca
433 544 487 623 pia
501 563 571 622 quae
587 545 775 607 auctoritate
795 545 942 606 Ecclesiae
958 548 1065 605 erecta
1079 550 1137 603 aut
1149 543 1234 602 fun-

136 697 138 700 ,
208 641 282 702 data
307 645 389 717 sunt,
413 641 562 710 fruuntur
575 642 670 703 etiam
686 643 858 722 privilegiis
878 641 1100 702 immunitatis.

267 739 345 799 Cum
358 738 444 817 apud
455 739 539 818 ipsos
553 739 695 800 infideles
708 741 783 801 fana
794 739 954 801 idolorum
967 739 1086 799 suerint
1100 737 1234 816 asylum

208 841 349 914 apertum
377 836 450 909 reis,
475 836 634 915 principes
658 838 699 898 ad
727 837 824 898 tidem
852 836 1058 898 christianam
1081 833 1234 896 conversi

207 931 377 994 noluerunt
391 933 530 994 minores
544 935 772 1012 prerogativae
786 933 934 996 Ecclesiis
947 932 1082 994 attribui
1092 951 1100 1006 ;
1111 948 1232 1011 quam·
1305 943 1306 1000 l

209 1031 318 1092 obrem
339 1030 425 1108 leges
443 1031 588 1110 plurimae
609 1049 647 1092 ea
661 1032 700 1092 de
721 1051 755 1092 re
782 1031 908 1094 insertae
928 1030 1053 1092 suntin
1071 1029 1147 1109 jure
1165 1031 1230 1090 Ro·

208 1145 314 1201 mano,
331 1145 350 1188 a
370 1147 432 1208 quo
453 1128 601 1208 deinceps
619 1128 653 1189 in
680 1129 868 1208 capitularia
894 1147 1004 1206 regum
1026 1129 1230 1188 Francorum
1305 1137 1306 1188 l

209 1225 287 1286 etin
301 1225 440 1286 codicem
456 1225 591 1286 aliarum
606 1227 748 1305 gentium
763 1227 965 1288 transierunt.
1305 1227 1306 1300 J

268 1310 414 1384 &eclesia
442 1323 568 1384 donatae
595 1343 659 1384 non
690 1330 764 1384 sunt
786 1323 857 1403 jure
888 1323 969 1403 asyli
1001 1329 1037 1384 ut
1063 1322 1227 1383 debitores
1305 1319 1306 1352 ³

210 1425 458 1482 exonerarentur
479 1420 518 1480 ab
544 1420 737 1501 obligatione
763 1439 821 1482 sua
834 1421 942 1482 debita
966 1419 1125 1498 solvendi,
1151 1425 1224 1481 utve
1305 1433 1306 1436 ’

209 1517 486 1580 scelestihomines
502 1518 651 1597 impuniti
666 1525 839 1593 manerent,
859 1519 913 1580 sed
930 1519 1068 1589 maxime
1081 1523 1120 1578 ut
1133 1522 1226 1597 pate-

201 1619 257 1675 ret
279 1615 436 1694 refugium
459 1615 577 1694 injuste
601 1617 784 1696 persecutia,
811 1621 905 1694 atque
929 1622 964 1676 ut
983 1615 1045 1694 ipsi
1070 1619 1226 1676 nocentes

210 1716 388 1773 tutarentur
410 1731 429 1773 a
450 1713 600 1775 violentia
624 1733 657 1775 se
682 1713 952 1794 prosequentium,
977 1713 1080 1774 donec
1101 1712 1226 1792 judices

210 1827 349 1888 causam,
364 1815 488 1873 servato
503 1812 613 1874 ordine
627 1812 780 1892 legitimo,
798 1812 1007 1873 discuterent?
1017 1811 1140 1872 Eodem
1151 1811 1225 1889 jure

210 1926 350 1988 persaepe
377 1909 426 1970 usi
447 1915 520 1970 sunt
544 1910 648 1972 elerici
670 1910 711 1972 ad
731 1909 965 1988 implorandam
989 1909 1222 1986 indulgentiam

207 2005 361 2084 judicum,
382 2011 413 2067 et
431 2007 670 2087 temperandam
685 2009 885 2068 severitatem
899 1995 1077 2086 pomarum.
1101 2029 1116 2062 ιι
1136 2007 1220 2068 Dans

213 2127 229 2158 «
255 2103 408 2164 l’ensance
431 2104 470 2164 de
493 2105 525 2164 la
547 2105 672 2181 sociate,
699 2105 743 2166 ait
767 2109 877 2165 auctor
899 2105 1002 2183 operis
1025 2101 1162 2164 Ponuoir
1181 2102 1221 2163 dn

213 2225 229 2254 «
249 2199 333 2280 Pope
346 2217 386 2261 an
403 2208 507 2282 moyen
521 2201 586 2282 cipe,
606 2208 639 2264 et
652 2203 890 2280 generalement
901 2202 976 2264 chez
991 2207 1063 2262 tous
1077 2201 1126 2262 les
1140 2219 1221 2281 peu·

211 2320 227 2352 ιι
251 2298 319 2376 ples
337 2316 399 2378 peu
419 2305 552 2361 avanets
578 2301 657 2362 dans
680 2300 712 2361 la
736 2300 936 2374 civilisation,
958 2300 1026 2360 rien
1048 2300 1133 2360 n’est
1152 2298 1224 2378 plus

213 2420 228 2450 ιι
248 2400 446 2475 avantageux
461 2399 565 2476 que'le
580 2398 664 2460 droit
676 2398 783 2460 d’asile
798 2417 879 2478 pour
892 2398 1039 2477 supplter
1055 2415 1097 2458 au
1113 2398 1222 2458 detaut
1305 2401 1306 2412 ¹

215 2517 230 2546 «
249 2493 307 2554 des
321 2493 380 2555 lois
399 2500 431 2555 et
449 2495 491 2554 du
508 2501 767 2572 gouvernement,
789 2514 871 2574 pour
887 2497 1010 2556 arreter
1029 2494 1061 2554 la
1080 2495 1224 2556 violence

217 2612 231 2648 ιι
256 2591 311 2652 des
336 2592 533 2670 particuliers
559 2593 614 2672 qui
640 2591 839 2671 s'imaginsnt
860 2591 948 2653 avoir
969 2592 999 2652 le
1021 2592 1107 2654 droit
1128 2592 1169 2653 de
1192 2610 1225 2652 se

213 2711 228 2744 «
245 2688 323 2750 taire
339 2689 453 2768 justice
474 2710 533 2770 par
555 2694 767 2762 eux-memes,
793 2690 889 2765 enfin,
913 2708 996 2770 pour
1018 2683 1170 2769 prevenir
1194 2696 1226 2752 et

216 2807 231 2843 ιι
244 2786 390 2850 mederer
402 2787 447 2848 les
458 2789 611 2868 premiers
625 2792 842 2850 mouvements
856 2787 949 2848 d'une
962 2805 1147 2864 vengeance
1160 2806 1226 2848 suu·

212 2906 230 2938 «
251 2889 326 2944 vent
349 2885 464 2963 injuste
486 2893 517 2947 et
540 2885 683 2964 toujours
709 2886 913 2964 dangereuse.
940 2909 955 2941 n
985 2883 1222 2965 (Introduction,
1305 2885 1306 2968 J

212 2994 279 3050 (ιιι0
294 2980 358 3062 97.)
717 2981 720 2986 ’

271 3081 345 3141 Haec
369 3079 596 3160 sapientissime
620 3077 783 3161 prospexit
805 3080 945 3142 Ecclesia
972 3099 979 3142 :
1005 3081 1095 3141 illam
1118 3085 1225 3142 tamen
1305 3129 1306 3132 ,

211 3176 305 3237 simm
338 3179 472 3256 urgebat
503 3178 583 3240 ratio
619 3178 847 3258 praestantioris
881 3177 1012 3253 ordinis,
1043 3178 1226 3239 reverentia

211 3293 325 3353 nempe
347 3277 413 3336 Deo
438 3276 544 3336 debita
568 3276 608 3338 ad
635 3294 729 3355 quem
756 3295 828 3338 rens
855 3276 1051 3352 confugerat.
1077 3276 1158 3336 Eam
1185 3275 1224 3336 ob

212 3391 340 3433 causam
355 3380 571 3453 opportunum
592 3373 683 3436 duxit
704 3391 793 3434 reum
809 3373 1043 3450 confugientem
1059 3373 1221 3451 recipere;

213 3475 318 3531 vetare
335 3490 389 3556 ne,
406 3472 557 3551 quamdiu
572 3471 605 3547 in
626 3472 696 3532 loco
712 3472 792 3550 asyli
807 3455 1067 3544 commoraretur,
1089 3468 1224 3531 vinculis

212 3567 375 3646 ligaretur,
396 3588 435 3630 ne
456 3569 573 3630 invitus
593 3568 705 3630 exinde
724 3568 918 3643 traheretur;
939 3568 1076 3629 tandem·
1084 3564 1225 3628 Ecclesia
1305 3583 1306 3634 ;

210 3666 382 3744 postulavit
396 3672 442 3744 ut,
458 3666 484 3726 si
495 3664 686 3744 judicandus
700 3666 791 3741 soret,
812 3665 1016 3744 magistratus
1031 3664 1061 3724 ei
1075 3664 1221 3726 remitte·
