2642 4270
210 221 276 268 hur.
299 220 346 267 111.
368 219 603 268 lolllmsrnlrlo
623 221 767 269 Bonouou
788 222 945 270 nodesola.
1034 217 1085 272 595

74 358 90 396 u
102 355 295 399 communes.
312 359 326 394 u
347 338 387 398 Ut
399 357 473 398 vero
488 339 612 398 fruatur
623 338 779 398 beneficio
790 338 868 416 legis
881 340 987 418 quoad
1001 359 1091 420 repa-

71 437 210 510 rationes
225 436 370 514 majores,
384 455 509 496 necesse
526 442 573 495 est
587 441 620 496 ut
633 436 712 496 fiant
726 436 846 514 praevia
859 438 1087 516 approbatione

72 553 110 594 ao
127 533 216 610 jussu
239 534 433 594 auctoritatis
453 533 623 608 saecularis,
639 534 770 594 servatis
791 535 910 612 regulis
931 535 1086 614 praeiixis;

71 631 213 710 alioquin
232 632 404 708 Perochus,
421 633 476 712 qui
491 636 603 711 sponte
619 651 676 692 sua
692 631 938 693 instaurationes
953 633 1085 713 presby-

70 728 143 788 terii
156 729 285 809 exsequi
297 729 507 804 mandaverit,
521 728 646 790 nullum
656 747 820 790 recursum
833 729 967 790 haberet
975 731 1007 791 in
1018 749 1088 790 mu·

71 825 234 904 nioipium.
582 906 584 910 Ι

134 925 186 986 ΙΙΙ.
217 923 321 986 Titulo
345 925 519 1004 parochiali
543 929 675 986 vacante
702 925 791 986 obitu
812 925 960 999 Parochi,
988 925 1089 1006 judea

69 1021 156 1101 poris
169 1027 304 1096 tenetur,
322 1042 361 1084 ex
375 1023 490 1096 officio,
506 1022 614 1083 omnia
630 1023 715 1083 bona
726 1023 811 1084 tituli
827 1023 1025 1100 consignare.
1039 1023 1089 1084 Si-

71 1119 150 1196 gilla
164 1120 292 1198 publica
307 1121 491 1181 auferuntur
503 1121 653 1200 deinceps
669 1121 709 1181 ad
722 1122 970 1200 postulationem
985 1119 1088 1183 haere·

70 1217 159 1293 dum,
176 1224 331 1296 praesente
346 1217 543 1279 thesaurario
555 1219 702 1294 fabricae3
720 1219 770 1280 vel
786 1219 826 1280 ad
841 1219 1089 1298 postulationem

69 1314 170 1394 ipsius
195 1315 395 1390 thesaurarii,
412 1316 531 1376 vocatis
548 1315 729 1376 haeredibus
755 1317 891 1377 titularis
914 1317 1088 1380 defuncti¹.

72 1405 212 1473 Sublatis
232 1413 353 1492 sigillis,
372 1413 407 1473 fit
427 1413 566 1474 recensio
591 1414 757 1475 titulorum
779 1419 810 1477 et
836 1415 1089 1494 mobilium-qua

70 1510 232 1588 pertinent
245 1511 285 1571 ad
299 1511 532 1589 presbyterium
547 1517 578 1571 et
592 1517 691 1572 status
707 1512 838 1586 aedium3
855 1513 881 1572 si
896 1512 1017 1592 aliquid
1038 1513 1091 1592 pe-

70 1606 170 1682 rierit,
188 1614 243 1668 aut
262 1609 490 1669 deterioratum
511 1609 551 1668 sit
570 1609 765 1686 negligentia
785 1610 922 1670 titularis
938 1610 1088 1683 defuncti,

68 1704 287 1766 thesaurarius
302 1725 395 1784 agere
409 1706 502 1766 debet
517 1711 628 1767 contra
643 1708 785 1768 haeredes
798 1712 834 1766 ut
849 1712 961 1767 curent
975 1711 1090 1768 cuncta

66 1803 254 1879 instaurari;
282 1804 368 1884 quod
382 1804 536 1882 expressis
551 1803 655 1864 verbis
679 1804 731 1864 lex
747 1803 846 1864 civilis
862 1804 972 1864 statuit
990 1821 996 1865 :
1018 1830 1032 1860 α
1046 1807 1090 1865 Le

73 1925 89 1956 «
103 1902 250 1962 tresorier
273 1903 311 1962 de
336 1901 368 1962 la
385 1902 533 1980 fabrique
551 1901 740 1978 poursuivra
763 1902 807 1962 les
830 1901 990 1976 hernicis,
1009 1920 1090 1981 pour
1195 1903 1196 1907 ’

73 2023 90 2054 «
104 1999 195 2079 qu’ils
208 2005 341 2060 mettcnt
355 2001 399 2060 les
414 2000 502 2060 biens
516 1999 554 2058 de
571 1999 602 2058 la
617 2018 691 2060 cure
708 2001 786 2060 dans
802 2000 889 2061 l'etat
908 2000 946 2060 de
961 2006 1091 2079 repara·

76 2090 171 2158 u'tion
181 2102 220 2157 oh
233 2098 271 2157 ils
285 2099 412 2159 doivent
420 2097 465 2158 les
475 2097 600 2158 rendre.
609 2142 628 2156 ..
642 2099 725 2157 Dans
740 2098 770 2158 le
782 2117 834 2158 cas
849 2102 889 2158 ou
900 2099 928 2158 le
941 2097 1090 2158 tresorier

75 2219 92 2249 «
110 2213 187 2254 aura
206 2195 331 2274 neglige
351 2197 512 2256 d’exercer
530 2213 582 2256 ces
601 2195 791 2274 poursuites,
810 2195 989 2274 al'epoque
1005 2199 1046 2255 ou
1061 2195 1090 2255 le

74 2315 92 2348 «
107 2310 253 2352 nonveau
270 2293 405 2354 titulaire
419 2297 544 2353 entrare
558 2312 596 2353 en
607 2293 775 2368 fonctions,
792 2293 922 2353 celui-ci
932 2311 1002 2352 scra
1013 2297 1090 2353 tenu

75 2412 93 2446 u
108 2388 209 2466 d'agir
231 2389 391 2450 lui-meme
416 2396 525 2450 contre
549 2390 594 2450 les
617 2389 772 2462 heritiers‚
800 2409 841 2450 ou
866 2391 904 2450 de
928 2391 1006 2450 faire
1027 2408 1090 2450 une

75 2512 92 2542 «
107 2488 296 2548 sommation
314 2506 355 2548 au
374 2488 523 2548 tre'sorier
537 2488 576 2548 de
591 2487 623 2548 la
642 2487 788 2565 fabrique
804 2487 841 2546 de
857 2485 993 2566 ‘remplir
1007 2490 1026 2546 a
1041 2493 1092 2548 cet

73 2607 91 2640 a
105 2585 202 2662 egard
217 2603 266 2645 ses
279 2585 479 2664 obligations.
495 2608 509 2643 u
529 2587 634 2645 Novus
649 2585 786 2645 titularis
802 2585 857 2664 qui
871 2586 939 2646 haec
955 2589 1089 2664 praeter·

72 2681 180 2758 mittit,
197 2682 229 2742 in
243 2682 410 2744 discrimen
423 2683 511 2743 venit
525 2682 682 2742 subeundi
698 2701 795 2742 onera
812 2701 884 2762 quae
896 2681 1090 2774 praecedenti

72 2779 204 2854 titulari,
219 2780 270 2841 vel
283 2780 411 2851 fabrica
424 2781 624 2840 incumbunt.

133 2878 284 2938 Redditus
298 2879 454 2939 bonorum
467 2877 551 2939 tituli
569 2878 773 2957 parochialis,
791 2896 861 2957 quae
877 2885 1020 2957 tempore
1033 2896 1089 2938 ra-

72 2975 206 3036 cationis
226 2977 407 3050 obveniunt,
419 2976 638 3055 percipiuntur
652 2996 672 3037 a
686 2977 1041 3051 thesaurario'fabricae‚
1059 2982 1090 3036 et
1126 2974 1132 2990 ‘

72 3071 106 3132 in
121 3091 195 3134 arca
211 3079 408 3153 reponuntur
424 3079 460 3135 ut
477 3074 651 3134 inserviant
666 3075 864 3152 gravioribus
879 3074 1088 3156 reparationi·

74 3169 134 3230 bus
149 3170 260 3231 domus
275 3171 512 3253 presbyteralis.

134 3270 184 3330 IV.
203 3270 333 3341 Quando
350 3289 451 3331 novus
471 3269 605 3331 titularis
625 3272 856 3350 possessionem
878 3271 927 3332 sui
944 3270 1090 3332 beneficii

122 3449 143 3495 l.
158 3446 185 3496 st
196 3445 221 3496 la
232 3461 344 3496 vacance
356 3447 465 3497 arrirait
479 3459 529 3509 par
546 3447 679 3498 mutation
697 3463 731 3498 ou
747 3463 795 3512 par
809 3453 885 3499 autre
906 3461 994 3508 oense,
1008 3447 1027 3496 il
1042 3447 1086 3510 n’y

73 3521 161 3572 sursit
172 3523 226 3571 lieu
238 3523 267 3571 ni
282 3523 401 3572 ascellis
414 3523 443 3572 ni
458 3523 473 3572 a
488 3523 646 3572 inventaire.
662 3525 702 3572 En
718 3537 747 3574 ce
764 3539 815 3584 cas,
832 3524 856 3574 le
871 3525 999 3574 trasorier
1014 3524 1046 3573 do
1063 3522 1090 3571 la

71 3598 232 3662 fabriquese
242 3599 379 3649 bornerait
401 3599 416 3647 t
436 3598 543 3648 dresser
555 3611 594 3646 un
605 3599 768 3648 recolement
784 3613 830 3649 sur
847 3599 871 3648 le
891 3599 1036 3662 precedent
1048 3598 1090 3648 in·

70 3675 200 3736 ventaire,
216 3675 496 3724 contradictoirement
507 3686 573 3722 avec
587 3673 612 3722 lo
626 3675 688 3723 cure
707 3677 766 3738 (ort.
782 3677 812 3724 20
833 3674 934 3725 decreti
949 3689 994 3725 sn.
1007 3674 1087 3736 1813).
