2568 4272
243 197 295 250 312
576 199 653 246 elus
673 199 707 247 ΙΙ.
730 199 916 248 aesomnes.

239 319 364 380 larium.
388 315 652 382 communissima
674 321 721 377 est
747 317 832 396 apud
855 315 1021 394 theologos
1040 321 1076 376 et
1102 333 1249 376 canonum

189 440 192 447 ¹
238 418 426 498 interpretes
446 415 600 490 doctrina,
619 414 772 476 moniales
792 433 900 476 carere
920 413 1150 495 jurisdictione
1171 415 1249 494 spiri-

240 515 328 578 tuali.
347 514 434 596 (Gap.
452 513 550 588 Nova,
567 515 615 588 10,
631 531 669 574 un
682 516 801 576 Prnmr.
819 531 857 574 nr
871 511 1008 594 Rumss.)
1025 513 1185 574 Pluribus
1198 514 1260 600 qui-3

240 615 312 676 dem
325 611 493 676 abbatissis
512 612 713 674 commissum
729 617 776 674 est
796 611 979 674 exercitium
1002 611 1175 691 quoddam
1186 611 1252 689 juris

139 717 140 720 ’
240 731 313 774 oum
335 712 368 772 in
391 710 555 785 moniales,
578 716 646 771 tum
670 711 766 771 etiam
788 709 822 770 in
844 709 974 771 clericos
998 709 1059 770 sibi
1089 708 1251 786 subjectos,

241 810 326 889 quod
340 828 404 871 non
425 807 560 869 multum
582 807 706 870 differre
727 806 852 869 videtur
873 807 987 869 abillo
1007 826 1074 888 quo
1097 805 1252 886 potiuntur

241 907 419 987 superiores
433 905 646 986 regularium3
663 925 701 967 eo
717 905 801 967 enim
820 924 920 986 usque
936 905 1148 986 progreditur
1162 911 1197 964 ut
1209 924 1252 964 va·

241 1006 328 1067 leant
342 1005 465 1068 clericis
479 1005 623 1068 conferre
638 1004 803 1081 beneficia,
821 1011 852 1066 et
866 1003 938 1066 illos
958 1005 1162 1084 suspendere
1177 1023 1250 1066 asuo

241 1104 356 1166 officio.
380 1103 469 1184 (Gap.
493 1103 623 1180 Dilecta,
641 1104 690 1176 lt,
712 1121 751 1164 nn
772 1105 969 1166 blnsorurnrn
986 1121 1024 1165 nr
1045 1101 1164 1181 Oeno.)
1184 1104 1260 1192 lnterp

242 1203 305 1264 alie
314 1202 482 1264 citabimus
492 1201 658 1282 privilegia
668 1201 837 1264 abbatisse
851 1202 1034 1264 monasterii
1045 1193 1260 1288 cisterciensis}

242 1301 282 1362 de
293 1301 340 1362 las
350 1301 489 1379 Huelgas
498 1298 530 1360 in
542 1299 694 1378 Hispania
705 1318 804 1378 prope
815 1300 926 1360 urbem
939 1302 1073 1380 Burgus,
1088 1319 1165 1380 quae
1178 1307 1260 1370 suen}

242 1399 462 1461 auctoritatem
487 1396 629 1458 extendit
645 1396 677 1456 in
699 1396 891 1458 territorium
913 1397 1026 1458 nullius
1050 1396 1208 1470 dioecesis,
1225 1397 1248 1455 in

242 1497 335 1578 plura
357 1495 549 1582 monasteria
572 1499 603 1556 et
623 1493 764 1568 villulas3
792 1495 846 1556 ubi
869 1514 1081 1576 quacumque
1113 1483 1260 1578 prestare}

210 1647 211 1650 ,
243 1591 676 1674 patestabbasjurisdictione
690 1593 967 1675 quasi-episcopali
976 1594 1136 1673 gaudens,
1151 1579 1260 1672 praeteri

243 1692 425 1752 facultatem
441 1697 568 1753 actuum
582 1691 638 1770 qui
652 1691 795 1754 ordinem
811 1692 985 1771 requirunt,
1003 1691 1076 1771 ipsa
1086 1691 1176 1764 facit,
1191 1671 1260 1754 cuni

244 1809 280 1852 eo
303 1793 411 1850 tamen
433 1789 612 1850 discrimine
627 1793 673 1862 ut,
691 1790 819 1870 quando
841 1789 947 1868 agitur
967 1790 1007 1850 de
1029 1787 1245 1851 committendo

243 1885 435 1967 presbyteris
448 1904 578 1947 munere
596 1887 789 1962 confessarii,
805 1887 855 1949 vel
870 1887 910 1948 de
925 1887 1072 1974 examine
1086 1905 1148 1967 pro
1161 1873 1260 1960 officio}

173 1984 176 1991 '
244 1985 387 2065 parochi,
410 2004 465 2046 seu
489 1985 527 2046 de
549 1985 618 2046 aliis
641 1985 761 2047 actibus
781 1985 976 2064 hujusmodi,
1003 1987 1129 2049 habere
1152 1967 1260 2046 debenti

244 2084 441 2146 sacerdotem
454 2102 515 2145 ase
531 2084 729 2163 deputatum,
745 2083 843 2145 veluti
857 2084 1022 2159 vicarium,
1040 2085 1100 2165 qui
1114 2083 1182 2144 haec
1194 2067 1260 2141 Offip

244 2183 293 2245 cia
316 2182 460 2263 expleet3
484 2181 595 2243 iisdem
618 2181 744 2262 juribus
764 2182 930 2244 fruebatur
953 2183 1120 2245 abbatissa
1141 2167 1260 2260 Fontis-l

244 2280 373 2343 Ebraldi
387 2299 458 2361 quae
473 2279 550 2342 olim
569 2280 630 2341 luit
646 2287 754 2361 caput,
771 2299 808 2342 ac
820 2281 920 2342 veluti
932 2281 1069 2360 praelata
1086 2295 1243 2358 congrege·
1259 2279 1260 2328 ἱ

244 2379 338 2442 tionis
352 2378 492 2459 plurium
509 2379 786 2442 monasteriorum.

304 2481 379 2540 Haec
389 2481 496 2540 tamen
511 2494 575 2537 non
588 2482 725 2554 arguunt
737 2497 846 2540 veram
858 2478 1135 2559 jurisdictionem:
1149 2473 1242 2539 etenin
1259 2503 1260 2516 κ

246 2576 276 2635 l⁰
290 2575 448 2637 Institutio
459 2592 554 2655 quam
565 2573 734 2637 abbatissae
742 2575 866 2637 iaciunt
877 2582 924 2637 est
936 2595 1023 2638 mera
1036 2576 1165 2638 collatio
1176 2570 1241 2633 tituli

246 2677 278 2734 et
293 2671 509 2753 possessionis,
532 2690 629 2752 quam
650 2672 737 2734 haud
761 2692 833 2734 raro
860 2673 935 2736 olim
958 2673 1148 2755 permissam
1167 2669 1260 2754 fuisse}

246 2769 334 2832 laicis
342 2769 419 2832 alibi
427 2770 622 2832 ostendimus
631 2769 687 2851 (n¹⁸
698 2773 841 2848 293294,
859 2777 881 2834 t.
894 2775 918 2846 l,
933 2793 966 2852 p.
979 2773 1060 2854 loe).
1073 2776 1107 2834 2⁰
1120 2767 1201 2844 Quod
1211 2763 1239 2825 ed
1259 2757 1260 2828 i

247 2868 484 2949 suspensionem
512 2868 626 2930 attinet
651 2887 748 2948 quam
771 2871 853 2933 forte
883 2871 1045 2933 abbatisse
1068 2871 1104 2932 in
1131 2864 1239 2930 clericos

246 2969 354 3042 ferret,
370 2965 510 3028 dicemus
534 2985 598 3028 non
626 2985 692 3028 esse
714 2986 879 3030 censuram
899 2969 1028 3051 proprie
1052 2969 1176 3041 dictam,
1198 2957 1237 3021 sed
1259 2969 1260 3044 l

247 3084 369 3128 meram
387 3063 634 3145 prohibitionem
650 3085 690 3128 ne
706 3066 811 3128 cleriei
831 3086 956 3128 sacrum
984 3067 1117 3141 saciant,
1143 3063 1237 3126 aliosve

248 3171 337 3227 actus
352 3163 401 3226 sui
416 3161 554 3224 muneris
574 3171 753 3239 exerceant,
771 3164 862 3243 cujus
882 3165 1011 3246 quidem
1029 3155 1235 3226 interdictionis

247 3263 377 3326 violatio
391 3280 455 3323 non
466 3261 589 3322 inducit
601 3261 879 3340 irregularitatem.
1259 3335 1260 3344 χ

308 3360 512 3440 disciplinam
528 3360 713 3421 canonicam
728 3379 764 3433 eo
779 3362 875 3423 modo
889 3362 1138 3442 interpretantur
1149 3359 1234 3420 docto·
1259 3349 1260 3428 j

249 3479 310 3534 res,
329 3478 369 3520 ne
385 3457 563 3539 jurisdictio
588 3457 799 3520 ecclesiastice
817 3460 962 3522 videatur
985 3453 1235 3522 commissaluisse
1259 3521 1260 3526 ἵ

250 3547 452 3620 monialibus.
470 3583 484 3612 n
499 3559 564 3618 Hoc
580 3575 743 3637 nunquam
757 3557 793 3619 fit
810 3559 983 3621 secundum
1005 3558 1109 3639 legem
1122 3567 1231 3620 commu·
1259 3527 1260 3612 Ῐ

170 3649 173 3654 ’
256 3678 270 3713 n
292 3675 374 3727 nem,
392 3661 422 3716 et
442 3675 532 3716 usum
547 3654 712 3729 Ecclesiae3
730 3675 787 3718 nec
800 3677 819 3718 a
833 3658 865 3719 S.
881 3658 1036 3720 Pontifiee
1057 3658 1167 3720 lactum
1184 3663 1233 3710 0³⁵0
1259 3721 1260 3766 ,
