2642 4268
228 223 282 281 494
495 231 568 280 PARS
587 229 634 280 111.
655 229 711 281 RES
731 226 975 280 scutellarium.
1006 237 1009 251 ¹
1106 251 1110 260 ·

228 347 340 412 dorum
354 348 505 412 dicebat:
524 374 540 407 «
554 345 667 412 Clerici
678 349 717 411 da
732 349 826 411 altari
846 348 972 425 vivunt3
989 348 1069 411 mihi
1088 354 1256 430 tanquam

230 467 247 505 α
268 447 472 510 infructuosae
483 448 589 512 arbori
596 447 714 510 securis
729 448 769 509 ad
784 447 923 509 radicem
936 449 1075 528 ponitur,
1086 447 1113 509 si
1127 465 1257 510 munus

126 622 128 625 v
232 546 309 607 cad
322 546 422 608 altare
436 565 501 608 non
514 548 634 610 deiero.
652 537 674 604 »Ι

288 644 473 708 Oblationes
508 652 692 726 spontaneas
717 647 867 708 dicuntur
898 665 978 727 quas
1008 646 1117 707 fideles
1159 641 1257 705 ultro

228 742 360 819 iaciunt,
380 745 528 807 donando
550 733 699 808 Ecclesiae'
720 745 807 806 intra
827 745 994 809 Missurum
1018 728 1178 806 solemnia
1208 741 1254 802 ad

228 842 434 917 offertorium,
450 861 507 904 seu
525 843 711 924 deponendo
734 843 767 904 in
785 843 866 904 arcis
889 837 1097 918 nummariis,¹
1110 846 1166 903 aut
1188 859 1256 901 sua

227 957 361 1003 munera
375 942 439 1003 alio
454 943 549 1004 modo
563 943 726 1022 largiendo
740 948 836 1022 prout
851 942 912 1003 sibi
924 941 1027 1003 visum
1042 940 1148 1002 luerit.

288 1040 481 1116 Oblationes,
498 1059 576 1121 quas
584 1040 708 1102 debitas
721 1041 872 1117 diximus,
881 1040 944 1102 illae
955 1044 1029 1101 sunt
1040 1057 1121 1121 quas
1134 1036 1254 1102 fideles

229 1138 333 1200 lacere
353 1140 471 1202 debant
490 1140 657 1202 occasione
676 1139 870 1202 sacrosancti
888 1139 1046 1217 sacrificii,
1072 1137 1161 1218 quod
1187 1136 1255 1198 sibi

227 1237 395 1317 specialius
411 1239 564 1320 applicari
577 1239 751 1319 postulant,
761 1239 810 1300 vel
821 1237 1031 1300 solemnitatis
1041 1255 1140 1316 quam
1156 1235 1254 1297 adbi-

226 1334 297 1400 beri
313 1337 426 1398 rolunt
445 1337 478 1398 in
492 1337 713 1400 benedictione
735 1337 936 1412 nubentium,
963 1335 1028 1398 sive
1049 1335 1084 1396 in
1114 1350 1252 1398 suorum

227 1432 448 1497 defunctorum
469 1434 637 1515 exsequiis,
653 1435 814 1497 ueletiam
835 1439 870 1495 ut
880 1433 933 1514 jus
947 1435 1117 1515 acquirant
1133 1432 1252 1508 utendi

179 1551 180 1556 ¹
227 1531 376 1594 sedilibus
390 1533 424 1595 in
435 1533 584 1609 Ecclesia,
596 1533 724 1615 quando
739 1533 836 1596 sacris
849 1533 961 1596 officiis
978 1533 1149 1594 intersunt.

287 1631 366 1693 llum
379 1632 524 1694 nonnulli
538 1632 732 1712 exprobrent
744 1631 900 1694 Ecclesiae
911 1630 1027 1693 harum
1042 1631 1247 1693 oblationum

227 1729 473 1811 perceptionem,
490 1731 638 1811 quaedam
652 1735 764 1792 notare
781 1721 993 1793 necessarium
1010 1728 1144 1792 omnino
1156 1728 1248 1791 arbi⁴

230 1831 358 1905 tramur,
373 1829 487 1910 quibus
498 1829 673 1910 explicetur
684 1815 851 1910 disciplina
864 1828 1031 1890 hodierna.

287 1914 319 1988 ll
332 1921 471 1990 Ecclesin
485 1919 643 1990 catholica
662 1915 814 1990 abhorret
831 1946 853 1989 a
874 1927 1051 1990 simoniaca
1064 1928 1145 1990 labe.
1162 1927 1243 1990 Vult

228 2043 279 2104 res
293 2026 415 2088 divinas
429 2043 554 2088 summa
563 2026 715 2105 religione
728 2025 869 2102 tractari,
885 2030 917 2087 et
928 2025 1026 2107 gratis
1040 2026 1075 2088 in
1084 2025 1241 2088 ususfide·
1308 2077 1309 2109 ,

227 2121 306 2185 lium
326 2124 478 2205 impendi,
501 2125 587 2206 quod
602 2124 700 2203 gratis
719 2143 739 2187 a
757 2124 881 2187 Christo
895 2130 1063 2205 acceptum
1077 2131 1134 2188 est.
1153 2120 1243 2199 Qum
1307 2183 1308 2213 ,

227 2222 326 2302 pratia
337 2223 491 2304 occeperis
504 2231 602 2304 pratas
614 2222 695 2286 dcte.
711 2225 746 2283 2⁰
759 2222 881 2286 Fideles
889 2227 1038 2286 tenentur
1048 2224 1154 2286 olflcic
1166 2222 1243 2284 reli-

228 2319 341 2398 gionis,
368 2321 532 2384 charitatis
557 2327 589 2383 et
608 2321 752 2404 justitie,
776 2322 817 2383 ad
841 2321 1073 2402 providendum
1097 2323 1139 2384 de
1159 2321 1245 2386 rictu
1305 2387 1306 2419 1

228 2420 405 2483 necessario
424 2419 545 2482 clericis
564 2419 620 2501 qui
641 2419 701 2482 sibi
721 2419 899 2501 spiritualia
925 2421 1120 2500 ministrant,
1145 2425 1181 2483 et
1206 2420 1245 2482 ad
1304 2497 1305 2502 ἵ

228 2519 454 2581 conferendum
469 2520 508 2580 de
522 2519 586 2581 suis
601 2513 847 2581 facultatibusin
861 2520 1041 2600 reparanda
1054 2526 1086 2582 et
1098 2518 1245 2582 ornanda

227 2617 358 2697 templa,
367 2617 400 2678 in
409 2617 669 2699 amplificandum
684 2617 827 2680 divinum
837 2618 971 2696 cultum,
981 2618 1015 2680 in
1027 2619 1244 2680 sublevandos

227 2733 384 2796 pauperes
398 2735 535 2797 quorum
550 2735 626 2778 cura
640 2716 821 2797 pastoribus
843 2717 980 2778 maxime
1000 2718 1172 2780 commissa
1184 2722 1242 2778 est.
1302 2703 1303 2728 ¹

228 2813 261 2874 3ο
273 2815 328 2878 lus
341 2814 484 2877 clinnum
498 2833 562 2877 non
582 2815 750 2896 praefinivit
765 2815 970 2896 quandonam
987 2815 1142 2896 quibusve
1158 2814 1243 2878 casi-
1301 2783 1302 2833 ¹

227 2911 404 2976 bualldeles
415 2915 554 2977 debeant
562 2915 623 2977 boc
633 2909 944 2994 debitumreligionis
953 2921 986 2978 et
990 2915 1124 2997 justitie
1137 2914 1244 2978 escol-
1300 2871 1301 2936 i

227 3031 301 3076 vere
315 3032 392 3094 erga
409 3013 583 3078 Ecclesiam
597 3019 628 3076 et
647 3014 782 3089 clerum3
796 3015 1067 3096 opportunissima
1086 3020 1195 3078 autem
1209 3032 1244 3076 se

228 3113 322 3176 offert
333 3112 470 3188 occasio,
487 3113 614 3193 quando
629 3113 670 3175 ad
681 3112 894 3176 ministerium
913 3115 1243 3178 sacerdotum-conlu-

228 3211 330 3291 giunt,
357 3202 457 3275 rit-ab
478 3211 524 3273 eis
545 3211 649 3274 officio
668 3218 852 3294 exposcant,
874 3231 939 3276 non
960 3211 1090 3294 quidem
1117 3212 1179 3274 sibi
1201 3213 1242 3274 ad
1295 3165 1298 3246 i

229 3309 559 3386 smuoemnecessaria,
570 3312 624 3373 sed
632 3310 738 3392 potius
746 3311 787 3372 'ad
795 3311 843 3373 sui
853 3311 1014 3387 solatium,
1026 3316 1061 3372 ut
1074 3310 1108 3372 in
1116 3311 1242 3374 casibus

228 3409 323 3472 modo
338 3408 510 3472 recensitis.

289 3509 364 3573 Hac
373 3527 446 3572 cum
456 3508 518 3570 sint
527 3513 618 3572 extra
627 3525 754 3572 ornnem
766 3508 1011 3574 controversiam
1020 3509 1136 3591 posita,
1148 3528 1240 3573 nemo

230 3606 347 3670 offendi
362 3607 457 3672 debet
471 3607 564 3689 praxi
576 3607 734 3692 hodierna
746 3607 888 3672 moribus
904 3607 1083 3690 christianis
1097 3607 1237 3684 inducta,

231 3702 443 3783 quodsoilicet
452 3703 638 3784 oblationes,
655 3705 745 3772 initio
757 3706 958 3782 voluntariae,
971 3707 1106 3770 decursu
1116 3709 1239 3790 tempo·
