2588 4276
204 198 255 254 192
541 211 619 262 PARS
641 212 675 263 11.
695 211 879 263 REGULARES.

203 325 499 402 congregationum,
530 328 661 409 adJeetis
686 327 827 402 statutis,
855 346 910 390 seu
937 321 1214 390 constitutionibus

201 421 425 500 peculiaribus,
436 426 550 504 quibus
565 445 654 488 snam
663 426 795 507 quisque
807 425 961 488 familiam
977 425 1131 486 adfinem
1145 439 1214 502 pro·

203 518 307 597 prium
323 521 521 584 adduceret¹.

262 616 393 680 Ordines
408 621 581 696 generatim
598 621 835 700 distinguuntur
849 622 882 684 in
901 627 964 684 tres
977 620 1110 711 classes,
1127 622 1217 698 prout

202 732 242 777 ex
252 733 310 776 sna
323 716 473 795 primaria
486 718 682 783 institutione
697 720 889 800 profitentur
901 720 999 782 vitam
1016 715 1216 796 contempla·

202 811 311 886 tivam,
336 815 481 891 activam,
504 823 560 878 aut
578 818 722 880 mixtam.
747 819 823 881 Cum
846 836 921 881 vero
953 817 1068 897 saepins
1093 813 1217 876 nonita

203 909 296 971 facile
311 911 352 972 sit
366 912 535 990 dicernere,
552 916 611 976 sub
622 933 659 978 eo
674 922 830 997 respectu,
846 916 1074 978 nonnullarum
1090 910 1217 991 religio-

203 1025 280 1068 num
308 1010 539 1088 conditionem,
569 1015 779 1093 opportunius
809 1014 953 1076 ducimus
983 1012 1218 1093 praecipnarum

204 1104 358 1182 originem
368 1108 495 1183 referre,
506 1116 629 1172 servato
642 1109 823 1193 temporum
836 1130 930 1174 eursu
947 1129 955 1173 :
971 1111 1045 1172 inde
1058 1107 1150 1170 enim
1160 1123 1218 1168 me·

203 1200 264 1263 lius
277 1205 496 1267 manifestatur
517 1209 598 1269 ratio
621 1209 735 1272 divinae
755 1209 966 1274 Providentiae
984 1209 1017 1269 in
1041 1203 1218 1268 successiva

202 1301 410 1378 productione
423 1303 639 1368 institutorum
659 1308 865 1386 regularium.
883 1309 965 1370 Sunt
979 1306 1078 1384 igitur
1092 1302 1217 1366 ordines

203 1397 400 1477 monachales,
415 1403 553 1464 cananaei
563 1403 728 1484 regulares,
740 1405 860 1468 ordines
869 1403 1083 1476 mendicantes,
1102 1397 1218 1462 ardenas

204 1493 396 1576 hospitalarii
405 1502 437 1559 et
450 1499 606 1578 militares,
626 1501 733 1564 clert’ci
750 1501 915 1584 regulares,
934 1507 965 1564 et
984 1501 1123 1564 diversae
1148 1515 1215 1559 eon·
1269 1519 1272 1592 p

153 1649 155 1652 .
205 1594 406 1672 gregationes
422 1598 804 1680 cumvotissimplicibns.
1271 1593 1273 1676 l

134 1681 137 1685 ’
265 1692 335 1752 tel.
354 1725 389 1736 -
406 1694 430 1754 Ι.
452 1696 477 1756 Α
495 1694 647 1774 primaeva
665 1701 757 1760 aetate
772 1696 899 1760 ordines
915 1693 1055 1774 religiosi
1082 1692 1119 1754 in
1134 1691 1215 1752 hunc
1273 1714 1274 1774 r

205 1786 301 1848 finem
322 1789 540 1870 principaliter
558 1793 692 1855 instituti
707 1801 780 1856 sunt
794 1800 830 1855 ut
849 1797 1000 1856 vacarent
1018 1787 1217 1868 contempla·
1274 1810 1275 1858 l

199 1884 284 1946 tioni
299 1905 404 1948 rerum
419 1889 606 1968 divinarum,
623 1892 770 1966 orationi,
785 1892 925 1968 lectioni,
942 1890 1076 1970 aliisque
1089 1885 1213 1968 piclflfis
1275 1906 1276 1960 l

206 1984 378 2060 exercitiis3
392 1988 478 2066 qnod
492 1993 598 2050 tamen
613 2008 677 2051 non
691 1989 840 2051 obstabat
853 1988 1022 2069 quominus
1034 2004 1150 2049 euram
1159 1982 1213 2062 spi·
1276 2002 1277 2042 t

206 2079 353 2152 ritualem
362 2091 491 2165 agerent
499 2086 640 2150 fidelium
651 2088 691 2149 ad
700 2105 794 2150 ¹sacrun
806 2089 997 2150 conventum
1009 2082 1214 2154 venientium,
1277 2098 1278 2154 l

205 2181 237 2239 et
250 2197 290 2239 ex
303 2183 502 2244 monasteriis
516 2191 753 2246 assumerentur
765 2185 825 2248 viri
839 2185 937 2246 vitam
952 2183 1137 2262 religiosam
1151 2196 1218 2259 pro·

205 2277 328 2344 fessiut
342 2281 620 2363 sadesepicopales
632 2287 834 2361 occuparent,
851 2281 1016 2344 autetiam
1033 2280 1132 2342 fidem
1147 2295 1217 2358 gen·

206 2373 292 2437 tibus
303 2378 539 2441 annuntiarent.

267 2475 341 2536 llaec
360 2481 428 2538 erat
449 2475 624 2538 communis
639 2476 779 2540 conditio
800 2476 1006 2557 regularium,
1029 2475 1085 2556 qui
1100 2472 1216 2538 idcirco

206 2571 348 2632 monncln'
366 2573 610 2654 appellabantur
631 2593 651 2636 a
670 2593 748 2637 voce
774 2593 878 2654 graeca
892 2572 981 2655 μόνος,
997 2574 1095 2635 latina
1117 2571 1215 2642 solus;

207 2667 284 2747 qnia
316 2668 413 2731 vitam
442 2673 579 2750 agebant
607 2673 743 2734 alienam
769 2692 789 2734 a
818 2673 977 2734 consortio
1005 2669 1214 2732 saecularium.

257 2837 326 2888 1.1n
339 2839 417 2889 novis
431 2840 570 2902 lnstitntis,
588 2841 615 2892 8.
632 2841 809 2906 Congregatio
826 2841 1000 2905 {legatarium
1020 2853 1076 2891 non
1100 2835 1215 2920 admittit

211 2911 408 2964 distinctionem
417 2914 487 2966 inter
497 2916 603 2981 reputas
613 2921 640 2968 at
647 2918 850 2979 constitutiones,
863 2916 909 2967 sed
924 2917 1017 2967 ornain
1027 2908 1214 2979 comprehendr

208 2988 329 3053 postulat
342 2990 392 3039 sub
404 2991 513 3041 nomine
528 2992 760 3056 constitutionum,
774 2993 847 3057 qnod
858 3006 892 3043 ex
905 2992 1030 3056 pluribus
1049 2988 1214 3041 animadver-

208 3065 329 3116 sionibus
343 3064 464 3130 ejusdcm
471 3068 687 3132 congregationis
695 3068 723 3118 in
732 3068 939 3120 constitutiones
952 3067 1134 3118 recentiorum
1143 3060 1213 3114 insti-

208 3143 329 3190 tutornm
344 3140 537 3192 concludimus.
549 3144 587 3192 lta
601 3143 865 3207 meliusprnvidetur
880 3141 1019 3193 stabilitati
1033 3141 1215 3191 institutarum

209 3215 343 3282 siquidem
357 3230 418 3266 cnm
436 3219 527 3268 omnia
544 3217 603 3269 hac
622 3218 703 3268 simul
724 3219 831 3269 decreto
848 3217 875 3270 S.
892 3217 968 3268 Sedis
987 3217 1169 3282 approbentur
1189 3211 1214 3260 et

207 3293 372 3354 sanciantur,
391 3293 466 3344 nulla
491 3293 520 3343 in
545 3297 683 3357 posteram
708 3293 864 3344 deridebat
885 3295 1000 3344 mantio
1022 3305 1078 3342 non
1097 3287 1211 3372 consulta

208 3365 236 3419 S.
253 3368 478 3432 congregandam
491 3368 556 3419 dum
570 3369 635 3419 olim
649 3369 753 3420 Praelati
766 3367 910 3434 regulares,
924 3381 986 3419 cnm
1001 3368 1057 3417 suis
1071 3363 1211 3430 respective

208 3442 341 3505 capitulis,
356 3443 470 3495 liberum
487 3444 537 3495 sibi
558 3445 680 3496 arbitrari
695 3447 820 3509 poterant
841 3445 983 3494 immutare
1004 3441 1106 3506 aliquid
1126 3452 1158 3490 ex
1171 3447 1211 3486 su*

207 3519 373 3582 perindnctis
394 3519 639 3581 constitutionibus,
658 3520 735 3571 firma
755 3523 910 3571 remanente
931 3518 1025 3583 regula
1045 3515 1175 3600 primitiva
1196 3522 1214 3560 s

208 3593 349 3646 fundatore
364 3595 427 3647 data
440 3600 467 3646 et
481 3609 497 3646 a
510 3597 586 3647 Rom.
603 3595 731 3648 Fontlflea
745 3596 901 3662 approbata,
915 3595 1021 3657 Saurea,
1032 3593 1065 3644 de
1079 3591 1213 3656 nenena

208 3672 276 3722 tom.
289 3671 333 3734 lV,
346 3672 393 3722 lib.
409 3672 429 3733 l,
442 3685 544 3736 cap-11.
