2568 4272
71 281 147 330 aar.
173 281 212 328 11.
240 283 319 331 ORDO
341 284 396 338 0110
416 283 508 332 FESTA
527 283 743 332 catabatmon
762 283 819 330 PER
840 282 956 330 ANNUII.
1002 275 1054 330 365

13 395 183 457 beandum
197 399 300 460 foret.
313 399 374 462 Sed
383 399 545 461 decretum
560 399 686 461 concilii
699 414 763 460 non
771 399 888 478 ubique
904 398 1053 474 obtinuit,

14 499 70 554 aut
93 495 223 556 saltem
258 498 392 558 decursu
422 503 603 577 temporum
629 499 662 558 in
686 497 925 558 desuetudinem
952 497 1053 568 venit3

15 592 299 674 quandoquidem
321 595 352 656 S.
369 597 503 676 Cyrillns
520 595 751 657 Alexandrinus
761 595 828 674 jam
844 613 863 655 a
887 594 1003 656 saeculo
1023 602 1055 655 v⁰
1162 575 1164 580 ⁵

16 691 231 768 querebatur
241 694 282 753 de
294 693 425 754 inducta
437 694 620 756 confusione
630 695 671 754 ob
687 693 918 773 discrepantem
932 693 1057 772 praxim

16 787 264 864 Ecclesiarum,
287 809 421 868 quarum
441 792 511 852 aliae
527 792 698 852 utebantur
712 791 810 851 veteri
825 790 913 870 cyclo
927 791 1055 852 Iudaeo·

18 905 88 946 rum
105 905 284 948 annorum
300 890 353 963 843
370 888 440 950 aliae
454 895 560 950 autern
569 889 658 970 cyclo
673 888 885 950 Alexandrino
902 907 1057 949 annorum

22 985 84 1044 ta:
116 985 196 1045 haec
230 986 418 1048 discrimina
440 988 566 1049 sublata
588 992 661 1048 sunt
689 986 805 1048 saeculo
841 986 1056 1065 subsequenti,

24 1081 158 1160 quando
190 1084 367 1164 Dionysius
396 1086 537 1164 Exiguus
555 1085 681 1146 induxit
703 1085 736 1144 in
767 1087 858 1146 Rom.
886 1084 1058 1144 Ecclesiam

27 1198 190 1241 canonem
213 1182 367 1243 Ecclesia
379 1183 600 1244 Alexandrinae
614 1184 637 1243 ¹.
655 1184 681 1243 Α
701 1186 842 1261 tempore
866 1199 928 1260 quo
947 1182 1061 1258 Grego-

26 1277 89 1336 rius
103 1279 182 1339 XIII
204 1280 427 1340 calendarium
450 1281 596 1352 correxit,
617 1279 803 1341 facillimum
828 1284 886 1354 est,
907 1297 946 1338 ex
970 1277 1059 1338 fastis

29 1377 199 1454 perpetuis
229 1394 302 1456 quae
329 1379 528 1458 evulgantur,
555 1377 791 1458 deprehendere
812 1376 954 1438 ordinem
985 1376 1060 1436 anni

29 1472 248 1536 ecclesiastici
272 1481 303 1536 et
325 1495 463 1554 quonam
491 1477 541 1538 die
570 1476 695 1537 Pascha
710 1475 897 1537 celebretur.

89 1572 164 1631 516.
189 1606 236 1616 -
258 1574 299 1634 110
327 1573 399 1647 Qua
421 1573 554 1635 notanda
579 1575 640 1634 sint
654 1573 734 1635 circa
753 1571 957 1635 calendarium
969 1573 1059 1652 sesto·

30 1685 93 1728 rum
109 1667 145 1728 ²?

91 1766 363 1846 'Iriapraesertim
371 1771 523 1846 notanda,
532 1770 682 1831 nimirum
694 1789 700 1833 :
712 1771 742 1830 1ο
754 1770 912 1831 distinctio
925 1769 1059 1843 dierum,
1149 1795 1154 1806 ¹

38 1864 198 1925 mensium
228 1872 260 1926 et
285 1885 457 1943 annorum3
485 1871 518 1928 2⁰
543 1868 649 1948 cyclus
677 1886 851 1941 annorum;
875 1868 907 1928 3ο
933 1868 1061 1928 demum

44 1966 176 2039 epactae,
192 1983 236 2024 ex
253 1965 366 2046 quibus
379 1966 607 2028 determinatur
617 1967 682 2028 dies
695 1966 869 2028 Paschalis.

96 2061 120 2119 l.
134 2058 214 2121 Dies
230 2063 449 2142 astronomicas
460 2068 506 2124 est
518 2063 719 2124 intervallum
730 2063 880 2142 temporis
894 2081 957 2141 quo
966 2063 1013 2125 sol
1022 2063 1062 2124 ab

45 2154 149 2234 aliquo
165 2165 305 2238 puncto,
320 2161 371 2222 vel
386 2180 405 2221 a
419 2161 594 2222 meridiano
614 2179 783 2238 regressus,
804 2162 843 2221 ad
859 2160 942 2221 idem
957 2178 1063 2222 rever·

43 2251 132 2328 titur3
148 2255 221 2318 dies
239 2274 314 2318 vero
330 2258 429 2318 civilis
445 2264 648 2338 computatur
661 2278 680 2319 a
695 2258 800 2319 media
819 2263 911 2318 nocte
939 2259 979 2318 ad
997 2275 1061 2318 me·

46 2347 125 2410 diam
139 2359 273 2414 noctem
289 2356 543 2435 subsequentem.

54 2469 58 2487 ¹
101 2449 275 2512 Christiani
290 2471 309 2512 a
323 2454 434 2533 primis
448 2455 571 2516 saeculis
595 2454 735 2532 singulos
750 2470 893 2532 quosque
907 2452 973 2513 dies
990 2451 1067 2542 heb·

49 2543 193 2609 domadae
217 2550 313 2629 serias
336 2550 592 2631 appellaverunt;
616 2553 691 2630 quia
710 2551 789 2612 feria
806 2550 970 2611 dicebatur
989 2549 1064 2610 olim

50 2641 110 2702 dies
123 2647 289 2708 sacrificiis
305 2648 490 2725 destinatus,
508 2654 539 2710 et
558 2650 680 2710 nullam
699 2649 761 2728 ipsi
776 2648 858 2708 diem
881 2667 948 2708 esse
963 2647 1066 2708 existi·

52 2741 190 2818 mebant,
219 2745 252 2804 in
273 2765 336 2824 qua
357 2748 561 2827 supersedere
582 2747 735 2808 deberent
757 2747 797 2806 ab
816 2746 1011 2807 orationibus
1024 2746 1067 2806 'et

53 2840 223 2904 sacrificiis.
252 2867 266 2902 o
290 2847 360 2907 Una
381 2847 515 2918 sabbati,
544 2846 588 2907 ait
620 2849 746 2908 sanctus
770 2845 974 2923 Augustinus,
1001 2843 1067 2904 dies

55 2936 269 3002 «dominicus
297 2949 344 3003 est
370 2962 377 3005 :
402 2944 541 3004 secunda
562 2943 685 3004 sabbati
710 2942 848 3004 secunda
863 2942 954 3015 feria,
971 2959 1066 3021 quam

59 3049 73 3086 l
91 3039 265 3104 saculares.
276 3041 361 3102 diem
385 3040 469 3102 lunae
492 3042 655 3120 appelant.
685 3041 791 3102 Tertia
816 3040 952 3112 sabbati,
974 3037 1068 3099 tertia

60 3150 74 3184 «
93 3132 183 3212 leria,
201 3157 298 3216 quam
313 3139 396 3198 diem
405 3139 515 3201 Martis
530 3138 577 3199 illi
589 3143 714 3199 vocant.
732 3140 849 3210 Quarta
863 3136 1068 3197 sabbatorum

62 3241 209 3308 «quarta
228 3237 317 3313 feria,
339 3237 394 3318 qui
418 3237 565 3298 Mercurii
584 3237 648 3297 dies
663 3236 778 3296 dicitur
799 3253 817 3296 a
838 3233 971 3315 paganis
995 3237 1026 3295 et
1049 3251 1068 3294 a

64 3347 77 3379 a
96 3333 202 3394 multis
217 3334 405 3407 christianis,
417 3335 472 3396 sed
482 3334 648 3409 nollemus,
664 3338 759 3412 atque
774 3333 896 3392 utinam
907 3331 1069 3408 corrigant

61 3443 77 3477 «
97 3431 126 3486 et
139 3432 329 3494 nendicant.
347 3433 473 3493 Habent
487 3433 571 3494 enim
586 3432 728 3510 linguam
744 3450 833 3491 suam
852 3433 1066 3509 quautanlnr,

63 3542 76 3574 a
95 3542 156 3586 non
170 3531 253 3590 enim
271 3535 302 3591 et
315 3531 348 3590 in
364 3531 511 3592 omnibus
523 3531 670 3609 gentibus
683 3529 745 3590 isla
758 3528 941 3590 dicuntur...
957 3526 1068 3588 Melius

103 3668 125 3715 l.
140 3668 240 3732 Devoti,
256 3672 288 3722 de
302 3672 437 3722 Festorum
453 3672 630 3734 celebratione,
644 3673 691 3723 lib.
708 3673 740 3733 11,
757 3672 798 3721 tit,
813 3686 838 3731 r,
859 3673 871 3730 ἓ
887 3672 910 3721 3.

101 3741 124 3788 2.
140 3744 176 3794 Cf.
186 3747 406 3799 Dissertationem
416 3749 445 3800 F.
460 3750 525 3800 Xav.
540 3749 619 3810 Zech,
635 3748 667 3798 de
682 3747 839 3798 calendario
850 3745 1027 3796 eeclesiastico.
