2632 4260
240 237 277 292 ts
528 208 542 264 ἶ
603 240 684 289 rins
702 239 735 286 11.
757 239 885 288 cccn1c1.
920 269 922 274 ,

245 377 365 422 srence
387 359 441 420 des
462 357 555 420 fonds
576 356 652 437 qn'il
672 375 692 417 a
713 356 772 417 mis
794 375 836 418 ou
856 356 900 418 dn
919 361 1031 420 mettre
1053 357 1188 419 dansla
1206 377 1252 421 so·

244 483 258 516 α
274 458 364 522 ciete.
379 479 394 516 n
411 454 507 538 (Cede
520 454 556 516 de
568 452 749 532 commeare,
766 459 825 514 art.
841 452 906 534 26.)

298 557 346 618 Ad
359 555 546 617 solutionem
560 553 657 630 igitur
671 551 758 612 dubii
768 551 933 630 propositi,
951 552 1114 616 attendere
1126 571 1252 616 necesse

242 660 289 717 est
308 654 349 715 ad
365 659 512 714 naturam
530 649 699 724 societatis,
715 649 756 710 ad
771 649 855 710 illius
873 648 990 710 seilicet
1009 649 1181 727 objectum.
1197 652 1252 713 Vel

242 752 326 814 enim
340 755 387 811 est
401 749 533 810 societas
547 765 620 808 vere
634 751 665 808 et
675 745 803 825 proprie
816 746 1055 821 commercialis,
1072 747 1111 808 ad
1129 766 1256 810 sensum

243 867 414 922 canonum,
428 847 506 908 inita
521 865 580 926 pro
600 844 760 924 emptione
775 850 807 905 et
824 843 1003 906 venditione
1018 862 1137 920 rerum,
1157 864 1258 910 causa

241 947 321 1010 lucri
339 943 550 1024 percipiendi;
572 941 623 1003 vel
637 961 702 1003 non
721 947 769 1002 est
788 942 919 1022 proprio
936 960 1028 1003 sensu
1048 944 1256 1005 commercia·

242 1045 291 1120 lis,
308 1043 363 1105 sed
381 1041 541 1122 praecipue
558 1039 763 1114 industrialis,
782 1039 883 1118 qualis
902 1039 995 1114 foret,
1015 1059 1042 1100 v.
1060 1058 1104 1117 g.,
1122 1041 1259 1102 societas

242 1159 312 1222 quae
337 1140 475 1221 possidet
497 1137 709 1220 gymnasium,
735 1155 839 1215 agree,
869 1136 992 1212 domne,
1021 1137 1091 1199 auri
1118 1138 1261 1216 fodinae,

239 1257 351 1320 resque
366 1257 438 1300 suas
454 1237 534 1315 gerit
548 1255 605 1316 per
618 1221 831 1297 administros

201 1375 202 1378 =
299 1339 335 1399 ln
349 1335 449 1416 priori
462 1352 537 1396 casu
550 1333 696 1394 illicitum
710 1334 836 1394 videtur
850 1333 971 1395 clericis
982 1351 1097 1407 emere,
1112 1339 1168 1395 aut
1180 1334 1264 1395 deti-

241 1453 315 1496 nerc
335 1435 475 1506 octrcncs,
498 1430 574 1511 quia
592 1431 667 1492 licet
685 1450 750 1492 non
770 1449 802 1492 se
823 1431 941 1492 directe
962 1431 1162 1493 immisceant
1184 1449 1259 1510 ges·

239 1531 319 1594 ticni
341 1529 511 1604 societatis,
534 1528 657 1590 hahent
678 1529 883 1590 nihilominus
903 1529 936 1590 in
958 1548 996 1592 ea
1016 1534 1159 1608 partem:
1183 1535 1264 1591 sunt

241 1628 480 1710 coproprietarii
488 1627 580 1688 fundi
589 1626 724 1702 socialis,
735 1632 766 1687 et
776 1627 979 1706 negotiantur
988 1646 1044 1707 per
1054 1627 1264 1707 interpositas

242 1743 405 1808 personae,
421 1726 507 1805 quod
525 1725 757 1805 prohibuerunt
774 1726 828 1787 SS.
841 1725 1020 1800 Pontifices,
1037 1724 1265 1806 quomodolibet

240 1825 272 1886 id
296 1825 362 1886 fiat.
389 1826 426 1886 ln
446 1822 614 1903 posteriori
638 1841 713 1884 casu
735 1840 800 1883 non
823 1821 948 1884 videtur
967 1823 1112 1884 illicitum
1138 1823 1266 1884 clericis

242 1941 345 1984 emere
354 1923 499 1996 actiones3
513 1920 603 1981 sicuti
614 1919 747 1982 clericus
761 1925 867 1999 posset
881 1921 965 1981 solus
980 1921 1151 2000 possidere,
1166 1921 1265 1982 titulo

242 2020 375 2081 dominii
401 2009 647 2098 patrimonialis,
677 2035 786 2094 agros,
813 2018 952 2092 fodinas,
983 2018 1203 2098 gymnasium,
1231 2025 1267 2080 et

241 2119 311 2180 haec
331 2117 487 2191 retinere3
515 2116 560 2178 ita
586 2115 656 2194 pari
681 2116 804 2176 ratione
832 2122 940 2195 posset
967 2117 1094 2177 easdem
1120 2135 1173 2178 res
1204 2136 1266 2197 per
1310 2110 1311 2129 ¹

242 2222 367 2296 partem
391 2215 551 2276 actionum
570 2213 701 2289 habere,
718 2213 838 2276 caeteris
859 2213 1066 2289 consociatus
1084 2215 1265 2278 dummodo
1309 2216 1310 2231 ¹

240 2313 320 2380 nihil
343 2319 491 2394 operetur
514 2312 601 2392 quod
624 2329 718 2372 suum
743 2314 860 2372 statum
887 2311 1065 2373 clericalem
1086 2311 1264 2393 dedeceat,
1308 2325 1309 2331 ’

243 2408 425 2492 nihil'qucd
446 2410 506 2472 sihi
525 2410 648 2486 legibus
668 2408 827 2470 canonicis
845 2409 942 2470 fuerit
960 2409 1176 2471 interdictum.
1199 2413 1266 2474 So·
1307 2427 1308 2431 ’

243 2511 371 2570 cietates
382 2509 507 2569 viarum
519 2507 710 2568 serratarum
725 2511 857 2586 possunt
871 2507 1061 2586 aequiparari
1075 2506 1147 2568 aliis
1162 2506 1268 2588 hujus
1306 2521 1307 2530 ³

241 2606 388 2668 secundae
401 2605 516 2685 speciei
529 2604 749 2680 societatibus;
766 2606 850 2667 unde
861 2605 1026 2685 probabile
1042 2603 1268 2668 existimamus

243 2703 374 2766 clericos
388 2722 451 2764 non
461 2721 592 2782 peccare
606 2703 829 2780 contralegem
839 2703 1036 2776 canonicam,
1049 2702 1106 2781 qni
1117 2704 1267 2767 actiones

243 2806 362 2877 emunt,
383 2801 457 2862 licet
477 2818 662 2862 censeamus
682 2800 780 2860 satius
796 2800 873 2880 ipsis
894 2802 962 2862 fore
982 2801 1008 2860 si
1025 2800 1211 2862 abstineant
1232 2807 1267 2862 ut

242 2899 400 2960 efficacius
408 2897 730 2961 removeaturmentis
740 2897 882 2959 anxietas
897 2898 1113 2978 etpericulum
1127 2900 1263 2980 cupidi·
1302 2921 1303 2933 ¹

241 2997 301 3072 nis,
315 2997 356 3058 ob
368 2997 505 3059 incertos
518 2996 620 3058 exitus
634 2996 714 3058 lucri
729 3001 760 3056 et
777 2995 887 3057 damni
898 2997 921 3060 ¹.
1301 3003 1302 3033 ¹

289 3170 311 3219 l.
324 3165 362 3216 Cl.
376 3165 590 3217 dissertationem
607 3165 636 3215 in
650 3161 806 3214 collectione
823 3165 905 3214 llevue
921 3165 965 3216 des
980 3166 1091 3217 setences
1105 3165 1266 3218 ecclesiasti·

241 3257 312 3330 pecs,
329 3255 373 3330 an.
389 3242 459 3302 1866,
475 3239 656 3328 ωορεειωαίἰ,
667 3239 808 3302 insertam,
822 3240 855 3290 de
869 3241 1191 3328 quastionelprcposita:
1205 3243 1267 3328 Est·
1298 3268 1299 3336 p

241 3320 263 3368 rt
269 3332 365 3385 pemmo
374 3331 427 3367 cuc
436 3315 639 3379 eccldnasttques
650 3317 675 3366 et
687 3329 741 3366 oua
749 3318 941 3366 commanentes
955 3316 1267 3381 requteueesd'acqadra·

242 3411 274 3447 cu
294 3396 326 3447 de
345 3392 446 3457 caeder
467 3392 512 3442 des
530 3390 708 3442 actionarium
727 3391 764 3442 les
780 3391 886 3442 coaeter
903 3392 1092 3444 conrmerciotec
1110 3405 1143 3442 ou
1167 3392 1266 3444 indus·
1297 3377 1298 3435 l

242 3471 366 3596 meme
390 3545 461 3606 1857,
483 3543 510 3594 S.
534 3541 709 3606 congregatio
735 3541 859 3606 inquisit.
881 3543 914 3594 ad
940 3542 1053 3594 dubium
1077 3544 1263 3607 propositum,
1296 3449 1297 3537 1

240 3625 333 3674 unum
351 3620 456 3671 licitum
470 3620 505 3669 sit
524 3617 710 3668 ecclesiasticis
729 3619 851 3682 personis
866 3618 959 3669 titulos
979 3633 1058 3683 super
1078 3619 1136 3668 vias
1156 3619 1264 3672 terreas

241 3711 330 3752 emere
345 3699 373 3750 et
386 3696 493 3748 lucrum
509 3709 542 3746 ex
556 3693 621 3760 ipsis
637 3694 799 3760 proveniens
818 3695 946 3760 accipere,
961 3694 1099 3760 respondit
1122 3708 1129 3744 :
1152 3712 1166 3740 «
1187 3697 1217 3748 S.
1235 3697 1263 3748 S.
