2642 4268
152 239 154 242 ’
250 248 307 312 llo·
512 253 588 308 rins
608 251 657 306 111.
679 255 736 304 nus
754 253 996 304 scrumosum,

247 380 435 442 rochialium
449 396 521 439 cum
536 375 748 438 reservatione
761 373 961 453 pensionum,
974 374 1015 433 ed
1031 370 1245 452 cujuscumque
1303 373 1304 384 ¹

249 480 402 551 levorem,
429 481 461 538 et
481 476 540 536 sub
568 491 770 555 quocumque
794 472 898 547 titulo,
924 471 1020 532 etiam
1047 470 1246 550 praestationis

134 646 135 649 Ἴ
249 577 483 638 alimentorum.

307 673 399 737 Nota.
419 671 590 735 Pensiones
604 670 832 750 extinguuntur
848 674 949 731 morte
971 667 1177 750 pensionarii,
1196 687 1247 732 ro·
1304 741 1305 748 ἵ

246 773 384 835 luntaria
398 770 643 843 renuntiatione,
656 768 852 849 professione
864 767 1025 846 religiosa,
1047 786 1112 848 qua
1130 767 1251 828 clericus

247 873 387 952 privatus
401 871 510 932 fuisset
523 867 688 941 beneficio,
705 867 731 928 si
746 867 786 930 ad
802 873 926 946 tempus
940 885 1042 947 usque
1056 865 1253 946 professionis

182 1043 186 1050 ¹
249 971 328 1033 illud
340 969 530 1032 retinuisset.
608 1017 611 1024 .

309 1069 476 1132 605.-—v10
484 1064 563 1142 (leid
562 1063 825 1148 jurescroundum
833 1063 1027 1126 recollatione
1035 1061 1255 1146 beneficiorum?
1305 1084 1306 1168 p

249 1165 253 1172 '
310 1169 345 1229 ln
355 1166 524 1230 collatione
538 1164 684 1227 beneficii
694 1164 922 1226 attendendum
937 1169 983 1224 est
997 1163 1136 1224 maxime
1146 1162 1186 1224 ad
1200 1161 1256 1223 ido·
1305 1169 1306 1246 l

249 1267 392 1344 deitatem
401 1261 685 1347 promovendorum,
703 1264 744 1326 ad
750 1263 831 1344 jura
847 1271 1056 1344 patronorum,
1080 1262 1123 1324 ad
1138 1262 1255 1340 regulas

251 1365 420 1428 canonicas
434 1365 472 1424 de
488 1361 769 1443 incompatibditate
782 1361 1000 1442 beneficiorum,
1011 1362 1140 1422 demum
1150 1359 1189 1420 ad
1194 1359 1253 1438 sor·

251 1482 331 1524 mam
345 1460 525 1522 collationis.

188 1575 190 1578 ·
312 1562 336 1622 1.
344 1559 389 1620 ne
399 1558 561 1620 idoneitate
571 1556 794 1619 elericorcmad
804 1557 1136 1620 benefioiadiximnsin
1144 1559 1256 1635 l⁸parts
1306 1608 1307 1639 ,

252 1657 482 1720 precationum
493 1655 548 1737 (n¹·
562 1658 715 1731 290,29l,
729 1658 801 1734 292,
812 1663 836 1718 t.
851 1657 876 1734 1,
887 1677 920 1738 p.
937 1658 996 1718 502
1009 1662 1041 1718 ct
1055 1655 1146 1737 seq.).
1163 1658 1255 1717 Unum
1306 1667 1307 1670 ’

254 1758 417 1836 addemus,
445 1756 564 1818 scilicet
585 1755 716 1818 clericos
742 1755 873 1818 idoneos
898 1756 1107 1818 assumendos
1133 1771 1199 1816 esse
1222 1754 1256 1814 ad

254 1857 358 1918 officia
377 1855 599 1930 ecelesiastica,
620 1851 757 1934 cujusvis
775 1854 912 1916 nationis
929 1855 1007 1930 sint;
1030 1852 1256 1933 anteponendos

253 1961 361 2016 tamen
374 1953 539 2034 indigenas
550 1953 676 2030 exteris,
693 1954 813 2015 ceteris
826 1953 968 2034 paribus.

313 2051 513 2114 innocentius
528 2053 568 2113 lll
583 2056 773 2131 conquestus
792 2056 838 2113 est
857 2052 896 2113 de
915 2052 1099 2132 patriarcha
1114 2053 1257 2114 Constan-

254 2151 466 2230 tinopolitano
480 2149 534 2230 qui
546 2149 650 2212 nullos
665 2149 698 2211 in
716 2149 836 2211 elerum
851 2168 916 2212 suae
931 2151 1069 2212 eoelesiae
1084 2151 1259 2231 praeterVe·

254 2254 343 2312 netos
357 2248 555 2319 admittebat,
572 2266 636 2309 non
652 2247 818 2309 attendens
830 2250 928 2328 quod,
943 2249 977 2310 in
989 2249 1077 2311 omni
1091 2253 1196 2327 gente,
1213 2247 1261 2327 qui
1307 2247 1308 2320 ἶ

255 2348 330 2410 lacit
339 2347 496 2427 justitiam
509 2351 656 2425 aceeptus
670 2351 718 2407 est
729 2348 805 2422 Deo,
820 2365 878 2409 nee
891 2348 1106 2410 sanctuarium
1120 2348 1177 2410 Dei
1191 2365 1259 2408 con-

254 2446 341 2508 venit
350 2445 422 2526 jure
437 2444 638 2507 haereditario
656 2445 819 2524 possideri.
840 2446 1002 2521 Quocirca,
1024 2447 1150 2527 scripsit
1167 2447 1207 2508 ad
1219 2447 1262 2508 le·

255 2549 346 2624 gatos
364 2544 455 2607 Sedis
475 2542 689 2622 Apostolicae:
708 2566 724 2600 ιι
739 2544 927 2606 Mendamns
943 2551 1100 2625 quatenus
1114 2545 1263 2607 moneatis

256 2667 272 2700 ιι
284 2644 442 2717 eumdem,
463 2647 499 2703 ut
513 2641 597 2704 viros
614 2641 782 2715 litteratos,
799 2648 830 2704 et
845 2642 923 2705 alias
935 2643 1078 2720 idoneos,
1095 2644 1264 2705 undecum-

257 2765 272 2798 ιι
289 2759 349 2820 qne
363 2741 519 2819 originem
534 2739 695 2815 duxerint,
710 2739 741 2800 in
756 2740 916 2820 praedictis
928 2742 1074 2804 llcclesiis
1084 2747 1117 2804 et
1130 2742 1263 2803 maxime

255 2862 270 2896 ιι
284 2841 317 2900 in
331 2838 456 2918 majori,
473 2837 637 2898 instituere
657 2857 722 2899 non
740 2844 924 2919 postponat,
942 2840 1085 2921 alioquin
1101 2841 1262 2919 indignum

259 2958 273 2996 ιι
288 2955 320 2998 se
335 2936 456 3010 reddet,
473 2942 507 2996 nt
522 2953 578 2996 vos
592 2935 728 2997 aliarum
742 2937 872 3001 elericos
885 2939 1051 3000 nationum
1066 2939 1108 3000 ad
1121 2938 1188 3018 ejus
1198 2939 1263 3000 obe

160 3065 169 3082 ι
254 3058 270 3091 ιι
285 3033 435 3096 dientiam
449 3032 681 3112 compellatis.»
697 3034 785 3115 (Gap.
801 3033 853 3096 Ad
865 3035 1010 3116 descrere,
1026 3039 1057 3114 5,
1073 3054 1112 3099 ns
1128 3039 1264 3099 lnsrrrn·

252 3149 404 3208 moremus,
417 3131 473 3194 lib.
488 3133 530 3194 lll
544 3130 681 3213 Deerat.)

310 3233 346 3295 ld
357 3250 432 3306 vero
445 3247 508 3293 non
524 3231 629 3292 obstat
644 3230 813 3310 quominus
825 3236 1039 3315 anteponendi
1054 3235 1127 3310 sint,
1148 3235 1264 3298 caeteris

249 3331 389 3413 paribus,
404 3329 564 3409 indigenae
578 3329 781 3410 alienigenis3
798 3333 884 3413 quod
894 3335 971 3396 olim
979 3335 1165 3398 servabatur
1176 3355 1263 3414 regu·

248 3430 360 3491 lariter
374 3428 407 3488 in
421 3427 491 3506 ipsa
506 3426 661 3490 electione
677 3429 915 3512 Episcoporum,
932 3434 980 3495 uti
992 3439 1127 3496 testatur
1140 3441 1262 3494 sanetus

209 3591 211 3594 ,
246 3520 437 3590 'ooelestinus
455 3527 554 3605 Papa,
577 3527 718 3590 scribens
736 3529 776 3590 ad
795 3531 966 3612 Episcopus
985 3533 1156 3612 provinciae
1176 3532 1262 3595 Vien-

249 3625 354 3687 nensis
370 3643 377 3686 :
393 3645 410 3682 ·ιι
422 3627 486 3686 Nec
501 3624 644 3710 ¹emeritis
663 3625 696 3686 in
713 3628 777 3689 suis
794 3630 940 3693 llcclesiis
954 3630 1086 3708 clericis,
1109 3631 1165 3706 ait,
1181 3648 1263 3712 pere-

252 3723 364 3801 ngrini
378 3727 410 3786 et
421 3723 574 3798 extranei,
593 3729 624 3786 et
641 3724 782 3804 quiante
799 3728 937 3807 ignorati
955 3734 1040 3803 sunt,
1057 3730 1099 3792 ad
1114 3729 1264 3792 exclusio·
