2588 4276
224 235 276 296 206
561 245 637 294 rins
657 245 691 294 n.
712 245 902 294 recursura.
1268 307 1269 362 1

222 364 282 426 sub
301 355 454 444 regimine
472 362 657 437 Dircctoris;
679 361 734 424 alii
755 367 861 424 autem
883 361 1009 441 regulas
1023 361 1230 440 privatimob
1269 393 1273 422 t

222 468 360 524 servant.

229 571 232 580 '
282 561 335 623 lll.
360 560 492 634 Fideles,
511 559 676 639 utriusque
694 577 800 633 serua,
822 558 1033 620 admittuntur
1051 557 1092 618 ad
1121 557 1228 637 proies·
1269 553 1270 620 l

223 658 344 720 sionem
365 657 464 720 tertioe
478 659 607 738 regula,
625 658 812 719 auctoritate
831 656 999 736 Praepositi
1018 655 1177 735 generalis
1191 673 1230 716 or·
1269 669 1273 740 ij

223 756 305 818 dinis
321 757 467 836 adquam
481 756 739 817 reterturtertius
754 755 844 818 ordo.
861 756 938 822 (lum
953 755 985 816 in
1004 754 1128 816 familia
1140 754 1230 814 sancti

221 853 541 915 Franscicitressirtt
562 855 715 934 Congreg.
735 853 899 932 generales
921 855 1053 914 fratrum
1066 851 1228 925 bimorum,
1269 837 1273 920 ls

224 949 461 1025 Obreroonn'um,
476 949 754 1032 Capaccinorumet
767 949 1027 1023 Concamaratione,
1037 967 1230 1030 unaquaeque
1267 939 1273 1027 ,Ῐ

222 1049 425 1126 congregatio
438 1051 550 1110 eodem
560 1048 633 1127 jure
648 1049 769 1128 potitur
782 1047 922 1110 habendi
935 1048 1064 1110 tertium
1080 1047 1228 1121 ordinem,
1267 1042 1273 1127 l

222 1165 316 1226 quem
331 1147 473 1209 Minister
484 1147 641 1224 generalis
653 1145 735 1226 regit
744 1165 805 1226 per
819 1146 971 1208 Praelatos
985 1145 1115 1208 locales,
1272 1223 1273 1226 Ἴ

228 1265 232 1272 ’
281 1245 437 1308 Professio
457 1245 494 1305 fit
512 1245 637 1326 expleto
659 1263 742 1305 anno
765 1243 945 1306 novitiatus.
969 1245 1003 1307 si
1023 1244 1143 1304 mulier
1156 1243 1230 1304 inter
1268 1297 1273 1364 p

223 1342 393 1402 Tertiarias
414 1342 634 1418 adscribenda,
655 1343 732 1404 velit
753 1341 900 1415 habitum
921 1341 1082 1420 religionis
1099 1341 1229 1403 exterius

221 1444 355 1518 gestare,
371 1439 404 1500 id
413 1439 474 1518 ipsi
488 1439 661 1501 concedere
674 1445 838 1520 nequeunt
854 1440 1026 1518 Regulares
1047 1439 1111 1500 nisi
1122 1437 1230 1500 cumli-
1272 1427 1273 1435 '

219 1537 322 1597 centia
341 1536 489 1616 Episcopi
510 1537 680 1598 diaecesani
700 1543 732 1600 et
755 1539 813 1599 sub
838 1555 876 1598 ea
897 1538 1027 1617 insuper
1053 1537 1229 1606 conditione
1270 1495 1273 1584 i

150 1649 152 1652 ·
221 1633 307 1713 quod
325 1633 438 1695 mulier
460 1635 533 1696 vitae
559 1636 718 1714 probitate
737 1635 987 1708 commendetur,
1014 1654 1138 1696 annum
1164 1652 1229 1714 qua·
1270 1621 1273 1700 ¹]

220 1731 433 1808 dragesimum
448 1732 598 1811 attigerit,
614 1734 771 1794 bonorum
785 1733 861 1794 satis
875 1732 994 1794 habeat
1009 1733 1051 1794 ad
1063 1732 1166 1793 vitam
1178 1731 1227 1792 ho·

219 1835 306 1890 ueste
326 1832 576 1904 sustentandam,
592 1836 624 1891 et
642 1831 740 1892 vitam
761 1849 833 1892 curn
853 1831 995 1910 cognatis
1017 1849 1071 1893 seu
1087 1829 1229 1892 aiiinibus

219 1928 362 2008 probata
374 1927 499 1990 virtutis
512 1929 617 1990 ducat.

178 2090 181 2097 ,
229 2058 231 2064 .
279 2025 1228 2106 IV.ObligationesetprivilegiaTertiariommpraefiniuntur

218 2123 334 2204 regulis
350 2141 369 2184 a
384 2123 416 2185 S.
434 2123 514 2185 Sede
532 2124 726 2204 approbatis,
743 2130 775 2186 et
790 2124 886 2186 variis
898 2123 1031 2185 decretis
1051 2123 1108 2186 SS.
1129 2121 1226 2184 Ponti·

149 2224 151 2227 ’
217 2221 323 2283 ficum.
341 2224 385 2282 De
399 2221 718 2301 hispaucadicemus‚
735 2223 803 2283 fuse
816 2221 900 2284 enirn
914 2221 1072 2302 explicata
1084 2221 1226 2300 leguntur

216 2320 248 2380 in
263 2319 463 2381 manualibus.
610 2307 613 2311 ⁵

279 2417 426 2478 Tertiarii
448 2415 565 2478 debent
588 2421 712 2496 gestare
734 2415 882 2513 habitum
903 2415 1066 2494 religionis
1085 2414 1143 2495 qui
1164 2433 1227 2476 cou-

216 2513 297 2576 sietit
315 2515 348 2574 in
367 2513 526 2595 scapulari
549 2533 621 2576 cum
641 2513 778 2594 cingulo,
800 2515 851 2576 vel
871 2513 1017 2594 corrigia,
1042 2519 1075 2574 et
1089 2530 1225 2576 commu·

216 2611 299 2672 niter
322 2613 461 2673 defertur
479 2613 587 2674 subter
610 2617 729 2674 vestem
747 2611 940 2674 saecularem.
962 2612 1084 2673 Debent
1102 2609 1226 2691 insuper

215 2708 349 2770 recitare
364 2710 503 2790 quotidie
518 2697 652 2792 parvum
663 2709 802 2773 officium
817 2714 872 2772 eut
884 2725 992 2790 preces
1005 2726 1077 2790 qua
1090 2708 1224 2770 officium

216 2806 399 2887 suppleant3
428 2808 597 2870 observare
616 2809 682 2870 dies
698 2797 813 2890 jejunii
835 2815 866 2870 et
886 2807 1084 2870 abstinentie
1112 2805 1224 2886 regulis

215 2893 580 2984 indictos;frequentare
589 2907 711 2987 pluries
721 2925 778 2985 per
787 2925 907 2968 annum
919 2910 1118 2968 sacramenta
1130 2902 1226 2967 Poeni·

214 3003 322 3065 tentiae
341 3009 371 3064 et
390 3004 607 3086 Eucharistiae,
632 3011 801 3085 praesentes
822 3005 930 3068 adesse
949 3003 1158 3066 conventibus
1168 3002 1224 3063 ira·

213 3102 371 3162 tenuitatis
395 3101 422 3162 si
438 3101 525 3162 nullo
545 3102 774 3183 impedimento
796 3107 979 3178 teneantur;
1004 3103 1184 3182 praecavere
1207 3115 1224 3158 a

213 3200 406 3262 vanitatibus
421 3206 453 3262 ct
465 3199 612 3278 periculis
626 3200 745 3276 saeculi,
761 3206 849 3264 etc...

275 3299 462 3360 Statuerunt
477 3298 531 3359 SS.
546 3298 715 3360 Pontifices
728 3305 764 3358 ut
778 3297 883 3359 nullus
899 3303 971 3378 post
982 3297 1101 3360 ordinis
1112 3296 1224 3376 ingres·

213 3395 283 3456 sum
310 3395 349 3456 de
373 3395 485 3457 eodem
511 3395 636 3472 regredi
658 3395 772 3472 valeat,
790 3396 851 3458 nisi
870 3396 1064 3458 transeundo
1079 3395 1120 3456 ad
1133 3393 1220 3456 aliam

213 3492 400 3572 religionem
411 3491 636 3572 'approbatam
650 3498 683 3554 at
695 3493 790 3555 simul
804 3493 1045 3556 declaraverunt
1059 3490 1220 3554 Tertiarios

198 3609 278 3652 non
297 3589 433 3667 obligari
452 3589 485 3650 in
500 3590 719 3653 observatione
733 3591 915 3670 regularum
931 3592 972 3652 ed
986 3589 1152 3652 mortalem
1167 3604 1219 3648 nec

213 3687 309 3749 etiam
318 3687 358 3748 ed
366 3687 522 3756 venialem
535 3689 671 3770 culpam,
683 3689 737 3752 sed
745 3689 927 3770 impositam
938 3689 996 3754 sibi
1010 3686 1218 3769 poenitentiam
