2582 4278
285 273 353 322 aar.
375 273 395 321 1.
416 273 551 322 δΤΔΤῑΙΤΑ
571 271 797 322 enarraturus.
997 265 1046 320 {3³

56 411 162 473 «copo,
180 398 331 470 tanquam
351 409 374 450 a
389 409 446 450 suo
464 390 638 470 superiore,
658 389 785 450 minora
804 388 951 468 quaedam
974 407 1046 468 quae

56 490 227 571 «pertinent
247 489 287 548 ad
305 489 426 548 bonum
446 488 591 550 ordinem
611 493 643 548 et
660 487 803 566 regimen
821 486 965 566 capituli,
981 493 1047 548 ste-

56 594 157 650 rtuere
178 586 274 647 etiam
298 585 364 646 sine
389 604 537 664 expresso
564 604 719 647 consensu
743 603 780 646 ac
806 584 1047 646 confirmatione

54 685 231 766 «llpiscopi;
253 701 352 762 eaque
371 688 490 745 statuta
509 703 573 746 non
591 688 684 744 erunt
702 680 735 742 in
755 682 859 761 rigore
877 682 974 761 leges,
994 681 1049 742 sed

55 782 281 846 «ordinationes
297 781 444 860 quaedam
459 781 517 842 sub
533 781 642 860 aliqua
656 779 811 842 fidelitate
824 780 1014 858 obligantes.
1028 802 1046 836 »

52 882 97 960 (lle
107 879 212 942 tuendo
225 897 301 960 pace
315 887 343 939 et
357 877 517 940 concordia
533 879 611 940 cister
626 875 810 959 Episcopum
826 886 855 940 et
869 877 1048 959 capitulum,

51 995 77 1039 n·
101 978 165 1039 138.
190 1008 232 1020 -
259 976 304 1038 uf.
335 978 469 1052 Suarez,
498 973 534 1038 de
555 974 701 1056 Legibus,
726 975 782 1036 lib.
811 977 869 1049 lv,
897 994 966 1054 cap.
998 992 1047 1052 vr,

51 1077 80 1136 nl
93 1074 208 1153 tt-la.)

97 1173 162 1235 395.
185 1207 225 1217 -
240 1174 297 1235 111⁰
317 1171 397 1247 Quid
405 1172 492 1252 juris
511 1171 731 1232 concessumst
744 1169 905 1252 Episcopis
926 1169 1045 1232 Gallia-

52 1290 113 1344 rum,
125 1269 250 1332 relative
263 1269 306 1331 cd
315 1277 429 1331 statute
444 1266 650 1349 capitularia?

97 1369 120 1430 1.
129 1369 164 1432 lu
174 1369 384 1430 Goncordato.
397 1373 457 1429 art.
469 1385 515 1440 xi,
523 1367 697 1428 admissam
707 1366 767 1428 fuit
777 1366 948 1446 Episcopos
959 1383 1050 1444 posse

54 1484 132 1526 unum
147 1465 327 1546 capitulum
346 1466 378 1526 in
397 1465 574 1526 cathedrali
592 1465 733 1527 Ecclesia
752 1464 883 1526 habere.
903 1463 976 1524 Pius
996 1463 1050 1526 Vll

54 1563 129 1642 igitur
138 1563 235 1640 dedit,
255 1582 314 1644 per
324 1563 449 1625 Bullam
464 1563 521 1643 qui
535 1560 653 1624 Christi
664 1561 799 1636 domini,
816 1560 976 1622 Cardinali
988 1563 1047 1622 Ga-

55 1679 138 1738 prara,
155 1665 277 1740 Legato
295 1680 315 1722 a
332 1660 437 1736 latere,
458 1659 671 1740 amplissimas
689 1659 855 1720 facultates
875 1659 917 1720 ad
939 1675 1052 1738 procu-

57 1759 167 1820 randum
183 1760 378 1820 erectionem
397 1757 622 1838 capitulorum,
647 1759 688 1819 ad
707 1758 907 1838 probandum
922 1756 1049 1818 illorum

57 1862 161 1932 statuta,
178 1863 210 1919 et
225 1858 269 1918 ad
284 1857 522 1919 concedendum
535 1856 743 1934 dignitatibus
758 1861 790 1916 et
803 1855 963 1916 canonicis
976 1854 1048 1914 insi-

59 1955 114 2031 gnia
127 1955 270 2017 choralis
284 1973 355 2034 quae
369 1955 432 2016 illis
447 1954 616 2016 convenire
632 1953 834 2034 judicaverit,
852 1970 925 2015 cum
942 1958 1050 2032 potes·

60 2057 105 2111 tate
121 2054 245 2114 easdem
260 2052 426 2114 facultates
441 2052 682 2131 subdelegandi.

103 2150 282 2224 Gardinalis,
294 2150 326 2211 vi
336 2150 467 2228 hujusce
480 2149 712 2211 constitutionis
722 2149 916 2228 apostolicae,
928 2165 1055 2210 conces·

59 2247 88 2307 sit
108 2249 358 2329 Arcbiepiscopis
386 2253 418 2310 et
446 2249 610 2328 Episcopis
637 2248 742 2326 primo
769 2247 893 2321 futuris,
920 2252 955 2307 ut
981 2251 1053 2325 post

17 2362 18 2368 ¹
59 2352 239 2416 consecutum
255 2347 397 2425 regimen
410 2364 475 2408 sure
490 2345 649 2417 Ecclesia,
668 2344 842 2423 capitulum
857 2344 918 2423 ipsi
932 2343 1052 2421 erigere

17 2458 19 2530 ξ
59 2448 175 2517 possent,
189 2443 286 2521 juxta
300 2444 425 2505 forman
440 2444 537 2504 sacris
553 2442 693 2504 conciliis
706 2442 937 2521 praescriptam,
954 2447 986 2502 et
1001 2441 1057 2502 ad·

17 2563 19 2644 f
58 2535 139 2615 jecit:
158 2567 172 2595 «
191 2541 308 2602 lisdem
328 2541 491 2621 Episcopis
509 2559 591 2602 curae
612 2541 672 2602 erit
689 2546 723 2601 ut
744 2559 814 2620 quae
833 2541 994 2620 pertinent
1013 2540 1053 2601 ad

17 2647 19 2732 l
62 2637 283 2715 «capitulorum
298 2639 520 2718 erigendorum
536 2657 724 2718 prosperum
739 2644 772 2700 et
782 2639 906 2700 felicem
922 2643 1053 2710 statum,

17 2737 20 2834 l
62 2734 223 2813 «regimen,
236 2737 442 2815 gubemium,
454 2736 672 2811 directionem,
683 2736 861 2798 divinorum
872 2736 1050 2797 officiorum

18 2837 20 2930 l
63 2849 73 2884 r
84 2831 328 2911 celebrationem,
347 2834 552 2896 caeremonias
573 2853 609 2894 ac
626 2833 706 2894 ritus
725 2833 758 2894 in
776 2833 888 2894 iisdem
911 2832 1050 2894 ecclesiis

18 2939 20 2972 l
61 2949 71 2979 u
84 2945 246 3010 earumque
262 2929 360 2992 choro
376 2932 558 3003 servandos,
575 2950 612 2993 ac
626 2932 689 2992 alia
703 2931 853 3011 quaelibet
865 2948 1056 3011 percorum-

18 2975 20 3073 Ῐ
62 3047 72 3075 «
83 3025 145 3086 dem
163 3028 378 3108 capitulorum
396 3029 568 3108 dignitates
583 3035 615 3091 et
633 3029 801 3090 canonicos
816 3030 964 3090 obeunda
980 3045 1052 3088 mu-

19 3129 20 3194 l
63 3122 135 3200 «nis,
150 3145 208 3204 pro
228 3128 413 3188 eorumdem
434 3127 662 3206 Episcoporum
679 3127 811 3188 arbitrio
831 3131 863 3188 et
881 3125 1051 3206 prudentia

19 3211 20 3256 ἶ
63 3241 72 3268 u
83 3219 264 3284 deliniantur
280 3229 312 3285 et
331 3224 587 3299 constituantur;
604 3224 715 3286 relicta
732 3229 841 3286 tamen
857 3241 968 3284 eorum
983 3241 1054 3283 suo·

19 3315 21 3379 l
64 3337 73 3367 s
85 3320 247 3381 sessoribus
265 3327 457 3382 statutorum
471 3322 599 3384 illorum
614 3321 861 3400 respectivorum
880 3321 1054 3380 immutan-

20 3473 21 3490 ἶ
63 3433 72 3463 c
84 3413 184 3476 dorum
195 3418 360 3492 facultate,
372 3419 523 3498 requisito
538 3419 626 3498 prius
638 3419 851 3499 capitulorum
860 3415 1004 3491 consilio,
1016 3418 1052 3494 si,

65 3514 199 3575 «attentis
214 3516 471 3590 circumstantiis,
487 3517 520 3577 id
536 3517 613 3578 utile
626 3521 658 3577 et
671 3521 886 3596 opportunum
895 3514 1056 3594 judicave-

65 3607 149 3673 «rint.
161 3612 196 3671 ln
210 3614 286 3693 ipsis
300 3619 407 3676 autem
421 3615 547 3676 statutis
562 3615 613 3676 vel
627 3614 809 3688 condendis,
822 3612 872 3674 vel
885 3612 1055 3674 immutan-

66 3704 135 3781 «dis,
149 3710 294 3788 religiosa
310 3729 472 3774 sacrorum
485 3731 643 3774 canonum
656 3711 857 3774 observantia
868 3711 1056 3784 retineatur,

896 3827 912 3880 8
