2642 4270
222 221 273 276 646
678 225 780 274 innan.

221 345 277 397 543.
293 343 484 396 'conditiones
497 342 632 407 requisito
646 345 678 392 ut
692 342 757 406 erigi
770 343 876 407 possint
889 341 1012 392 Ecclesiae
1028 344 1054 391 44
1068 345 1155 392 orato·

236 455 238 461 -
297 421 337 470 444
351 418 469 484 publica.
494 453 1155 470 ..........................
1189 419 1232 466 426

219 498 274 547 549.
291 495 483 546 *conditiones
496 495 601 559 imponi
615 495 700 546 solilae
720 493 810 558 quoad
827 494 1030 544 concessionem
1045 494 1156 543 oratorii

296 572 391 636 privati
393 602 1154 622 .............................
1187 570 1234 618 423

220 651 274 699 556.
291 649 303 671 ·
314 647 485 698 Condiciones
499 648 628 710 appositas
641 647 669 694 in
684 644 795 696 indultis
809 644 954 708 pontificiis
969 644 1059 708 quood
1075 658 1156 694 usum

299 724 409 776 oratorii
422 723 518 786 privati
521 757 685 772 .......
703 727 712 772 t
731 753 1156 772 .................
1189 722 1232 772 434

223 803 278 852 554.
298 800 388 860 Qualis
404 813 461 849 esse
477 799 572 849 debeat
586 799 654 848 44444
668 801 694 848 et
709 798 796 848 torma
810 797 989 848 Ecclesisram
993 832 1156 848 .......
1190 797 1233 848 434

336 919 349 976 5
364 918 387 966 2.
403 943 433 952 -
448 916 485 965 De
500 914 675 966 benedictione
689 918 715 964 ct
726 909 917 965 consecratione
931 913 1118 964 Ecclesiaram.

221 1019 276 1068 552.
296 1018 386 1077 'Quid
405 1019 439 1067 444
451 1017 602 1068 benedictio
619 1018 800 1068 ecclesiastica
802 1041 1157 1068 ..............
1190 1017 1234 1066 433

221 1096 277 1144 553.
294 1093 344 1142 'ln
362 1107 416 1157 quo
437 1093 588 1144 benedictio
605 1094 720 1158 simplex
738 1092 845 1143 diderat
864 1106 880 1143 a
896 1091 1097 1142 consecratione
1113 1095 1162 1143 Ec·

299 1168 439 1219 elesiarum
442 1201 1158 1220 ............................
1191 1169 1234 1217 435

225 1245 280 1295 554.
298 1244 419 1295 Canoncs
431 1245 464 1294 de
478 1245 636 1298 necessitate
653 1244 831 1297 benedicendi
840 1243 975 1296 'Ecclesiae
994 1279 1157 1294 .......
1191 1245 1234 1294 434

224 1321 278 1370 555.
297 1319 367 1377 Quid
380 1320 415 1370 444
428 1319 523 1370 titulus
538 1332 591 1383 quo
605 1320 729 1371 Ecclesiae
740 1319 810 1370 44444
824 1318 1102 1369 ritushcncdiclionis
1114 1317 1160 1368 do·

298 1399 407 1447 uantur.
431 1432 438 1446 .
462 1432 493 1448 .,
494 1429 1157 1447 ..........................
1190 1394 1232 1444 433

161 1511 163 1514 .
226 1473 280 1523 556.
298 1472 493 1531 'Quandonam
508 1472 633 1522 Ecclesiae
646 1476 807 1523 censeantur
821 1474 964 1522 exsecratas
966 1505 1158 1521 .......
1189 1471 1233 1520 433

223 1547 278 1596 554.
295 1545 427 1606 'Quando
448 1545 559 1609 pollulae
575 1546 706 1597 dicantur.
731 1580 1159 1596 .................
1192 1548 1234 1596 444

228 1622 283 1672 558.
300 1619 434 1671 'Effectus
445 1622 636 1672 exsecrationis
651 1625 677 1670 et
687 1621 843 1685 pollutionis
853 1621 1032 1672 Ecclesicrum
1045 1621 1161 1672 :modus
1197 1669 1199 1673 .

302 1698 452 1746 servandus
467 1697 495 1746 in
507 1697 724 1746 reconciliatione
739 1697 864 1748 Ecclesiae
878 1696 990 1760 polluas
993 1731 1160 1746 .......
1195 1697 1239 1747 442

219 1773 273 1822 553.
291 1771 380 1830 'Quid
391 1772 452 1836 jure
466 1772 652 1836 proscriptum
665 1773 699 1822 444
711 1773 744 1822 de
758 1772 848 1823 4444444
863 1773 1075 1822 4444444444444.
1094 1808 1101 1821 .
1121 1808 1130 1822 .
1149 1808 1157 1822 .
1192 1773 1237 1824 444

426 1884 439 1940 4
452 1882 476 1929 3.
491 1908 522 1916 -
536 1881 573 1930 444
586 1893 661 1930 sacra
674 1880 830 1938 supellectili
843 1879 1029 1930 Ecclesiaram.

224 1988 278 2037 566.
295 1985 384 2045 'Quid
398 1986 433 2036 444
442 1986 567 2050 supellex
582 1986 781 2037 Ecclesiarum:
798 1986 893 2036 calices
908 1991 935 2036 ei
947 1989 1061 2050 palense.
1078 1987 1159 2038 Cibo·

297 2061 368 2111 rium
385 2066 412 2111 44
423 2062 493 2125 nixis
507 2062 640 2112 destinato
654 2062 689 2113 ad
705 2062 940 2113 conservationem
957 2063 1052 2113 hosliae
1067 2076 1162 2114 conse·

297 2141 386 2188 cratae.
402 2139 495 2189 Lintea
513 2137 612 2188 4444444.
630 2138 709 2198 Crux,
728 2143 816 2188 restes
835 2139 1016 2189 sacerdotales
1035 2144 1062 2189 44
1074 2153 1160 2190 sacrm

298 2213 428 2277 imagines
431 2248 1129 2266 ...........................
1152 2249 1160 2264 .
1195 2217 1239 2266 447

221 2289 276 2339 564.
293 2287 509 2353 'campanarum
524 2288 675 2339 benedictio
691 2293 718 2339 44
731 2303 797 2339 4444
801 2324 1156 2342 ..............
1194 2292 1237 2341 453

266 2405 280 2462 5
296 2405 320 2454 4.
336 2428 367 2439 -
385 2405 421 2453 De
433 2403 496 2468 jure
509 2403 710 2466 praeminentis
727 2404 797 2454 inter
810 2403 941 2454 Ecclesiae
958 2408 983 2454 ct
999 2403 1197 2470 de·pr·ioile9iis

636 2478 818 2528 Basilicarum.

223 2599 277 2649 562.
297 2596 361 2655 Quae
379 2597 413 2650 sit
427 2598 495 2647 ratio
508 2596 643 2647 statuendi
657 2596 780 2646 ordinem
796 2597 1007 2659 praeminentia
1024 2598 1095 2648 inter
1109 2599 1159 2648 Ec·

215 2749 271 2800 ...
289 2672 429 2813 lilla
442 2707 736 2799 ammons
753 2707 894 2798 ’.4444
911 2708 944 2798 .·;
963 2706 1157 2799 ···············
1188 2677 1238 2800 ll

463 2867 475 2922 5
490 2865 514 2912 5.
530 2891 560 2900 -
575 2863 612 2911 De
626 2863 791 2912 immanitate
802 2861 988 2914 Ecclesiorum.

222 2982 277 3030 564.
295 2980 359 3039 Qum
372 2979 426 3028 sint
441 2977 624 3028 immunitates
639 2976 825 3030 Ecclesiarum.
838 2979 887 3030 444
903 2980 971 3044 asyli
984 2979 1057 3044 quod
1071 2980 1170 3030 444444--

297 3054 344 3104 4444
361 3067 520 3105 concessum
539 3052 590 3102 luit
593 3086 970 3104 ...............
985 3053 996 3105 '.
1016 3093 1023 3108 .
1043 3053 1076 3105 .'.
1096 3091 1104 3105 .
1122 3091 1130 3106 .
1150 3093 1157 3106 .
1194 3058 1238 3106 453

224 3132 279 3182 565.
297 3131 420 3189 Quonam
431 3129 492 3193 4444
508 3128 626 3180 inductas
641 3129 695 3179 4444
709 3129 896 3181 immunitates
915 3131 1104 3182 Ecclesiarum.
1124 3168 1131 3182 .
1151 3168 1158 3181 .
1193 3133 1238 3182 464

527 3265 584 3301 Alis.
602 3265 629 3310 11,
646 3277 677 3288 ··⁴
695 3263 729 3302 nil
746 3265 920 3303 calamannus.

219 3375 273 3425 566.
293 3371 345 3423 Gur
356 3372 507 3424 coemeteria
521 3377 686 3436 reponantur
698 3374 770 3438 apud
783 3373 944 3424 christianos
961 3373 1031 3424 44444
1042 3373 1103 3423 loon
1115 3385 1158 3422 so·
1195 3449 1201 3458 ἰ
1298 3445 1299 3450 ¹

219 3525 274 3575 a
291 3462 1156 3589 4444·444...ῑ.·4..·..·.·4;.ῖ.;.ς4.;.·4.·..·..·.;.ῑ.·..ῑ
1191 3448 1236 3498 *⁶³

294 3601 354 3662 tur3
368 3600 431 3663 quid
444 3601 700 3665 jurepraescriptum
709 3601 744 3651 sit
754 3601 787 3651 od
801 3600 1048 3650 reconciliationem
1061 3613 1157 3650 coeme

294 3675 353 3724 44444
369 3674 464 3738 polluti
467 3708 1151 3729 ...........................
1190 3675 1235 3724 464
