<?xml version="1.0" encoding="UTF-8"?>
<!DOCTYPE html PUBLIC "-//W3C//DTD XHTML 1.0 Transitional//EN"
    "http://www.w3.org/TR/xhtml1/DTD/xhtml1-transitional.dtd">
<html xmlns="http://www.w3.org/1999/xhtml" xml:lang="en" lang="en">
 <head>
  <title>
</title>
<meta http-equiv="Content-Type" content="text/html;charset=utf-8" />
  <meta name='ocr-system' content='tesseract 3.04.00' />
  <meta name='ocr-capabilities' content='ocr_page ocr_carea ocr_par ocr_line ocrx_word'/>
</head>
<body>
  <div class='ocr_page' id='page_1' title='image "./praelectionesju00murrgoog_0493.png"; bbox 0 0 2642 4268; ppageno 0'>
   <div class='ocr_carea' id='block_1_1' title="bbox 231 393 1297 579">
    <p class='ocr_par' dir='ltr' id='par_1_1' title="bbox 231 373 1297 579">
     <span class='ocr_line' id='line_1_1' title="bbox 231 393 1251 496; baseline -0.006 -35"><span class='ocrx_word' id='word_1_1' title='bbox 231 400 312 461; x_wconf 86' lang='lat' dir='ltr'><strong>vetis</strong></span> <span class='ocrx_word' id='word_1_2' title='bbox 337 400 443 478; x_wconf 75' lang='lat' dir='ltr'><strong>legum</strong></span> <span class='ocrx_word' id='word_1_3' title='bbox 471 393 772 479; x_wconf 80' lang='lat' dir='ltr'><strong>praescriptionibus.</strong></span> <span class='ocrx_word' id='word_1_4' title='bbox 808 399 850 460; x_wconf 82' lang='lat' dir='ltr'><strong>ut</strong></span> <span class='ocrx_word' id='word_1_5' title='bbox 878 397 1060 496; x_wconf 76' lang='lat' dir='ltr'><strong>inquiratur</strong></span> <span class='ocrx_word' id='word_1_6' title='bbox 1089 395 1165 477; x_wconf 86' lang='lat' dir='ltr'><strong>quis</strong></span> <span class='ocrx_word' id='word_1_7' title='bbox 1193 395 1251 456; x_wconf 86' lang='lat' dir='ltr'><strong>ha·</strong></span> 
     </span>
     <span class='ocr_line' id='line_1_2' title="bbox 236 491 1297 579; baseline -0.007 -19"><span class='ocrx_word' id='word_1_8' title='bbox 236 499 311 560; x_wconf 87' lang='lat' dir='ltr'><strong>beat</strong></span> <span class='ocrx_word' id='word_1_9' title='bbox 336 497 743 579; x_wconf 74' lang='lat' dir='ltr'><strong>hujusmodi-&#39;&#39;dominium,</strong></span> <span class='ocrx_word' id='word_1_10' title='bbox 774 496 967 577; x_wconf 71' lang='lat' dir='ltr'><strong>expendere*</strong></span> <span class='ocrx_word' id='word_1_11' title='bbox 981 491 1099 558; x_wconf 81' lang='lat' dir='ltr'><strong>sufficit</strong></span> <span class='ocrx_word' id='word_1_12' title='bbox 1121 493 1197 574; x_wconf 88' lang='lat' dir='ltr'><strong>quis</strong></span> <span class='ocrx_word' id='word_1_13' title='bbox 1219 493 1250 554; x_wconf 89' lang='lat' dir='ltr'><strong>in</strong></span> <span class='ocrx_word' id='word_1_14' title='bbox 1296 533 1297 562; x_wconf 71' lang='lat'><strong>,</strong></span> 
     </span>
    </p>
   </div>
   <div class='ocr_carea' id='block_1_2' title="bbox 232 273 979 333">
    <p class='ocr_par' dir='ltr' id='par_1_2' title="bbox 232 273 979 333">
     <span class='ocr_line' id='line_1_3' title="bbox 232 273 979 333; baseline -0.003 -5"><span class='ocrx_word' id='word_1_15' title='bbox 232 275 285 329; x_wconf 67' lang='lat'><strong>484</strong></span> <span class='ocrx_word' id='word_1_16' title='bbox 494 273 572 330; x_wconf 77' lang='lat' dir='ltr'><strong>elus</strong></span> <span class='ocrx_word' id='word_1_17' title='bbox 591 281 637 333; x_wconf 72' lang='lat' dir='ltr'><strong>ill,</strong></span> <span class='ocrx_word' id='word_1_18' title='bbox 659 281 715 330; x_wconf 74' lang='lat' dir='ltr'><strong>RES</strong></span> <span class='ocrx_word' id='word_1_19' title='bbox 734 279 979 330; x_wconf 76' lang='lat' dir='ltr'><strong>uocunslnsrlon.</strong></span> 
     </span>
    </p>
   </div>
   <div class='ocr_carea' id='block_1_3' title="bbox 137 595 1298 1269">
    <p class='ocr_par' dir='ltr' id='par_1_3' title="bbox 137 595 1298 971">
     <span class='ocr_line' id='line_1_4' title="bbox 231 595 1248 676; baseline -0.004 -19"><span class='ocrx_word' id='word_1_20' title='bbox 231 597 371 658; x_wconf 76' lang='lat' dir='ltr'><strong>Ecclesia</strong></span> <span class='ocrx_word' id='word_1_21' title='bbox 392 597 525 659; x_wconf 91' lang='lat' dir='ltr'><strong>idoneus</strong></span> <span class='ocrx_word' id='word_1_22' title='bbox 549 595 591 657; x_wconf 87' lang='lat' dir='ltr'><strong>sit</strong></span> <span class='ocrx_word' id='word_1_23' title='bbox 611 597 652 657; x_wconf 89' lang='lat' dir='ltr'><strong>ad</strong></span> <span class='ocrx_word' id='word_1_24' title='bbox 678 595 918 676; x_wconf 86' lang='lat' dir='ltr'><strong>acquirendum,</strong></span> <span class='ocrx_word' id='word_1_25' title='bbox 951 595 1045 656; x_wconf 88' lang='lat' dir='ltr'><strong>etde</strong></span> <span class='ocrx_word' id='word_1_26' title='bbox 1071 595 1160 655; x_wconf 87' lang='lat' dir='ltr'><strong>lacto</strong></span> <span class='ocrx_word' id='word_1_27' title='bbox 1184 611 1248 654; x_wconf 87' lang='lat' dir='ltr'><strong>rem</strong></span> 
     </span>
     <span class='ocr_line' id='line_1_5' title="bbox 137 681 1298 796; baseline -0.003 -39"><span class='ocrx_word' id='word_1_28' title='bbox 137 683 139 686; x_wconf 49' lang='grc'>’</span> <span class='ocrx_word' id='word_1_29' title='bbox 230 696 290 757; x_wconf 90' lang='lat' dir='ltr'><strong>sibi</strong></span> <span class='ocrx_word' id='word_1_30' title='bbox 316 695 497 777; x_wconf 76' lang='lat' dir='ltr'><strong>acquisierit</strong></span> <span class='ocrx_word' id='word_1_31' title='bbox 521 689 615 757; x_wconf 88' lang='lat' dir='ltr'><strong>titulo</strong></span> <span class='ocrx_word' id='word_1_32' title='bbox 635 687 797 775; x_wconf 74' lang='lat' dir='ltr'><strong>legitimo3</strong></span> <span class='ocrx_word' id='word_1_33' title='bbox 819 690 994 755; x_wconf 90' lang='lat' dir='ltr'><strong>dominium</strong></span> <span class='ocrx_word' id='word_1_34' title='bbox 1017 681 1103 754; x_wconf 87' lang='lat' dir='ltr'><strong>enirn</strong></span> <span class='ocrx_word' id='word_1_35' title='bbox 1127 692 1249 772; x_wconf 91' lang='lat' dir='ltr'><strong>duplici</strong></span> <span class='ocrx_word' id='word_1_36' title='bbox 1297 724 1298 796; x_wconf 55' lang='lat' dir='ltr'><strong>p</strong></span> 
     </span>
     <span class='ocr_line' id='line_1_6' title="bbox 228 790 1298 884; baseline -0.005 -30"><span class='ocrx_word' id='word_1_37' title='bbox 228 793 435 884; x_wconf 74' lang='lat' dir='ltr'><strong>fundamento</strong></span> <span class='ocrx_word' id='word_1_38' title='bbox 458 794 613 870; x_wconf 87' lang='lat' dir='ltr'><strong>innititur,</strong></span> <span class='ocrx_word' id='word_1_39' title='bbox 633 790 918 878; x_wconf 16' lang='lat' dir='ltr'><strong>jure-acquirendi</strong></span> <span class='ocrx_word' id='word_1_40' title='bbox 943 798 975 854; x_wconf 93' lang='lat' dir='ltr'><strong>et</strong></span> <span class='ocrx_word' id='word_1_41' title='bbox 998 793 1082 853; x_wconf 81' lang='lat' dir='ltr'><strong>lacto</strong></span> <span class='ocrx_word' id='word_1_42' title='bbox 1114 791 1249 870; x_wconf 87' lang='lat' dir='ltr'><strong>acquisi-</strong></span> <span class='ocrx_word' id='word_1_43' title='bbox 1297 815 1298 848; x_wconf 67' lang='lat' dir='ltr'><strong>r</strong></span> 
     </span>
     <span class='ocr_line' id='line_1_7' title="bbox 232 891 1167 971; baseline 0 -19"><span class='ocrx_word' id='word_1_44' title='bbox 232 891 326 952; x_wconf 87' lang='lat' dir='ltr'><strong>tionis</strong></span> <span class='ocrx_word' id='word_1_45' title='bbox 339 891 499 971; x_wconf 72' lang='lat' dir='ltr'><strong>legitima.</strong></span> <span class='ocrx_word' id='word_1_46' title='bbox 1163 905 1167 915; x_wconf 66' lang='grc'><em>“</em></span> 
     </span>
    </p>

    <p class='ocr_par' dir='ltr' id='par_1_4' title="bbox 230 981 1248 1269">
     <span class='ocr_line' id='line_1_8' title="bbox 290 981 1247 1072; baseline -0.003 -22"><span class='ocrx_word' id='word_1_47' title='bbox 290 991 315 1052; x_wconf 91' lang='grc' dir='ltr'><strong>Ι.</strong></span> <span class='ocrx_word' id='word_1_48' title='bbox 337 985 427 1052; x_wconf 78' lang='lat' dir='ltr'><strong>Bona¹</strong></span> <span class='ocrx_word' id='word_1_49' title='bbox 440 985 652 1054; x_wconf 83' lang='lat' dir='ltr'><strong>ecclesiastica</strong></span> <span class='ocrx_word' id='word_1_50' title='bbox 665 991 836 1072; x_wconf 88' lang='lat' dir='ltr'><strong>pertinent,</strong></span> <span class='ocrx_word' id='word_1_51' title='bbox 854 981 917 1053; x_wconf 80' lang='lat' dir='ltr'><strong>alia</strong></span> <span class='ocrx_word' id='word_1_52' title='bbox 931 991 972 1052; x_wconf 88' lang='lat' dir='ltr'><strong>ad</strong></span> <span class='ocrx_word' id='word_1_53' title='bbox 985 988 1165 1052; x_wconf 79' lang='lat' dir='ltr'><strong>Ecclesiam</strong></span> <span class='ocrx_word' id='word_1_54' title='bbox 1179 987 1247 1048; x_wconf 89' lang='lat' dir='ltr'><strong>uni-</strong></span> 
     </span>
     <span class='ocr_line' id='line_1_9' title="bbox 230 1076 1248 1170; baseline -0.001 -22"><span class='ocrx_word' id='word_1_55' title='bbox 230 1085 396 1164; x_wconf 85' lang='lat' dir='ltr'><strong>versalem,</strong></span> <span class='ocrx_word' id='word_1_56' title='bbox 413 1089 477 1152; x_wconf 88' lang='lat' dir='ltr'><strong>alia</strong></span> <span class='ocrx_word' id='word_1_57' title='bbox 490 1089 531 1151; x_wconf 88' lang='lat' dir='ltr'><strong>ad</strong></span> <span class='ocrx_word' id='word_1_58' title='bbox 543 1083 699 1153; x_wconf 77' lang='lat' dir='ltr'><strong>Ecclesiae</strong></span> <span class='ocrx_word' id='word_1_59' title='bbox 710 1090 928 1170; x_wconf 85' lang='lat' dir='ltr'><strong>particulares,</strong></span> <span class='ocrx_word' id='word_1_60' title='bbox 944 1076 999 1150; x_wconf 79' lang='lat' dir='ltr'><strong>seu</strong></span> <span class='ocrx_word' id='word_1_61' title='bbox 1013 1088 1054 1150; x_wconf 91' lang='lat' dir='ltr'><strong>ad</strong></span> <span class='ocrx_word' id='word_1_62' title='bbox 1070 1087 1248 1150; x_wconf 88' lang='lat' dir='ltr'><strong>communi-</strong></span> 
     </span>
     <span class='ocr_line' id='line_1_10' title="bbox 231 1183 1248 1269; baseline -0.001 -23"><span class='ocrx_word' id='word_1_63' title='bbox 231 1191 311 1248; x_wconf 85' lang='lat' dir='ltr'><strong>tates</strong></span> <span class='ocrx_word' id='word_1_64' title='bbox 325 1189 475 1250; x_wconf 79' lang='lat' dir='ltr'><strong>canonice</strong></span> <span class='ocrx_word' id='word_1_65' title='bbox 490 1183 753 1269; x_wconf 57' lang='lat' dir='ltr'><strong>erectas,1quibus</strong></span> <span class='ocrx_word' id='word_1_66' title='bbox 767 1189 860 1250; x_wconf 87' lang='lat' dir='ltr'><strong>titulo</strong></span> <span class='ocrx_word' id='word_1_67' title='bbox 873 1186 1078 1268; x_wconf 76' lang='lat' dir='ltr'><strong>proprietatis</strong></span> <span class='ocrx_word' id='word_1_68' title='bbox 1094 1185 1248 1266; x_wconf 80' lang='lat' dir='ltr'><strong>aequisita</strong></span> 
     </span>
    </p>
   </div>
   <div class='ocr_carea' id='block_1_4' title="bbox 114 1285 1247 1367">
    <p class='ocr_par' dir='ltr' id='par_1_5' title="bbox 114 1285 1247 1367">
     <span class='ocr_line' id='line_1_11' title="bbox 114 1285 1247 1367; baseline -0.004 -20"><span class='ocrx_word' id='word_1_69' title='bbox 114 1297 117 1302; x_wconf 80' lang='grc'>’</span> <span class='ocrx_word' id='word_1_70' title='bbox 230 1287 375 1361; x_wconf 86' lang='lat' dir='ltr'><strong>luerunt;</strong></span> <span class='ocrx_word' id='word_1_71' title='bbox 397 1305 469 1348; x_wconf 90' lang='lat' dir='ltr'><strong>cum</strong></span> <span class='ocrx_word' id='word_1_72' title='bbox 490 1288 598 1349; x_wconf 86' lang='lat' dir='ltr'><strong>debita</strong></span> <span class='ocrx_word' id='word_1_73' title='bbox 616 1287 812 1366; x_wconf 79' lang='lat' dir='ltr'><strong>subjectione</strong></span> <span class='ocrx_word' id='word_1_74' title='bbox 828 1288 893 1367; x_wconf 90' lang='lat' dir='ltr'><strong>juri</strong></span> <span class='ocrx_word' id='word_1_75' title='bbox 905 1299 1061 1366; x_wconf 78' lang='lat' dir='ltr'><strong>‘supremo</strong></span> <span class='ocrx_word' id='word_1_76' title='bbox 1081 1285 1247 1364; x_wconf 87' lang='lat' dir='ltr'><strong>dispensa·</strong></span> 
     </span>
    </p>
   </div>
   <div class='ocr_carea' id='block_1_5' title="bbox 181 1377 1302 3829">
    <p class='ocr_par' dir='ltr' id='par_1_6' title="bbox 231 1377 1300 1566">
     <span class='ocr_line' id='line_1_12' title="bbox 231 1377 1300 1467; baseline -0.001 -19"><span class='ocrx_word' id='word_1_77' title='bbox 231 1387 337 1448; x_wconf 89' lang='lat' dir='ltr'><strong>tionis·</strong></span> <span class='ocrx_word' id='word_1_78' title='bbox 349 1403 412 1467; x_wconf 87' lang='lat' dir='ltr'><strong>quo</strong></span> <span class='ocrx_word' id='word_1_79' title='bbox 436 1385 536 1465; x_wconf 87' lang='lat' dir='ltr'><strong>pollet</strong></span> <span class='ocrx_word' id='word_1_80' title='bbox 552 1389 584 1449; x_wconf 91' lang='lat' dir='ltr'><strong>S.</strong></span> <span class='ocrx_word' id='word_1_81' title='bbox 604 1377 761 1448; x_wconf 83' lang='lat' dir='ltr'><strong>Pontifex.</strong></span> <span class='ocrx_word' id='word_1_82' title='bbox 782 1409 799 1442; x_wconf 79' lang='lat' dir='ltr'><strong>u</strong></span> <span class='ocrx_word' id='word_1_83' title='bbox 817 1385 998 1450; x_wconf 75' lang='lat' dir='ltr'><strong>Communis</strong></span> <span class='ocrx_word' id='word_1_84' title='bbox 1015 1390 1065 1448; x_wconf 86' lang='lat' dir='ltr'><strong>est</strong></span> <span class='ocrx_word' id='word_1_85' title='bbox 1079 1386 1245 1456; x_wconf 82' lang='lat' dir='ltr'><strong>sententia,</strong></span> <span class='ocrx_word' id='word_1_86' title='bbox 1299 1423 1300 1440; x_wconf 61' lang='lat'><strong>,</strong></span> 
     </span>
     <span class='ocr_line' id='line_1_13' title="bbox 234 1471 1248 1566; baseline 0.006 -26"><span class='ocrx_word' id='word_1_87' title='bbox 234 1511 249 1541; x_wconf 71' lang='lat' dir='ltr'><strong>a</strong></span> <span class='ocrx_word' id='word_1_88' title='bbox 271 1485 315 1546; x_wconf 89' lang='lat' dir='ltr'><strong>ait</strong></span> <span class='ocrx_word' id='word_1_89' title='bbox 331 1481 625 1563; x_wconf 81' lang='lat' dir='ltr'><strong>Schmalzgrueber,</strong></span> <span class='ocrx_word' id='word_1_90' title='bbox 643 1486 728 1566; x_wconf 90' lang='lat' dir='ltr'><strong>quod</strong></span> <span class='ocrx_word' id='word_1_91' title='bbox 746 1485 922 1546; x_wconf 87' lang='lat' dir='ltr'><strong>dominium</strong></span> <span class='ocrx_word' id='word_1_92' title='bbox 938 1471 1136 1565; x_wconf 85' lang='lat' dir='ltr'><strong>particulare</strong></span> <span class='ocrx_word' id='word_1_93' title='bbox 1150 1485 1248 1546; x_wconf 90' lang='lat' dir='ltr'><strong>bono·</strong></span> 
     </span>
    </p>

    <p class='ocr_par' dir='ltr' id='par_1_7' title="bbox 201 1583 1246 1664">
     <span class='ocr_line' id='line_1_14' title="bbox 201 1583 1246 1664; baseline 0.005 -25"><span class='ocrx_word' id='word_1_94' title='bbox 201 1611 202 1614; x_wconf 32' lang='lat'>¹</span> <span class='ocrx_word' id='word_1_95' title='bbox 233 1601 341 1644; x_wconf 88' lang='lat' dir='ltr'><strong>«rum</strong></span> <span class='ocrx_word' id='word_1_96' title='bbox 368 1583 653 1646; x_wconf 88' lang='lat' dir='ltr'><strong>ecclesiasticorum</strong></span> <span class='ocrx_word' id='word_1_97' title='bbox 678 1585 720 1645; x_wconf 90' lang='lat' dir='ltr'><strong>sit</strong></span> <span class='ocrx_word' id='word_1_98' title='bbox 746 1588 844 1664; x_wconf 81' lang='lat' dir='ltr'><strong>penes</strong></span> <span class='ocrx_word' id='word_1_99' title='bbox 868 1584 955 1664; x_wconf 90' lang='lat' dir='ltr'><strong>ipsas</strong></span> <span class='ocrx_word' id='word_1_100' title='bbox 983 1583 1161 1657; x_wconf 87' lang='lat' dir='ltr'><strong>Ecclesias,</strong></span> <span class='ocrx_word' id='word_1_101' title='bbox 1187 1583 1246 1644; x_wconf 86' lang='lat' dir='ltr'><strong>sive</strong></span> 
     </span>
    </p>

    <p class='ocr_par' dir='ltr' id='par_1_8' title="bbox 232 1681 1245 1769">
     <span class='ocr_line' id='line_1_15' title="bbox 232 1681 1245 1769; baseline 0.004 -31"><span class='ocrx_word' id='word_1_102' title='bbox 232 1705 248 1738; x_wconf 79' lang='lat' dir='ltr'><strong>u</strong></span> <span class='ocrx_word' id='word_1_103' title='bbox 271 1681 450 1769; x_wconf 67' lang='lat' dir='ltr'><strong>collegisset</strong></span> <span class='ocrx_word' id='word_1_104' title='bbox 464 1683 604 1762; x_wconf 84' lang='lat' dir='ltr'><strong>capitula</strong></span> <span class='ocrx_word' id='word_1_105' title='bbox 621 1683 827 1757; x_wconf 63' lang='lat' dir='ltr'><strong>clericorum</strong></span> <span class='ocrx_word' id='word_1_106' title='bbox 846 1688 902 1744; x_wconf 90' lang='lat' dir='ltr'><strong>aut</strong></span> <span class='ocrx_word' id='word_1_107' title='bbox 918 1681 973 1744; x_wconf 90' lang='lat' dir='ltr'><strong>ubi</strong></span> <span class='ocrx_word' id='word_1_108' title='bbox 987 1682 1067 1743; x_wconf 87' lang='lat' dir='ltr'><strong>talia</strong></span> <span class='ocrx_word' id='word_1_109' title='bbox 1081 1700 1150 1743; x_wconf 89' lang='lat' dir='ltr'><strong>non</strong></span> <span class='ocrx_word' id='word_1_110' title='bbox 1168 1687 1245 1763; x_wconf 81' lang='lat' dir='ltr'><strong>sunt,</strong></span> 
     </span>
    </p>

    <p class='ocr_par' dir='ltr' id='par_1_9' title="bbox 234 1775 1244 1860">
     <span class='ocr_line' id='line_1_16' title="bbox 234 1775 1244 1860; baseline 0.001 -22"><span class='ocrx_word' id='word_1_111' title='bbox 234 1801 249 1838; x_wconf 79' lang='lat' dir='ltr'><strong>u</strong></span> <span class='ocrx_word' id='word_1_112' title='bbox 270 1775 635 1860; x_wconf 78' lang='lat' dir='ltr'><strong>pcnesco&#39;mmunitatem</strong></span> <span class='ocrx_word' id='word_1_113' title='bbox 644 1781 785 1843; x_wconf 87' lang='lat' dir='ltr'><strong>fidelium</strong></span> <span class='ocrx_word' id='word_1_114' title='bbox 794 1779 834 1842; x_wconf 91' lang='lat' dir='ltr'><strong>ad</strong></span> <span class='ocrx_word' id='word_1_115' title='bbox 842 1780 1014 1843; x_wconf 88' lang='lat' dir='ltr'><strong>Ecclesiam</strong></span> <span class='ocrx_word' id='word_1_116' title='bbox 1023 1780 1244 1860; x_wconf 86' lang='lat' dir='ltr'><strong>spectantium,</strong></span> 
     </span>
    </p>

    <p class='ocr_par' dir='ltr' id='par_1_10' title="bbox 233 1879 1244 1960">
     <span class='ocr_line' id='line_1_17' title="bbox 233 1879 1244 1960; baseline 0.003 -24"><span class='ocrx_word' id='word_1_117' title='bbox 233 1905 249 1936; x_wconf 85' lang='lat'>«</span> <span class='ocrx_word' id='word_1_118' title='bbox 270 1880 296 1940; x_wconf 90' lang='lat' dir='ltr'><strong>si</strong></span> <span class='ocrx_word' id='word_1_119' title='bbox 315 1880 455 1943; x_wconf 78' lang='lat' dir='ltr'><strong>Ecclesia</strong></span> <span class='ocrx_word' id='word_1_120' title='bbox 475 1882 516 1942; x_wconf 88' lang='lat' dir='ltr'><strong>sit</strong></span> <span class='ocrx_word' id='word_1_121' title='bbox 534 1880 711 1956; x_wconf 78' lang='lat' dir='ltr'><strong>saecularis3</strong></span> <span class='ocrx_word' id='word_1_122' title='bbox 732 1881 758 1942; x_wconf 90' lang='lat' dir='ltr'><strong>si</strong></span> <span class='ocrx_word' id='word_1_123' title='bbox 778 1897 861 1943; x_wconf 80' lang='lat' dir='ltr'><strong>vero·</strong></span> <span class='ocrx_word' id='word_1_124' title='bbox 875 1879 1040 1960; x_wconf 77' lang='lat' dir='ltr'><strong>regularis,</strong></span> <span class='ocrx_word' id='word_1_125' title='bbox 1064 1883 1165 1960; x_wconf 79' lang='lat' dir='ltr'><strong>penes</strong></span> <span class='ocrx_word' id='word_1_126' title='bbox 1179 1879 1244 1959; x_wconf 89' lang='lat' dir='ltr'><strong>ipsa</strong></span> 
     </span>
    </p>

    <p class='ocr_par' dir='ltr' id='par_1_11' title="bbox 232 1977 1237 2066">
     <span class='ocr_line' id='line_1_18' title="bbox 232 1977 1237 2066; baseline 0.003 -31"><span class='ocrx_word' id='word_1_127' title='bbox 232 2001 248 2035; x_wconf 74' lang='grc' dir='ltr'><strong>ι(</strong></span> <span class='ocrx_word' id='word_1_128' title='bbox 270 1977 1237 2066; x_wconf 75' lang='lat' dir='ltr'><strong>monasteria,seuconventusetcommunitatesreligiosorum</strong></span> 
     </span>
    </p>

    <p class='ocr_par' dir='ltr' id='par_1_12' title="bbox 230 2077 1302 2258">
     <span class='ocr_line' id='line_1_19' title="bbox 233 2077 1302 2158; baseline 0 -20"><span class='ocrx_word' id='word_1_129' title='bbox 233 2101 249 2134; x_wconf 89' lang='lat'>«</span> <span class='ocrx_word' id='word_1_130' title='bbox 270 2077 295 2138; x_wconf 88' lang='lat' dir='ltr'><strong>si</strong></span> <span class='ocrx_word' id='word_1_131' title='bbox 312 2077 368 2140; x_wconf 87' lang='lat' dir='ltr'><strong>illa</strong></span> <span class='ocrx_word' id='word_1_132' title='bbox 384 2079 447 2140; x_wconf 89' lang='lat' dir='ltr'><strong>sint</strong></span> <span class='ocrx_word' id='word_1_133' title='bbox 462 2079 593 2140; x_wconf 89' lang='lat' dir='ltr'><strong>dominii</strong></span> <span class='ocrx_word' id='word_1_134' title='bbox 609 2078 749 2158; x_wconf 85' lang='lat' dir='ltr'><strong>capacia.</strong></span> <span class='ocrx_word' id='word_1_135' title='bbox 771 2101 786 2134; x_wconf 85' lang='lat'>»</span> <span class='ocrx_word' id='word_1_136' title='bbox 804 2079 852 2158; x_wconf 89' lang='lat' dir='ltr'><strong>(In</strong></span> <span class='ocrx_word' id='word_1_137' title='bbox 867 2077 915 2139; x_wconf 89' lang='lat' dir='ltr'><strong>tit.</strong></span> <span class='ocrx_word' id='word_1_138' title='bbox 935 2095 973 2152; x_wconf 84' lang='lat' dir='ltr'><strong>aa</strong></span> <span class='ocrx_word' id='word_1_139' title='bbox 990 2079 1128 2141; x_wconf 82' lang='lat' dir='ltr'><strong>Pucunro</strong></span> <span class='ocrx_word' id='word_1_140' title='bbox 1145 2093 1236 2139; x_wconf 79' lang='lat' dir='ltr'><strong>cnun-</strong></span> <span class='ocrx_word' id='word_1_141' title='bbox 1301 2125 1302 2132; x_wconf 43' lang='lat'><strong>,</strong></span> 
     </span>
     <span class='ocr_line' id='line_1_20' title="bbox 230 2177 718 2258; baseline -0.002 -20"><span class='ocrx_word' id='word_1_142' title='bbox 230 2191 339 2249; x_wconf 73' lang='lat' dir='ltr'><strong>corun,</strong></span> <span class='ocrx_word' id='word_1_143' title='bbox 356 2187 390 2237; x_wconf 65' lang='lat' dir='ltr'><strong>n⁰</strong></span> <span class='ocrx_word' id='word_1_144' title='bbox 402 2180 433 2251; x_wconf 79' lang='lat' dir='ltr'><strong>l,</strong></span> <span class='ocrx_word' id='word_1_145' title='bbox 451 2177 506 2240; x_wconf 91' lang='lat' dir='ltr'><strong>lib.</strong></span> <span class='ocrx_word' id='word_1_146' title='bbox 524 2179 565 2239; x_wconf 96' lang='lat' dir='ltr'><strong>lll</strong></span> <span class='ocrx_word' id='word_1_147' title='bbox 580 2177 718 2258; x_wconf 82' lang='lat' dir='ltr'><strong>Deeret.)</strong></span> 
     </span>
    </p>

    <p class='ocr_par' dir='ltr' id='par_1_13' title="bbox 181 2275 1241 3140">
     <span class='ocr_line' id='line_1_21' title="bbox 181 2275 1240 2357; baseline 0 -19"><span class='ocrx_word' id='word_1_148' title='bbox 181 2307 186 2318; x_wconf 92' lang='lat'>·</span> <span class='ocrx_word' id='word_1_149' title='bbox 289 2275 430 2338; x_wconf 80' lang='lat' dir='ltr'><strong>Ecclesia</strong></span> <span class='ocrx_word' id='word_1_150' title='bbox 443 2278 586 2338; x_wconf 84' lang='lat' dir='ltr'><strong>Romana</strong></span> <span class='ocrx_word' id='word_1_151' title='bbox 599 2277 716 2338; x_wconf 88' lang='lat' dir='ltr'><strong>multas</strong></span> <span class='ocrx_word' id='word_1_152' title='bbox 727 2275 804 2338; x_wconf 89' lang='lat' dir='ltr'><strong>olim</strong></span> <span class='ocrx_word' id='word_1_153' title='bbox 817 2276 1030 2356; x_wconf 90' lang='lat' dir='ltr'><strong>possessiones</strong></span> <span class='ocrx_word' id='word_1_154' title='bbox 1044 2275 1164 2338; x_wconf 89' lang='lat' dir='ltr'><strong>habuit</strong></span> <span class='ocrx_word' id='word_1_155' title='bbox 1176 2293 1240 2357; x_wconf 85' lang='lat' dir='ltr'><strong>quae</strong></span> 
     </span>
     <span class='ocr_line' id='line_1_22' title="bbox 227 2374 1239 2456; baseline -0.001 -20"><span class='ocrx_word' id='word_1_156' title='bbox 227 2374 288 2454; x_wconf 86' lang='lat' dir='ltr'><strong>ipsi</strong></span> <span class='ocrx_word' id='word_1_157' title='bbox 304 2375 386 2436; x_wconf 78' lang='lat' dir='ltr'><strong>datae</strong></span> <span class='ocrx_word' id='word_1_158' title='bbox 400 2376 526 2437; x_wconf 87' lang='lat' dir='ltr'><strong>fuerant</strong></span> <span class='ocrx_word' id='word_1_159' title='bbox 540 2393 580 2436; x_wconf 87' lang='lat' dir='ltr'><strong>ex</strong></span> <span class='ocrx_word' id='word_1_160' title='bbox 596 2375 725 2436; x_wconf 84' lang='lat' dir='ltr'><strong>diversis</strong></span> <span class='ocrx_word' id='word_1_161' title='bbox 739 2374 933 2456; x_wconf 74' lang='lat' dir='ltr'><strong>regionibus,</strong></span> <span class='ocrx_word' id='word_1_162' title='bbox 949 2380 985 2435; x_wconf 91' lang='lat' dir='ltr'><strong>ut</strong></span> <span class='ocrx_word' id='word_1_163' title='bbox 999 2375 1239 2437; x_wconf 75' lang='lat' dir='ltr'><strong>constitueretur</strong></span> 
     </span>
     <span class='ocr_line' id='line_1_23' title="bbox 229 2473 1240 2554; baseline -0.002 -18"><span class='ocrx_word' id='word_1_164' title='bbox 229 2473 457 2553; x_wconf 82' lang='lat' dir='ltr'><strong>patrimonium</strong></span> <span class='ocrx_word' id='word_1_165' title='bbox 488 2473 588 2536; x_wconf 86' lang='lat' dir='ltr'><strong>sancti</strong></span> <span class='ocrx_word' id='word_1_166' title='bbox 603 2474 708 2547; x_wconf 80' lang='lat' dir='ltr'><strong>Petri,</strong></span> <span class='ocrx_word' id='word_1_167' title='bbox 745 2479 842 2554; x_wconf 88' lang='lat' dir='ltr'><strong>atque</strong></span> <span class='ocrx_word' id='word_1_168' title='bbox 870 2473 903 2533; x_wconf 90' lang='lat' dir='ltr'><strong>in</strong></span> <span class='ocrx_word' id='word_1_169' title='bbox 938 2474 1059 2535; x_wconf 91' lang='lat' dir='ltr'><strong>bonum</strong></span> <span class='ocrx_word' id='word_1_170' title='bbox 1098 2473 1240 2535; x_wconf 78' lang='lat' dir='ltr'><strong>Ecclesia</strong></span> 
     </span>
     <span class='ocr_line' id='line_1_24' title="bbox 229 2571 1240 2651; baseline 0.002 -21"><span class='ocrx_word' id='word_1_171' title='bbox 229 2571 414 2633; x_wconf 88' lang='lat' dir='ltr'><strong>universalis</strong></span> <span class='ocrx_word' id='word_1_172' title='bbox 440 2571 637 2633; x_wconf 80' lang='lat' dir='ltr'><strong>inservirent.</strong></span> <span class='ocrx_word' id='word_1_173' title='bbox 667 2571 849 2633; x_wconf 88' lang='lat' dir='ltr'><strong>Dominium</strong></span> <span class='ocrx_word' id='word_1_174' title='bbox 881 2571 1009 2651; x_wconf 88' lang='lat' dir='ltr'><strong>proprie</strong></span> <span class='ocrx_word' id='word_1_175' title='bbox 1036 2571 1164 2632; x_wconf 87' lang='lat' dir='ltr'><strong>dietum</strong></span> <span class='ocrx_word' id='word_1_176' title='bbox 1186 2571 1240 2632; x_wconf 91' lang='lat' dir='ltr'><strong>ho·</strong></span> 
     </span>
     <span class='ocr_line' id='line_1_25' title="bbox 229 2663 1238 2750; baseline 0.002 -23"><span class='ocrx_word' id='word_1_177' title='bbox 229 2686 301 2729; x_wconf 92' lang='lat' dir='ltr'><strong>rum</strong></span> <span class='ocrx_word' id='word_1_178' title='bbox 325 2663 481 2731; x_wconf 84' lang='lat' dir='ltr'><strong>bonorum</strong></span> <span class='ocrx_word' id='word_1_179' title='bbox 495 2669 632 2750; x_wconf 91' lang='lat' dir='ltr'><strong>pertinet</strong></span> <span class='ocrx_word' id='word_1_180' title='bbox 646 2669 743 2748; x_wconf 81' lang='lat' dir='ltr'><strong>igitur</strong></span> <span class='ocrx_word' id='word_1_181' title='bbox 764 2671 805 2730; x_wconf 88' lang='lat' dir='ltr'><strong>ad</strong></span> <span class='ocrx_word' id='word_1_182' title='bbox 821 2669 994 2731; x_wconf 83' lang='lat' dir='ltr'><strong>Ecclesiam</strong></span> <span class='ocrx_word' id='word_1_183' title='bbox 1017 2669 1238 2742; x_wconf 88' lang='lat' dir='ltr'><strong>universalem,</strong></span> 
     </span>
     <span class='ocr_line' id='line_1_26' title="bbox 231 2765 1240 2847; baseline 0.002 -21"><span class='ocrx_word' id='word_1_184' title='bbox 231 2765 319 2844; x_wconf 88' lang='lat' dir='ltr'><strong>cujus</strong></span> <span class='ocrx_word' id='word_1_185' title='bbox 328 2767 474 2847; x_wconf 90' lang='lat' dir='ltr'><strong>princeps</strong></span> <span class='ocrx_word' id='word_1_186' title='bbox 484 2773 516 2830; x_wconf 90' lang='lat' dir='ltr'><strong>et</strong></span> <span class='ocrx_word' id='word_1_187' title='bbox 525 2785 667 2829; x_wconf 90' lang='lat' dir='ltr'><strong>summus</strong></span> <span class='ocrx_word' id='word_1_188' title='bbox 678 2767 913 2830; x_wconf 86' lang='lat' dir='ltr'><strong>administrator</strong></span> <span class='ocrx_word' id='word_1_189' title='bbox 923 2769 1126 2829; x_wconf 83' lang='lat' dir='ltr'><strong>estPontilex</strong></span> <span class='ocrx_word' id='word_1_190' title='bbox 1135 2766 1240 2830; x_wconf 83' lang='lat' dir='ltr'><strong>Roma·</strong></span> 
     </span>
     <span class='ocr_line' id='line_1_27' title="bbox 230 2859 1241 2946; baseline 0.004 -22"><span class='ocrx_word' id='word_1_191' title='bbox 230 2882 299 2925; x_wconf 90' lang='lat' dir='ltr'><strong>nus.</strong></span> <span class='ocrx_word' id='word_1_192' title='bbox 316 2865 414 2926; x_wconf 89' lang='lat' dir='ltr'><strong>Nemo</strong></span> <span class='ocrx_word' id='word_1_193' title='bbox 432 2859 515 2926; x_wconf 75' lang='lat' dir='ltr'><strong>ce&#39;rte</strong></span> <span class='ocrx_word' id='word_1_194' title='bbox 534 2865 764 2928; x_wconf 87' lang='lat' dir='ltr'><strong>catholicorum</strong></span> <span class='ocrx_word' id='word_1_195' title='bbox 781 2866 926 2928; x_wconf 89' lang='lat' dir='ltr'><strong>dubitare</strong></span> <span class='ocrx_word' id='word_1_196' title='bbox 940 2870 1045 2946; x_wconf 89' lang='lat' dir='ltr'><strong>potest</strong></span> <span class='ocrx_word' id='word_1_197' title='bbox 1063 2866 1144 2946; x_wconf 89' lang='lat' dir='ltr'><strong>quin</strong></span> <span class='ocrx_word' id='word_1_198' title='bbox 1165 2885 1241 2928; x_wconf 77' lang='lat' dir='ltr'><strong>asse</strong></span> 
     </span>
     <span class='ocr_line' id='line_1_28' title="bbox 230 2961 1237 3042; baseline 0.002 -20"><span class='ocrx_word' id='word_1_199' title='bbox 230 2961 323 3023; x_wconf 86' lang='lat' dir='ltr'><strong>aiatio</strong></span> <span class='ocrx_word' id='word_1_200' title='bbox 337 2963 523 3025; x_wconf 83' lang='lat' dir='ltr'><strong>universalis</strong></span> <span class='ocrx_word' id='word_1_201' title='bbox 530 2964 683 3042; x_wconf 88' lang='lat' dir='ltr'><strong>fidelium,</strong></span> <span class='ocrx_word' id='word_1_202' title='bbox 695 2964 752 3026; x_wconf 90' lang='lat' dir='ltr'><strong>suh</strong></span> <span class='ocrx_word' id='word_1_203' title='bbox 764 2965 950 3026; x_wconf 84' lang='lat' dir='ltr'><strong>auctoritate</strong></span> <span class='ocrx_word' id='word_1_204' title='bbox 964 2967 1054 3026; x_wconf 88' lang='lat' dir='ltr'><strong>Rom.</strong></span> <span class='ocrx_word' id='word_1_205' title='bbox 1068 2964 1237 3034; x_wconf 87' lang='lat' dir='ltr'><strong>Pontificis,</strong></span> 
     </span>
     <span class='ocr_line' id='line_1_29' title="bbox 230 3059 1237 3140; baseline 0.002 -20"><span class='ocrx_word' id='word_1_206' title='bbox 230 3059 542 3140; x_wconf 75' lang='lat' dir='ltr'><strong>qulam-appellamus</strong></span> <span class='ocrx_word' id='word_1_207' title='bbox 561 3060 733 3122; x_wconf 87' lang='lat' dir='ltr'><strong>Ecclesiam</strong></span> <span class='ocrx_word' id='word_1_208' title='bbox 750 3061 958 3137; x_wconf 80' lang='lat' dir='ltr'><strong>catholicam,</strong></span> <span class='ocrx_word' id='word_1_209' title='bbox 978 3079 1032 3122; x_wconf 88' lang='lat' dir='ltr'><strong>seu</strong></span> <span class='ocrx_word' id='word_1_210' title='bbox 1052 3064 1237 3134; x_wconf 88' lang='lat' dir='ltr'><strong>Romanam,</strong></span> 
     </span>
    </p>

    <p class='ocr_par' dir='ltr' id='par_1_14' title="bbox 229 3156 1239 3334">
     <span class='ocr_line' id='line_1_30' title="bbox 230 3156 1239 3240; baseline 0.001 -22"><span class='ocrx_word' id='word_1_211' title='bbox 230 3156 269 3218; x_wconf 88' lang='lat' dir='ltr'><strong>sit</strong></span> <span class='ocrx_word' id='word_1_212' title='bbox 283 3161 386 3237; x_wconf 84' lang='lat' dir='ltr'><strong>capax</strong></span> <span class='ocrx_word' id='word_1_213' title='bbox 395 3158 527 3219; x_wconf 91' lang='lat' dir='ltr'><strong>dominii</strong></span> <span class='ocrx_word' id='word_1_214' title='bbox 540 3159 697 3220; x_wconf 86' lang='lat' dir='ltr'><strong>bonorum</strong></span> <span class='ocrx_word' id='word_1_215' title='bbox 711 3159 946 3239; x_wconf 88' lang='lat' dir='ltr'><strong>temporalium,</strong></span> <span class='ocrx_word' id='word_1_216' title='bbox 962 3178 1001 3220; x_wconf 83' lang='lat' dir='ltr'><strong>ex</strong></span> <span class='ocrx_word' id='word_1_217' title='bbox 1015 3159 1181 3240; x_wconf 85' lang='lat' dir='ltr'><strong>principiis</strong></span> <span class='ocrx_word' id='word_1_218' title='bbox 1195 3177 1239 3219; x_wconf 91' lang='lat' dir='ltr'><strong>su·</strong></span> 
     </span>
     <span class='ocr_line' id='line_1_31' title="bbox 229 3257 461 3334; baseline 0.013 -19"><span class='ocrx_word' id='word_1_219' title='bbox 229 3273 288 3334; x_wconf 87' lang='lat' dir='ltr'><strong>pra</strong></span> <span class='ocrx_word' id='word_1_220' title='bbox 302 3257 461 3334; x_wconf 85' lang='lat' dir='ltr'><strong>expositis.</strong></span> 
     </span>
    </p>

    <p class='ocr_par' dir='ltr' id='par_1_15' title="bbox 228 3349 1239 3829">
     <span class='ocr_line' id='line_1_32' title="bbox 288 3349 1236 3435; baseline 0.003 -21"><span class='ocrx_word' id='word_1_221' title='bbox 288 3354 450 3427; x_wconf 84' lang='lat' dir='ltr'><strong>Dioecesis,</strong></span> <span class='ocrx_word' id='word_1_222' title='bbox 467 3349 469 3356; x_wconf 80' lang='lat'>&#39;</span> <span class='ocrx_word' id='word_1_223' title='bbox 487 3356 577 3416; x_wconf 88' lang='lat' dir='ltr'><strong>sedes</strong></span> <span class='ocrx_word' id='word_1_224' title='bbox 612 3355 817 3435; x_wconf 85' lang='lat' dir='ltr'><strong>episcopalis,</strong></span> <span class='ocrx_word' id='word_1_225' title='bbox 854 3355 995 3419; x_wconf 87' lang='lat' dir='ltr'><strong>Ecclesia</strong></span> <span class='ocrx_word' id='word_1_226' title='bbox 1030 3356 1236 3429; x_wconf 86' lang='lat' dir='ltr'><strong>cathedralis,</strong></span> 
     </span>
     <span class='ocr_line' id='line_1_33' title="bbox 230 3453 1239 3534; baseline 0.002 -23"><span class='ocrx_word' id='word_1_227' title='bbox 230 3453 415 3532; x_wconf 89' lang='lat' dir='ltr'><strong>capitulum,</strong></span> <span class='ocrx_word' id='word_1_228' title='bbox 432 3453 612 3527; x_wconf 86' lang='lat' dir='ltr'><strong>seminaria,</strong></span> <span class='ocrx_word' id='word_1_229' title='bbox 640 3454 788 3518; x_wconf 84' lang='lat' dir='ltr'><strong>Ecclesiae</strong></span> <span class='ocrx_word' id='word_1_230' title='bbox 814 3455 1024 3534; x_wconf 86' lang='lat' dir='ltr'><strong>parochiales,</strong></span> <span class='ocrx_word' id='word_1_231' title='bbox 1052 3455 1239 3518; x_wconf 87' lang='lat' dir='ltr'><strong>monasteria</strong></span> 
     </span>
     <span class='ocr_line' id='line_1_34' title="bbox 230 3541 1238 3630; baseline 0.004 -22"><span class='ocrx_word' id='word_1_232' title='bbox 230 3550 327 3610; x_wconf 88' lang='lat' dir='ltr'><strong>etalii</strong></span> <span class='ocrx_word' id='word_1_233' title='bbox 351 3556 524 3612; x_wconf 81' lang='lat' dir='ltr'><strong>conventus</strong></span> <span class='ocrx_word' id='word_1_234' title='bbox 539 3551 743 3630; x_wconf 79' lang='lat' dir='ltr'><strong>regularium,</strong></span> <span class='ocrx_word' id='word_1_235' title='bbox 763 3541 1048 3630; x_wconf 83' lang='lat' dir='ltr'><strong>confraternitates,</strong></span> <span class='ocrx_word' id='word_1_236' title='bbox 1073 3559 1106 3613; x_wconf 89' lang='lat' dir='ltr'><strong>et</strong></span> <span class='ocrx_word' id='word_1_237' title='bbox 1128 3557 1238 3614; x_wconf 84' lang='lat' dir='ltr'><strong>caetera</strong></span> 
     </span>
     <span class='ocr_line' id='line_1_35' title="bbox 228 3644 1238 3732; baseline 0.007 -28"><span class='ocrx_word' id='word_1_238' title='bbox 228 3644 373 3708; x_wconf 85' lang='lat' dir='ltr'><strong>instituta</strong></span> <span class='ocrx_word' id='word_1_239' title='bbox 397 3649 610 3710; x_wconf 87' lang='lat' dir='ltr'><strong>ecclesiastica</strong></span> <span class='ocrx_word' id='word_1_240' title='bbox 636 3650 686 3712; x_wconf 88' lang='lat' dir='ltr'><strong>vel</strong></span> <span class='ocrx_word' id='word_1_241' title='bbox 715 3652 874 3732; x_wconf 78' lang='lat' dir='ltr'><strong>religiosa,</strong></span> <span class='ocrx_word' id='word_1_242' title='bbox 902 3652 1030 3730; x_wconf 88' lang='lat' dir='ltr'><strong>quando</strong></span> <span class='ocrx_word' id='word_1_243' title='bbox 1054 3652 1113 3713; x_wconf 89' lang='lat' dir='ltr'><strong>rite</strong></span> <span class='ocrx_word' id='word_1_244' title='bbox 1138 3655 1238 3712; x_wconf 84' lang='lat' dir='ltr'><strong>erecta</strong></span> 
     </span>
     <span class='ocr_line' id='line_1_36' title="bbox 229 3742 1237 3829; baseline 0.007 -29"><span class='ocrx_word' id='word_1_245' title='bbox 229 3742 356 3802; x_wconf 84' lang='lat' dir='ltr'><strong>fuerunt</strong></span> <span class='ocrx_word' id='word_1_246' title='bbox 379 3745 511 3807; x_wconf 88' lang='lat' dir='ltr'><strong>servatis</strong></span> <span class='ocrx_word' id='word_1_247' title='bbox 538 3747 663 3826; x_wconf 74' lang='lat' dir='ltr'><strong>legibus</strong></span> <span class='ocrx_word' id='word_1_248' title='bbox 690 3750 860 3824; x_wconf 89' lang='lat' dir='ltr'><strong>canonicis,</strong></span> <span class='ocrx_word' id='word_1_249' title='bbox 888 3756 961 3812; x_wconf 90' lang='lat' dir='ltr'><strong>sunt</strong></span> <span class='ocrx_word' id='word_1_250' title='bbox 995 3749 1089 3811; x_wconf 88' lang='lat' dir='ltr'><strong>etiam</strong></span> <span class='ocrx_word' id='word_1_251' title='bbox 1113 3748 1237 3829; x_wconf 88' lang='lat' dir='ltr'><strong>capacia</strong></span> 
     </span>
    </p>
   </div>
   <div class='ocr_carea' id='block_1_6' title="bbox 0 0 1330 4268">
    <p class='ocr_par' dir='ltr' id='par_1_16' title="bbox 0 0 1330 4268">
     <span class='ocr_line' id='line_1_37' title="bbox 0 0 1330 4268; baseline 0 0"><span class='ocrx_word' id='word_1_252' title='bbox 0 0 1330 4268; x_wconf 95' lang='lat' dir='ltr'><strong> </strong></span> 
     </span>
    </p>
   </div>
  </div>
 </body>
</html>
