2604 4274
61 265 145 316 ΔΜ.
163 267 211 316 111.
227 269 415 324 bunsrlonus
432 271 573 320 HORAIAES
586 272 625 320 ltu
641 271 841 322 nuclrtrlonn
856 272 977 321 orrlcll.
1016 264 1070 320 4l5

110 383 198 446 Nota
208 385 292 446 lt-
303 388 371 448 Non
382 385 553 467 requiritur
562 387 695 450 attentio
706 389 747 449 ad
758 389 907 468 mysteria
913 388 1072 468 dequibus

33 481 85 542 fit
97 482 253 563 officium,
265 501 323 544 nec
339 484 514 546 adsensum
530 487 701 546 verborum
715 504 784 565 quae
795 487 981 562 recitantur,
998 487 1073 548 licet

38 580 193 642 multum
204 582 355 660 expediat
370 599 377 644 :
393 584 545 646 satisfacit
558 590 718 663 praeopto
737 584 791 663 qui
807 584 881 645 licet
893 590 998 661 mente
1013 585 1075 645 dis·

39 682 187 752 tractus,
214 698 277 740 non
299 681 433 742 aduertit
452 699 485 742 se
504 683 545 742 ab
568 682 712 743 oratione
731 681 876 756 distrahi,
899 683 1079 744 dummodo

39 775 237 839 adhibuerit
245 779 355 839 media
369 785 520 841 consueta
534 786 570 841 ut
584 799 616 840 se
630 780 671 840 ad
685 780 863 841 orationem
875 781 1070 858 disponeret,
1163 817 1166 841 ;

40 872 82 934 in
96 891 164 953 quo
179 875 328 936 habenda
342 882 390 938 est
404 877 489 939 ratio
498 877 678 957 fragilitatis
690 879 849 939 humanae.

109 969 198 1034 thit
206 974 362 1046 noe-:Qui
374 975 500 1036 dubitat
515 981 555 1036 a'n
568 979 693 1054 partem
706 975 802 1037 cilicii
816 975 1019 1038 recitaverit..
1031 993 1072 1035 an

44 1071 319 1148 pronunciatione
334 1072 526 1152 orali,lruanl
538 1073 747 1136 necessariam
760 1073 934 1135 diximus...
951 1093 991 1134 an
1003 1091 1074 1152 pro·

44 1169 258 1232 nunciatione
270 1169 404 1249 integra,
421 1191 486 1232 non
500 1171 678 1232 mutilando
696 1171 836 1250 syllabas
851 1171 897 1232 ita
912 1177 952 1232 ut
964 1189 1074 1232 sensus

50 1272 281 1346 corrumpatur
294 1268 326 1328 in
342 1274 432 1347 parte
449 1269 584 1330 notabili
603 1269 710 1340 officii,
727 1269 820 1330 debet
836 1273 959 1330 attenta
974 1267 1070 1329 consi·

48 1363 221 1426 derationc
247 1367 423 1444 ponderare
454 1368 592 1429 rationes
619 1367 718 1441 dubii,
745 1373 776 1428 et
797 1372 939 1446 repetere
968 1359 1074 1446 partes

50 1461 199 1536 omissas,
216 1469 271 1524 aut
288 1465 371 1526 male
387 1466 545 1538 recitatas,
566 1466 616 1526 vel
636 1465 794 1526 abstinere
815 1465 856 1525 ab
878 1464 934 1524 illa
956 1464 1072 1542 repeti·

50 1558 153 1631 tinne,
169 1565 264 1640 prout
273 1563 482 1641 probabiliter
495 1563 652 1642 conjiciet,
670 1581 709 1623 ex
719 1581 776 1622 sua
789 1561 947 1623 habituali
959 1561 1075 1639 agendi

53 1657 192 1732 ratione,
209 1677 263 1720 seu
282 1679 321 1720 ex
335 1661 462 1722 monitis
482 1661 530 1721 sui
545 1660 740 1736 confessarii,
756 1679 789 1720 se
807 1665 968 1740 pracepto
988 1659 1076 1720 satis·

54 1754 180 1830 fecisse,
197 1757 248 1817 vel
262 1775 336 1818 non.
353 1760 534 1820 Praecaueat
551 1759 584 1819 id
598 1777 691 1820 omne
708 1758 793 1837 qnod
808 1757 974 1836 scrupulos
987 1757 1075 1817 fove-

54 1857 120 1928 ret;
139 1859 175 1915 at
188 1854 282 1915 simul
300 1861 409 1916 caveat
424 1875 463 1918 nc
482 1876 573 1917 suam
587 1853 814 1918 conscientiam
835 1861 943 1935 gravet
967 1873 1074 1916 coram

55 1953 134 2024 Deo„
160 1952 312 2031 culpabili
330 1960 362 2015 et
381 1954 562 2016 inveterata
576 1954 769 2034 negligentia
789 1954 822 2014 in
842 1953 938 2014 modo
958 1952 1077 2032 persol-

55 2049 155 2110 vendi
167 2050 309 2112 divinum
325 2051 476 2114 officium.

115 2147 338 2210 *arte-11⁰
357 2149 491 2226 Quonam
510 2149 670 2211 Breviorio
690 2149 790 2211 clerici
809 2158 837 2211 et
853 2148 1009 2230 requietus
1028 2147 1074 2209 uti

57 2255 219 2308 terreantur
229 2247 270 2308 ad
282 2249 525 2330 aotrifociendum
539 2269 591 2310 suo
604 2247 740 2331 officio?-

117 2345 143 2406 1.
159 2345 285 2422 Omnes,
303 2348 367 2408 sive
381 2347 497 2423 clerici,
511 2348 575 2408 sive
588 2348 761 2428 regulereS,
777 2345 841 2426 qui,
858 2346 900 2406 ad
913 2345 1077 2424 praescrip-

56 2447 128 2504 tum
144 2443 381 2506 constitutionis
401 2445 486 2520 Quod
499 2465 518 2506 c
530 2446 625 2520 nobb,
642 2445 759 2506 debent
773 2443 912 2504 cilicium
933 2442 1075 2503 divinum

57 2542 239 2619 persolvere
250 2544 313 2603 ritu
328 2543 474 2604 Ecclesia
491 2545 651 2620 Romana,
674 2543 721 2603 uti
742 2547 891 2603 tenentur
911 2540 1074 2602 Breviario

55 2637 148 2716 jussu
163 2640 195 2700 S.
212 2640 259 2701 Pii
277 2642 303 2702 V
317 2647 470 2717 correcto,
487 2661 545 2702 nec
562 2642 654 2702 aliter
669 2665 685 2698 u
700 2640 760 2701 nisi
775 2639 836 2701 hac
852 2639 920 2700 sola
938 2639 1077 2699 formula
1167 2675 1171 2686 ·

60 2757 75 2790 u
86 2736 268 2798 satisfacere
277 2757 368 2818 posse
380 2763 395 2795 »
407 2740 440 2800 in
449 2739 558 2800 eadem
570 2738 798 2800 Constitutione
808 2737 1006 2798 declaratum
1017 2740 1073 2796 est.

57 2833 140 2893 Hinc
158 2833 266 2913 plures
281 2838 475 2898 concludunt
489 2837 637 2899 clericum
651 2837 716 2916 qui,
736 2855 811 2898 casu
826 2834 970 2910 fortuito,
991 2839 1078 2894 caret
1169 2877 1171 2881 ,

56 2931 219 2994 Breviario
232 2937 386 3006 Romano,
403 2955 468 2997 non
482 2935 582 2997 teneri
593 2936 681 2996 aliud
695 2933 889 2998 Breviarium
909 2933 994 3012 quod
1018 2932 1077 2992 sibi

59 3035 176 3108 praesto
188 3032 271 3092 foret
285 3032 451 3107 adhiber03
467 3034 742 3112 quiapraeceptum
765 3033 865 3094 oflicii
876 3033 924 3092 est
936 3031 1077 3090 indivisi-

58 3128 135 3203 bile,
157 3128 268 3203 idest,
292 3129 412 3208 obligat
435 3131 476 3192 ad
490 3131 570 3191 illud
590 3131 800 3203 recitandum,
822 3135 854 3190 et
875 3128 1003 3207 quidem
1018 3128 1077 3187 sub

59 3245 124 3288 una
135 3227 276 3288 formula
288 3228 485 3308 praescripta.
504 3229 570 3290 alii*
583 3227 675 3289 aliter
687 3226 838 3299 sentiunt,
856 3243 993 3304 quorum
1013 3224 1078 3302 opi-

60 3325 202 3396 nionem,
220 3331 255 3386 ut
267 3325 369 3403 magis
383 3327 468 3406 piam
489 3331 520 3388 et
537 3325 772 3396 rationabilem,
795 3322 988 3401 sequendam
1008 3339 1078 3382 cen-

63 3423 124 3484 suit
139 3424 173 3485 S.
189 3423 285 3502 Alp'h.
300 3424 338 3484 de
353 3425 492 3504 Lignori,
507 3433 542 3486 n⁰
559 3424 627 3484 158.
644 3423 680 3486 ld
692 3420 814 3484 consuli
829 3419 956 3498 quidem
973 3424 1079 3497 potest

62 3520 102 3580 acl
117 3525 258 3582 mentem
282 3523 314 3584 S.
335 3522 478 3600 Lignori3
500 3523 554 3583 sed
578 3523 662 3583 side
680 3521 753 3600 jura
776 3522 949 3599 quaeratur,
975 3517 1080 3596 prima

62 3619 169 3698 opinio
191 3625 239 3680 est
258 3621 334 3681 satis
352 3609 485 3682 fundata
505 3631 541 3681 ut
561 3621 657 3681 liceat
678 3625 748 3679 tuta
770 3615 964 3679 conscientia
988 3614 1078 3675 illam

62 3718 160 3797 sequi.
176 3721 376 3798 Praeeeptum
387 3724 433 3780 est
441 3719 572 3798 insuper
581 3723 616 3778 ut
629 3716 820 3778 adhibeatur
830 3713 994 3794 exemplar
1006 3713 1077 3774 Bre-
