2588 4276
218 251 268 306 rat
448 245 452 255 ‘
557 253 895 304 rrus11.aaounanns.

211 374 321 448 dente,
342 371 479 436 instituti
502 378 575 434 sunt
598 371 653 452 qui
673 372 772 434 vitarn
796 369 930 432 mixtam
951 376 1099 449 agerent,
1118 369 1231 433 scilicet

214 472 314 537 vitam
328 471 607 550 contemplativam
622 469 771 531 exercitio
785 468 863 530 sacri
883 467 1062 544 ministerii,
1081 473 1117 530 et
1131 469 1231 547 operi·

213 569 275 630 bus
290 567 455 630 charitatis
469 586 545 647 erga
559 567 751 648 proximum,
768 566 997 640 consociarent,
1014 567 1055 626 ad
1077 569 1231 646 praestan·

211 667 293 728 dnm
306 667 453 728 Ecclesia
475 665 665 728 famulatum
685 681 749 744 quo
767 663 818 724 his
836 664 1034 744 temporibus
1054 662 1231 742 indigebat.

214 764 349 824 Ordines
363 763 578 845 Mendicantes
599 762 744 835 dicimus,
766 766 797 824 et
816 761 1081 840 congregationes
1106 759 1233 822 clerieo·

215 879 289 922 rum
304 861 509 940 regularium.
549 907 552 910 -

278 960 310 1020 l⁰
329 959 462 1022 Ordines
483 957 622 1038 religiosi
640 962 864 1037 nuncupantur
881 955 1102 1031 Mendicantes,
1130 955 1234 1036 quiex

159 1103 163 1108 .
215 1055 368 1136 primaeva
387 1075 445 1118 sua
464 1056 661 1118 institutione
681 1060 808 1116 servant
823 1059 1060 1134 paupertatem,
1081 1072 1152 1114 non
1169 1059 1233 1114 tan·

213 1153 327 1216 tumin
341 1154 538 1234 particulari,
555 1154 610 1214 sed
628 1153 661 1214 in
678 1153 851 1229 communi,
870 1153 959 1214 nulla
977 1151 1163 1212 immobilia
1176 1151 1235 1212 iru-

215 1251 327 1330 giiera,
342 1268 400 1314 nec
415 1269 526 1313 census
541 1250 881 1330 annuospossidentes‚
902 1250 982 1310 adeo
999 1255 1035 1310 ut
1056 1249 1234 1326 eleemosy-

217 1349 265 1410 nis
278 1348 424 1410 tidelium
437 1353 665 1410 sustententur.

278 1446 580 1524 Quatuorpraecipui
591 1445 719 1508 ordines
731 1450 816 1520 sunt,
830 1461 944 1524 nempe
958 1463 965 1506 :
979 1444 1231 1516 Carmelitarum,

209 1541 1233 1619 ¹FratrumPraedicatorumseubominicanorum,l'ratrumltlinc

159 1655 161 1658 ·
212 1658 288 1701 »rum
300 1657 354 1700 seu
365 1636 646 1702 Franciscanorum
657 1647 688 1702 et
701 1641 1014 1721 augustinianorum.
1032 1641 1090 1702 His
1101 1645 1232 1720 quatuor

211 1737 381 1804 >ordinibus
410 1739 464 1800 alii
488 1739 595 1819 plures
624 1744 849 1814 accensentur,
884 1739 1002 1800 scilicet
1030 1737 1184 1813 Serenae,
1203 1737 1231 1798 id

211 1840 266 1898 est
288 1836 454 1898 servitores
472 1838 507 1898 Β.
531 1837 650 1911 Mariae,
674 1835 799 1898 Minium⁸
809 1883 817 1911 ‚
842 1842 989 1898 asancto
1011 1836 1181 1898 Francisco
1199 1835 1231 1896 de

218 1933 331 2013 Paula,
345 1941 418 2010 etc,
434 1953 513 2014 quos
535 1937 591 1998 SS.
613 1935 784 1997 Pontifices
798 1934 1040 1996 declaraverunt
1051 1935 1142 1996 inter
1152 1933 1231 1994 blen-

210 2031 358 2102 dicautes
373 2033 639 2096 adnumerandos.
654 2033 741 2112 (Pius
754 2035 791 2108 V,
806 2033 912 2094 donst.
929 2031 1081 2094 Romanas
1091 2030 1230 2110 Pontisca

116 2183 117 2188 ,
209 2139 245 2191 et
258 2129 436 2210 Apostolica
448 2127 547 2204 Sedr's,
564 2149 616 2192 an.
635 2129 740 2212 1567.)

173 2280 174 2284 ,
224 2277 225 2282 ,
278 2225 449 2290 Carmelita
463 2246 483 2288 a
495 2227 646 2290 diuturno
662 2233 806 2306 tempore
821 2227 1014 2290 monasteria
1027 2227 1229 2306 possederant

212 2323 249 2386 in
264 2323 366 2404 Syria,
384 2343 457 2386 cum
470 2325 585 2390 seculo
598 2333 679 2399 x111⁰,
697 2343 781 2386 anno
803 2325 921 2386 scilicet
936 2327 1023 2399 leae,
1039 2325 1072 2386 in
1086 2322 1227 2386 Occiden-

211 2427 281 2486 tem
303 2428 477 2497 venerunt;
503 2423 701 2503 permultas
732 2424 877 2502 regiones
902 2424 1071 2504 propagati
1097 2428 1180 2497 sunt,
1201 2423 1228 2480 et

216 2519 380 2590 utilissime
390 2521 538 2588 Ecclesiis
551 2521 745 2600 suapietate,
763 2541 800 2584 ac
817 2522 884 2584 zelo
903 2524 1032 2584 verbum
1047 2523 1105 2583 Dei
1120 2517 1227 2600 praedi·

210 2618 322 2690 candi,
334 2618 554 2682 inservierunt.
569 2619 689 2684 Acriter
701 2619 883 2700 diputatum
896 2621 990 2680 estde
1000 2616 1227 2698 illorumprima
1264 2673 1265 2700 ,

162 2777 166 2783 ,
212 2712 352 2792 origine,
368 2733 440 2776 cum
451 2718 487 2777 P.
501 2716 673 2778 Bollandus
684 2718 850 2779 societatis
862 2718 937 2780 lesu
949 2717 1133 2778 inseruisset
1150 2719 1225 2776 tomo
1264 2713 1265 2780 l

213 2810 332 2872 ‚mensis
342 2812 449 2872 martii
458 2811 602 2876 Actorum
615 2823 787 2876 sannorum
801 2815 1065 2888 dissertationem,
1079 2832 1143 2894 qua
1155 2825 1226 2873 asse·
1264 2791 1265 2880 Ῐ

215 2907 309 2969 rebat
322 2909 460 2988 primum
477 2913 672 2990 superiorem
687 2913 870 2989 generalem
885 2913 1126 2974 Carmelitarum
1140 2908 1224 2970 fuisse
1264 2923 1265 2974 t

213 2997 434 3081 Bartholdum,
448 3009 632 3070 etordinem
643 3027 715 3070 suas
725 3010 855 3089 regulas
870 3011 1028 3090 accepisse
1039 3013 1078 3072 ab
1090 3010 1221 3078 Alberto,

212 3103 399 3184 patriarcha
410 3106 555 3168 Ecclesia
566 3107 868 3188 Constantinopolis,
879 3107 1221 3174 incantamentorum

213 3201 276 3281 ipsi
291 3202 376 3263 enim
389 3203 566 3264 Carmelitae
583 3205 816 3267 contendebant
832 3225 924 3267 sunm
946 3206 1088 3267 ordinem
1101 3206 1140 3266 ab
1162 3199 1222 3264 ulia
1264 3207 1265 3272 l

214 3300 374 3380 propheta
387 3301 420 3361 in
435 3307 543 3361 monte
560 3303 702 3364 Carmelo
717 3304 898 3364 institutum
914 3319 923 3364 ε
940 3305 1004 3364 imo
1027 3303 1131 3381 plures
1149 3296 1218 3360 anti·

214 3397 359 3476 quierem
375 3398 535 3461 dicebant.
553 3400 661 3460 Tantis
687 3400 866 3462 animorum
890 3401 1011 3472 studiis,
1038 3417 1077 3459 ex
1099 3403 1219 3472 utraque

213 3501 317 3573 parte,
334 3497 548 3557 controversia
562 3499 756 3574 agitabatur,
771 3503 807 3558 ut
820 3497 1021 3558 Innocentius
1041 3497 1096 3558 Xll
1114 3505 1217 3574 oppor·
1264 3525 1265 3528 κ

216 3597 329 3652 tunum
350 3593 484 3666 duxerit,
502 3593 543 3654 ad
567 3595 775 3656 avertendum
797 3595 981 3658 scandalum
1004 3595 1152 3666 fidelium,
1175 3589 1218 3649 de·

211 3687 392 3750 fensoribus
413 3691 575 3781 utriusque
595 3695 759 3756 sententia
780 3701 969 3774 perpetuum
989 3684 1213 3754 silentiumne
1264 3749 1265 3754 ,
