2568 4272
212 295 287 343 ΛΒΤ.
309 293 330 341 1.
352 292 440 350 ORIGO
460 285 497 340 Ml
516 291 666 358 ostseruu
686 289 856 342 FESTORUM.
990 286 1042 340 355

7 441 22 473 x
42 411 236 476 memorias
253 416 426 489 martyrum
442 408 600 470 celebrare
613 407 811 487 possimus.»
832 407 941 488 (Epist.
957 425 987 471 rr
1001 409 1043 470 ad
1057 395 1061 405 ⁸
1112 423 1115 428 '

7 514 132 574 elerum
152 508 287 588 Carth.)
306 508 396 579 Quod
414 511 521 568 autem
541 505 700 585 prioribus
719 506 915 585 temporibus
936 510 1042 568 aetum

8 617 52 672 est
65 609 99 669 in
112 607 288 668 honorem
299 610 487 684 martyrum,
501 604 586 664 idem
598 602 693 664 fuisse
705 603 840 664 decursu
851 610 1041 681 temporum,

9 725 115 768 versus
136 705 364 777 saeeulum1v‚
384 703 586 764 observatum
604 719 663 781 pro
683 701 913 762 confessoribus
933 719 1043 762 omnes

10 809 139 866 norunt.
162 802 288 864 Plures
303 800 404 864 critici
423 800 618 862 arbitrantur
634 799 666 860 S.
685 799 855 859 Martinum
877 795 1041 860 Turonen-

12 921 72 962 sem
89 900 203 962 'luisse
226 901 368 979 primum
391 917 407 959 e
436 897 667 960 confessoribus
685 897 770 959 eultu
792 897 920 977 publico
939 897 1041 959 bono·

12 1005 113 1060 ratum
126 998 165 1058 in
179 997 331 1060 Ecclesia
341 996 459 1071 latina;
474 1013 569 1076 quem
582 996 702 1056 cultum
715 995 862 1075 probavit
874 994 1042 1055 concilium

15 1099 205 1156 Turonense
235 1113 261 1160 Π
289 1113 340 1156 an.
371 1095 440 1156 700.
469 1093 644 1155 Orientales
671 1093 705 1153 in
731 1112 768 1154 eo
798 1091 1044 1155 occidentalibus

16 1194 225 1273 praeiverant,
254 1193 411 1272 siquidem
432 1197 556 1254 constat
578 1209 617 1252 ex
638 1192 732 1252 certis
754 1190 968 1252 monumentis
991 1208 1044 1252 eos

14 1294 74 1370 y'am
88 1311 108 1352 a
125 1291 264 1352 saeculis
277 1290 531 1370 praecedentibus
545 1289 629 1350 diem
640 1289 889 1352 anniversariam
904 1287 1043 1368 plurium

19 1393 203 1450 sanctorum
220 1389 438 1450 confessorum
451 1388 550 1472 egisse
561 1396 583 1448 ¹.

69 1485 168 1547 Nota.
186 1519 235 1532 -
249 1485 449 1546 Remittimus
462 1485 503 1546 ad
516 1489 669 1546 tractatus
683 1483 881 1562 theologicos
894 1483 1043 1544 discutio·
1074 1521 1080 1546 r

21 1603 84 1645 nem
100 1583 400 1645 controversiarum
417 1601 495 1661 quas
505 1582 645 1644 heretici
658 1599 730 1643 eum
743 1580 906 1643 catholicis
923 1578 1044 1640 habent

20 1683 52 1741 de
64 1681 276 1759 legitimitate
289 1680 393 1742 cultus
405 1685 597 1741 sanctorum.
615 1678 758 1740 Sufficiat
768 1679 836 1740 hac
849 1679 990 1757 proferre
1005 1695 1043 1738 ex

23 1784 124 1840 saneto
144 1778 332 1858 Augustino
350 1795 420 1856 quae
436 1795 562 1838 omnem
582 1776 747 1837 dubitandi
762 1775 918 1836 rationem
936 1793 1042 1838 remo-

23 1881 89 1935 vent
103 1894 110 1936 :
129 1899 147 1932 u
160 1877 311 1956 Populus
322 1874 511 1936 christianus
525 1873 693 1936 memorias
707 1874 881 1953 Martyrum
895 1873 1044 1951 religiosa

27 1995 39 2026 r
60 1973 268 2035 solemnitate
284 1973 494 2047 concelebrat,
509 1978 540 2034 et
553 1972 594 2032 ad
607 1971 805 2032 excitandam
820 1970 1042 2044 imitationem,

28 2093 40 2121 «
58 2077 89 2129 et
105 2075 142 2130 ut
160 2070 288 2133 meritis
307 2089 416 2132 eorum
437 2069 646 2143 consocietur,
663 2074 759 2148 atque
774 2069 969 2130 orationibus
986 2069 1042 2129 ad·

29 2189 40 2220 r
59 2166 190 2245 juretur
206 2188 214 2230 :
230 2169 276 2230 ita
289 2175 397 2230 tamen
407 2173 444 2229 ut
455 2167 536 2228 nulli
545 2168 731 2247 Martyrum,
748 2167 804 2227 sed
815 2167 874 2246 ipsi
887 2169 951 2228 Deo
963 2167 1045 2228 Mar„

32 2285 42 2320 r
59 2270 178 2344 tyrum,
208 2267 356 2346 quamvis
377 2266 411 2328 in
436 2266 596 2328 memoriis
619 2265 795 2345 Martyrum
817 2265 1045 2326 constituamus

30 2383 42 2414 «
63 2363 187 2424 altaria.
207 2364 284 2437 Quis
299 2364 382 2424 enim
396 2364 580 2424 Antistitum
598 2363 631 2422 in
647 2361 725 2422 locis
740 2366 920 2422 sanctorum
936 2379 1045 2439 eorpo-

34 2479 45 2512 u
62 2478 130 2519 rum
155 2461 256 2522 altari
278 2460 438 2535 assistens,
462 2460 634 2540 aliquando
656 2459 766 2520 dixit:
795 2457 961 2519 Olierimus
987 2457 1045 2518 tibi

33 2577 44 2608 u
64 2557 167 2632 Petro,
186 2565 246 2619 aut
259 2559 369 2636 Paule,
385 2563 442 2619 aut
455 2558 633 2638 Cypriane?
645 2558 707 2618 Sed
722 2557 807 2637 quod
820 2557 962 2631 otlertur,
978 2557 1044 2616 Deo

33 2673 46 2705 α
65 2655 197 2716 offertur
214 2657 270 2736 qui
284 2657 439 2736 Martyres
455 2655 626 2731 coronavit,
643 2654 729 2735 apud
748 2653 916 2715 memorias
935 2671 1044 2715 eorum

37 2769 49 2804 u
65 2769 142 2828 quos
168 2755 345 2831 coronavit,
372 2758 408 2815 ut
433 2772 472 2814 ex
497 2754 639 2833 ipsorum
661 2753 805 2813 locorum
828 2751 1045 2813 admonitione

37 2867 48 2901 u
66 2851 169 2929 major
188 2853 322 2914 allectus
337 2857 498 2929 exsurgat,
515 2853 556 2912 ad
570 2851 745 2913 acuendam
761 2849 948 2911 charitatem
962 2853 995 2910 et
1012 2849 1045 2909 in

38 2962 50 2999 u
66 2945 135 3008 illos
152 2968 234 3028 quos
253 2948 372 3011 imitari
387 2967 566 3029 possumus,
584 2955 615 3010 et
633 2949 665 3010 in
684 2948 775 3008 illum
791 2967 855 3028 quo
874 2947 1045 3026 adjuvante

39 3060 50 3096 r
68 3060 246 3120 possumus.
263 3072 277 3102 »ι
298 3046 428 3126 (Contra
439 3046 596 3120 Faustum,
612 3046 669 3107 lib.
685 3048 748 3120 XX,
765 3063 834 3126 cap.
852 3043 931 3125 xxr.)

88 3143 155 3205 508.
182 3179 222 3190 —-
243 3147 284 3206 ΙΙ0
308 3144 388 3219 Quid
398 3145 473 3225 jure
490 3144 733 3225 praerequisitam
751 3145 800 3218 sit,
826 3153 860 3204 ut
883 3142 1047 3204 celebretur

37 3240 169 3302 memorio
183 3244 284 3304 saneti
295 3245 327 3302 zie
341 3241 424 3304 cultu
430 3240 580 3325 publice?
927 3241 929 3252 ’

87 3335 110 3396 l.
126 3339 220 3401 Nulla
229 3341 312 3402 festa
319 3340 440 3417 institui
448 3346 581 3419 possunt
591 3340 624 3400 in
634 3339 789 3400 honorem
804 3357 965 3400 servorum
977 3337 1044 3412 Dei,

39 3430 197 3514 nullusque
215 3439 319 3500 cultus
335 3437 481 3518 publicus
501 3439 620 3500 eisdem
637 3437 729 3500 reddi
747 3437 852 3511 debet,
874 3442 1045 3516 antequam

80 3601 101 3648 l.
115 3601 217 3666 Devoti,
233 3606 280 3658 lib.
295 3607 329 3670 II,
345 3607 385 3657 tit.
404 3607 435 3668 V,
451 3610 464 3667 ἓ
479 3611 503 3668 l,
520 3607 620 3656 Anrtot.
632 3634 663 3644 -
679 3606 829 3671 Selvaggio,
842 3605 931 3670 Antiq.
945 3604 1045 3666 ebriet,

40 3668 84 3810 Ῑέξρ
98 3675 128 3736 ll,
146 3685 212 3742 part.
234 3683 265 3743 ll,
284 3696 342 3746 cap.
361 3697 396 3734 ιν.
411 3709 442 3720 -
460 3682 561 3733 Bened.
578 3681 644 3744 XIV,
666 3681 698 3732 de
717 3681 940 3746 Beattfieatione...
959 3679 1005 3731 lib.
1024 3682 1046 3748 l,

86 3785 92 3797 .
104 3764 128 3802 v.
