2582 4278
230 259 281 316 162
589 231 666 316 elus
687 269 723 316 11.
744 269 872 318 theulut.

225 382 404 448 Bonilacius
423 383 502 458 Vlll,
522 401 593 462 cap.
613 383 683 446 Non
698 393 751 459 cst,
768 385 1115 460 3nassousueuun1uu,
1133 387 1165 447 in
1184 397 1233 464 vd,

226 485 258 544 et
267 485 315 542 est
329 480 455 542 aliunde
476 482 708 543 consectarium
718 482 868 563 principii
878 483 1034 564 generalis
1045 483 1093 560 (n⁰
1112 486 1162 559 12,
1176 491 1198 549 t.
1212 487 1233 563 1,

228 601 244 638 α
259 597 291 659 p.
307 578 368 658 16).
385 578 434 639 Ab
448 578 641 655 obligatione
649 579 778 660 petendi
792 580 958 642 consilium
972 581 1106 661 capituli
1121 582 1235 644 solutus

228 699 251 743 e,
260 676 318 738 erit
332 675 515 754 Episcopus,
526 675 570 736 ait
586 677 774 740 Benedictus
789 679 866 750 XIV,
877 678 932 757 qni
938 696 997 758 per
1003 679 1146 757 legitime
1152 698 1236 760 praee

229 796 248 837 u,
261 773 395 852 criptam
410 773 681 852 consuetudinem,
694 773 748 855 jus
763 775 823 836 sibi
841 776 1022 855 acquisierit
1042 795 1146 838 novas
1160 777 1235 855 leges

228 893 244 928 u
258 870 417 932 condendi
430 877 461 932 et
476 871 672 951 publicandi,
692 873 873 935 inconsulto
891 872 1041 953 capitulo.
1059 897 1076 930 n
1106 873 1167 954 (Dc
1181 873 1236 954 Sy-

227 968 316 1043 uodo,
333 969 387 1030 lib.
404 970 484 1045 Xlll,
502 989 572 1049 eap.
589 990 611 1048 1,
628 979 662 1030 n⁰
677 970 722 1050 9.)
889 989 890 992 ’

284 1066 474 1144 Huiusmodi
488 1067 749 1130 consuetudinem
771 1067 804 1128 in
823 1068 982 1149 plerisque
1000 1070 1165 1145 ecclesiis,
1178 1071 1236 1132 imo

222 1163 256 1225 in
271 1164 413 1226 Ecclesia
426 1165 598 1226 universali
612 1165 831 1245 prevaluisse,
851 1167 956 1246 quoad
968 1167 1077 1245 plures
1098 1185 1191 1230 casus
1204 1187 1236 1229 ex

223 1261 319 1324 modo
329 1262 450 1342 positis,
462 1268 619 1324 testantur
627 1263 885 1325 communissime
897 1264 1082 1326 canonista.
1095 1297 1136 1310 -
1146 1267 1236 1326 «llere

225 1358 385 1439 «ubique,
415 1360 460 1422 ait
482 1361 632 1437 Ferraria,
661 1360 802 1422 habetur
824 1361 857 1421 in
882 1361 1026 1440 plurimis
1047 1362 1236 1423 consuetudo

225 1477 243 1513 u
258 1475 323 1537 qua
344 1456 484 1537 legitime
506 1463 662 1535 exstante,
676 1441 741 1520 non
767 1456 906 1537 amplius
920 1457 1095 1536 requiritur
1116 1457 1236 1537 capituli

225 1554 437 1630 «consilium3
453 1560 485 1616 et
499 1555 539 1616 de
553 1556 637 1617 sacto
653 1555 749 1635 quod¹
759 1555 935 1636 capitulum
960 1555 1147 1620 cathedrale
1169 1555 1234 1617 sub·

152 1656 154 1660 ‘
228 1675 245 1707 n
262 1650 391 1731 jiciatur
413 1651 693 1714 constitutionibus
715 1652 932 1733 synodalibus,
959 1658 992 1714 et
1012 1653 1083 1714 aliis
1107 1653 1233 1733 legibus,

225 1750 351 1812 uetiam
368 1769 426 1828 per
441 1750 545 1823 edicta
559 1750 708 1828 penditis,
726 1752 793 1814 siue
808 1751 940 1812 consilio
955 1751 1100 1829 capituli,
1116 1768 1236 1829 respon·

225 1869 242 1904 e
257 1847 304 1908 dit
322 1847 490 1908 novissime
512 1849 543 1910 S.
568 1847 791 1929 Gongrcgatio.
814 1873 829 1903 n
851 1849 893 1910 V⁰
915 1845 1105 1929 Capitulum,
1131 1853 1189 1908 art.
1203 1864 1232 1919 11,

222 1944 266 2008 11¹⁸
274 1945 314 2006 28
327 1950 358 2006 et
366 1946 417 2007 29.
437 1967 452 2002 α
468 1947 628 2006 Hactenus
643 1945 741 2020 dicta,¹
755 1945 860 2025 inquit
870 1947 1058 2019 Andreucci‚
1072 1946 1115 2006 de
1134 1963 1234 2025 cxpec-

228 2041 365 2112 utendo,
389 2041 439 2102 vel
461 2041 656 2122 exquirendo
685 2042 828 2105 consilio
844 2043 984 2121 capituli,
1014 2043 1142 2104 habent
1165 2042 1232 2103 dun-

227 2161 244 2196 «
257 2145 346 2200 taxat
365 2138 484 2215 locum,
505 2140 560 2201 ubi
581 2145 620 2202 et
632 2141 761 2220 quando
778 2139 938 2202 contraria
957 2140 1157 2202 consuetudo
1176 2157 1231 2200 non

224 2255 240 2295 u
253 2236 350 2298 tuerit
363 2236 501 2315 legitime
515 2238 716 2317 praescripta;
733 2255 808 2299 nam
826 2238 883 2298 ubi
899 2237 995 2300 luerit
1015 2238 1087 2300 talia
1112 2243 1231 2300 contra·

220 2357 237 2392 e
251 2335 299 2396 ria
311 2336 516 2411 consuetudo,
533 2354 598 2398 non
612 2334 715 2395 solum
735 2339 783 2396 est
795 2335 1000 2411 attendenda,
1023 2335 1079 2397 sed
1094 2335 1230 2416 aequipa·

219 2455 236 2490 e
251 2439 341 2495 ratur
356 2433 519 2513 privilegio
539 2432 673 2512 praelati.
696 2431 786 2494 Unde
805 2437 882 2494 tune
906 2433 1056 2512 prelatus
1081 2432 1185 2496 veluti
1195 2449 1230 2492 ex

221 2552 238 2586 n
252 2530 417 2609 privilegio
431 2532 464 2592 in
481 2530 604 2592 casibus
626 2529 782 2610 expressis
800 2535 906 2610 potest
926 2532 1050 2611 operari
1072 2531 1143 2594 sine
1164 2547 1229 2591 eon-

221 2650 238 2684 e
253 2645 346 2688 sensu
361 2634 391 2688 et
406 2629 471 2706 sine
490 2627 622 2690 consilio
637 2627 771 2706 capituli
795 2629 904 2708 quoad
923 2629 1162 2691 validitatem...
1183 2624 1228 2688 Ii·

102 2756 104 2769 =
222 2747 238 2781 (ι
253 2723 345 2785 mites
360 2743 431 2786 cum
448 2725 600 2800 Barbosa,
616 2725 775 2787 utidnon
789 2726 943 2806 procedat
957 2727 994 2787 iis
1007 2727 1040 2786 in
1054 2727 1230 2805 rebusque

220 2845 236 2878 n
252 2820 340 2881 nulla
353 2827 484 2900 possunt
498 2823 723 2884 consuetudine
745 2823 906 2902 praeseribi
927 2841 935 2886 z
959 2824 1018 2884 sub
1038 2831 1101 2902 qua
1122 2822 1227 2884 limita·

219 2941 239 2976 «-
254 2919 339 2980 tione
353 2917 594 2996 intelligendum
611 2940 678 2982 esse
690 2926 768 3000 puto
783 2920 1022 2982 Lambcrtinum
1043 2921 1224 2982 docentem:

218 3038 235 3073 «
250 3017 347 3078 essere·
360 3034 444 3096 posse
463 3015 550 3078 todte
571 3018 691 3095 titulum
711 3035 750 3080 na
766 3033 817 3080 urs
834 3033 902 3087 cun
922 3033 1015 3080 emur
1039 3037 1061 3081 a
1085 3029 1227 3080 ruamus

217 3136 235 3172 «
249 3130 315 3178 snus
326 3129 477 3178 consessu
491 3131 641 3193 enricum,
652 3115 803 3178 recessisse
815 3114 855 3178 od
876 3114 959 3192 outo,
981 3114 1128 3197 siquidem
1146 3111 1226 3174 lodie

217 3210 394 3292 «Episcopi
413 3211 479 3292 sere
497 3213 598 3274 omnio
616 3212 779 3294 eapediunt
797 3213 862 3274 sebe
882 3229 1026 3274 cmeensu
1049 3209 1189 3294 capituli..
1208 3229 1224 3262 »
1271 3279 1272 3286 ἵ

216 3307 275 3390 (De
289 3309 491 3390 tuendupoce,
509 3315 583 3388 eta,
600 3316 674 3390 part
686 3310 739 3386 lv,
755 3317 790 3372 ιιο
805 3310 865 3372 215
881 3309 920 3390 ¹.)

274 3408 344 3470 Non
363 3407 427 3480 elia
444 3408 505 3480 luit
524 3408 631 3488 praxis
651 3407 882 3488 Episcoporum
904 3407 1013 3470 ealliae
1038 3425 1058 3469 a
1080 3412 1216 3486 tempore
1271 3441 1272 3470 r

237 3545 241 3550 .,
262 3577 286 3626 1.
297 3577 327 3627 D.
340 3579 378 3628 De
392 3578 499 3641 Angelis
509 3578 567 3628 haee
576 3576 682 3628 citando
697 3576 850 3628 concludit:
863 3595 876 3622 α
890 3577 1014 3628 Putarem
1023 3571 1134 3642 proinde
1148 3569 1221 3624 hodie

217 3649 272 3776 {tu
285 3649 377 3776 tncxrel
388 3665 437 3774 gos
452 3665 506 3702 non
521 3653 610 3702 vivers
623 3651 684 3716 jure
699 3648 809 3717 scripto,
822 3650 869 3701 sed
885 3643 1219 3722 jureconsuetudiuario.»
1271 3647 1272 3712 l

234 3724 307 3776 nttt.
344 3762 354 3787 ‚
378 3725 386 3774 i
408 3762 414 3776 .
432 3727 475 3776 111.
