2604 4274
243 259 296 314 400
512 263 586 312 PARS
606 263 653 312 lll.
674 263 730 312 RES
749 263 991 313 accbsstnsrlon.
1016 264 1019 270 '

305 383 331 444 Ι.
356 381 390 444 Si
403 381 483 459 juris
501 381 601 441 divini
617 379 772 441 rationem
792 381 992 442 solummodo
1010 381 1199 457 habeamus,
1215 383 1252 444 di·

245 480 380 541 cendum
388 477 742 556 estEpiscoposhabere
750 483 939 556 potestatem
947 479 1253 557 propriam,summae

241 576 454 657 jurisdictioni
482 575 570 638 Sedis
594 575 786 655 Apostolicae
814 575 1065 650 subordinatam,
1095 575 1254 640 ordinandi

184 696 185 700 ¹
246 675 386 736 officium
399 673 562 754 publicum
576 673 609 734 in
623 665 680 734 sua
697 673 835 734 diaecesi.

305 771 452 851 Episcopi
467 778 551 845 sunt,
567 771 675 831 divina
690 770 900 844 ordinatione,
917 771 1061 832 doctores
1074 777 1106 832 et
1120 779 1251 852 pastores

245 869 425 949 spirituales
446 888 525 949 quos
549 870 683 949 Spiritus
698 871 831 931 Sanctus
852 868 958 948 posuit
977 887 1108 948 pascere
1133 889 1248 949 gregem

245 968 302 1030 Dei
319 974 351 1030 ct
364 986 473 1046 regere
490 968 663 1028 Ecclesiam
681 984 689 1027 :
707 966 796 1046 atqui
811 967 975 1046 dispositio
993 967 1092 1028 divini
1107 968 1203 1029 officii
1217 970 1249 1030 ad

245 1066 324 1126 illud
338 1065 497 1144 pastorale
509 1065 718 1126 ministerium
732 1070 855 1125 suamet
866 1068 981 1125 natura
991 1065 1168 1126 retertur...
1181 1068 1250 1127 Pra-

246 1169 345 1237 terea,
366 1181 424 1242 per
439 1162 533 1242 plura
549 1163 673 1238 saecula,
692 1161 810 1240 singuli
828 1161 986 1241 Episcopi,
1007 1162 1040 1222 in
1058 1181 1118 1223 sua
1132 1163 1249 1243 quisque

245 1260 418 1341 respective
433 1261 583 1336 Ecclesia,
598 1260 669 1338 jure
687 1260 783 1340 potiti
798 1265 871 1320 sunt
885 1278 1005 1347 preces,
1025 1260 1105 1320 ritus
1121 1279 1251 1323 caeremc

247 1360 378 1438 nlasquc
394 1359 572 1432 ordinandi,
592 1363 717 1419 servata
731 1364 839 1420 tamen
853 1358 924 1436 lege
939 1357 1128 1420 hierarchiae
1145 1377 1204 1438 qua
1214 1360 1251 1420 in·

200 1529 202 1538 ,
246 1457 375 1518 seriores
385 1455 755 1536 superioribus'debitam
768 1455 983 1517 obedientiam
994 1463 1146 1535 praestare
1159 1463 1249 1518 tenen·

246 1560 327 1630 tur3.
344 1554 424 1615 nibil
448 1555 604 1634 reperitur
625 1555 658 1615 in
681 1553 894 1616 monumentis
917 1553 1118 1634 antiquitatis
1141 1574 1178 1619 ex
1200 1574 1249 1635 quo

246 1652 403 1713 deducere
414 1652 586 1713 debeamus
594 1652 626 1712 id
636 1652 712 1731 ipsis
722 1653 794 1732 jure
802 1653 947 1730 delegato
959 1671 1144 1713 concessum
1154 1653 1246 1727 luisse;

238 1745 324 1826 'ergo
337 1750 505 1810 dicendum
516 1750 642 1810 videtur
654 1749 749 1810 luisse
762 1754 951 1828 potestatem
959 1750 1173 1830 jurisdictioni
1183 1750 1246 1829 epis

248 1847 353 1926 copali
365 1848 539 1926 propriam.

308 1946 343 2005 ln
362 1963 433 2005 cam
452 1945 641 2006 sententiam
661 1951 878 2006 convenerunt
892 1951 1015 2008 veteres
1035 1947 1182 2020 doctores,
1201 1944 1246 2024 qui

249 2042 466 2103 disseruerunt
483 2042 604 2121 dejure
622 2043 790 2121 liturgico;
808 2044 891 2104 unde
909 2045 948 2106 P.
965 2044 1133 2116 Zacharia,
1147 2061 1195 2123 pro
1206 2043 1244 2102 in-

250 2139 395 2201 dubitata
404 2140 586 2215 assertione,
597 2141 680 2202 hanc
688 2141 938 2220 propositionem
949 2142 1053 2203 emisit
1065 2159 1073 2202 :
1089 2166 1104 2198 u
1115 2143 1161 2202 Ab
1167 2143 1245 2220 hpos

249 2261 267 2293 «
292 2237 363 2298 tolis
375 2239 408 2298 in
416 2237 587 2318 Episcopos
593 2239 645 2316 jus
655 2238 837 2316 liturgicum
847 2227 989 2300 manavit
999 2258 1006 2299 :
1018 2239 1245 2300 conciliatamen

250 2335 454 2414 «paulatim,
482 2337 533 2397 vel
559 2336 752 2397 Patriarchee
780 2336 860 2396 illud
883 2337 943 2397 sibi
969 2337 1210 2398 vindicaverunt.
1232 2359 1243 2387 »

249 2431 452 2510 (Bibliotheca
463 2434 597 2509 ritualia,
613 2434 735 2496 dissert.
752 2451 774 2510 1,
792 2454 862 2515 cap.
875 2435 933 2516 111.)
948 2436 995 2496 Ab
1010 2435 1161 2496 exercitio
1169 2433 1245 2512 hujus

248 2529 329 2608 juris
348 2537 532 2610 sequeretur
546 2531 673 2611 quidem
688 2531 797 2611 aliqua
810 2533 945 2593 varietas
961 2532 994 2592 in
1013 2532 1101 2593 cultu
1116 2524 1244 2610 publico;

250 2627 307 2686 sed
320 2627 353 2687 id
368 2648 431 2690 non
447 2631 564 2707 obstat,
580 2647 655 2691 nam
671 2629 777 2690 unitas
793 2648 860 2690 esse
876 2630 970 2690 debet
984 2630 1017 2689 in
1035 2628 1245 2701 essentialibus,

249 2722 282 2782 in
303 2723 341 2784 iis
360 2725 477 2787 scilicet
496 2746 566 2806 quae
589 2733 662 2788 sunt
678 2726 759 2806 juris
781 2727 889 2802 divini,
914 2731 945 2787 et
966 2726 999 2786 in
1017 2727 1055 2786 iis
1078 2727 1244 2805 etiamque

250 2840 374 2881 summa
388 2825 558 2886 auctoritas
570 2825 700 2887 concilii
716 2823 881 2903 generalis,
896 2830 952 2884 aut
961 2823 1050 2886 Sedis
1063 2823 1244 2904 Apostolicae,

249 2919 422 2980 universali
435 2922 581 2984 Ecclesiae
595 2922 749 2984 servanda
763 2921 942 3001 proposuit3
958 2921 1063 2982 unitas
1077 2940 1153 2982 vero
1166 2919 1245 2982 omni-

250 3017 346 3078 moda
359 3023 390 3079 et
403 3018 547 3080 litteralis
571 3038 641 3100 quae
665 3019 838 3100 quamlibet
862 3018 1076 3079 diversitatem
1105 3018 1242 3090 excludat,

249 3134 280 3176 v.
304 3133 350 3192 g.,
365 3115 399 3175 in
413 3115 565 3179 divisione
578 3116 728 3197 psalterii,
744 3117 777 3176 in
791 3115 934 3177 formulis
948 3116 1140 3188 orationum,
1156 3115 1187 3178 in
1204 3113 1243 3174 de-

250 3211 334 3274 lectu
348 3213 533 3289 lectionum,
545 3234 608 3276 non
620 3220 667 3275 est
671 3213 742 3292 jure
753 3213 858 3274 divino
869 3213 1047 3275 neccssaria
1067 3214 1109 3274 ad
1124 3230 1242 3276 commn-

249 3310 378 3370 nionem
392 3311 591 3374 catholicam.

313 3407 513 3469 «Ecclesiam
527 3409 641 3470 Christi
655 3408 815 3489 sponsam,
832 3409 877 3472 ait
897 3409 988 3471 Gard.
1007 3411 1108 3486 Bona,
1135 3407 1241 3470 varieta-

252 3529 269 3560 «
291 3504 375 3566 tibus
390 3505 658 3568 circumamictam
670 3509 774 3586 regius
786 3509 904 3588 psaltes
918 3507 1105 3569 describit...
1121 3505 1190 3586 quid
1202 3520 1241 3563 au·

251 3623 267 3657 «
290 3607 355 3662 tem
376 3609 490 3680 vestes,
514 3605 588 3684 quid
608 3606 701 3667 flores
721 3606 935 3668 multicolores
954 3611 1038 3680 sunt,
1055 3605 1115 3666 nisi
1128 3602 1240 3666 varietas

255 3723 270 3753 «
292 3718 455 3763 sacrorum
467 3704 584 3764 rituum
596 3705 710 3784 quibus
719 3704 922 3768 ecclesiastici
931 3702 991 3765 viri
999 3707 1065 3766 Deo
1077 3703 1239 3779 laudesper-
