2568 4272
110 282 186 330 nur.
210 283 273 331 vll.
292 282 476 331 luorout'rns
495 275 701 374 erlaporonuu
720 283 752 331 lli
774 284 957 334 sneundune.
1001 279 1053 334 327

79 401 114 460 2⁰
125 399 335 479 Approbatio
346 400 421 461 data
429 418 488 480 pro
499 399 689 462 monialibus
699 400 897 480 protrahitur
906 401 947 462 ad
956 402 1053 465 trien·

23 497 119 569 nium,
150 517 221 577 quo
249 499 370 579 elapso,
400 498 608 560 confessarius
628 516 692 559 nou
715 504 819 579 potest
842 500 1052 562 confessiones

23 595 128 658 audire
143 594 181 655 in
195 597 315 657 eodem
330 596 533 670 monasterio,
549 596 610 658 nisi
623 596 784 658 licentiam
798 597 971 660 obtinuerit
983 615 1002 658 a
1016 598 1049 660 S.

23 693 305 773 Congregatione;
333 693 412 755 alias
436 693 615 756 declaratur
629 713 797 774 suspensus
820 695 861 756 ab
885 689 1056 759 audiendis

23 790 293 854 confessionibus.
310 793 342 854 S.
362 791 571 870 Congregatio
589 811 653 854 nou
669 792 832 854 consuevit
847 793 923 854 dare
937 792 1049 873 hujus·

23 889 103 950 modi
133 889 333 952 facultatem
365 890 426 950 nisi
450 890 491 952 ad
519 889 607 952 aliud
626 891 809 967 triennium,
829 890 938 953 addita
961 891 1048 952 insu-

23 1006 73 1066 per
93 987 290 1048 conditione
315 987 400 1068 quod
429 987 559 1050 accedat
585 1006 755 1050 consensus
779 989 913 1050 duarum
937 989 1048 1050 saltem

23 1085 170 1145 extribus
187 1085 340 1164 partibus
349 1085 546 1162 monialium,
560 1087 777 1166 capitulariter
788 1091 820 1148 et
829 1105 886 1166 per
898 1087 1048 1165 suffragia

25 1187 138 1244 secreta
153 1183 374 1263 praestandus.
391 1183 524 1264 Expleto
539 1183 677 1246 secundo
689 1183 745 1245 illo
757 1183 893 1246 triennio
908 1202 987 1264 opus
1001 1189 1048 1246 est

24 1297 97 1340 noro
111 1280 261 1357 indulto,
279 1285 310 1342 et
324 1281 497 1343 recurritur
511 1283 552 1342 ad
566 1283 598 1344 S.
615 1281 813 1343 Pontificem.

77 1378 109 1436 30
121 1378 309 1458 Regulares
321 1375 449 1442 Praelati
459 1379 650 1441 monialibus
661 1381 721 1441 sibi
730 1379 878 1460 subjectis
888 1381 1045 1450 confesse-

26 1474 99 1534 rium
113 1476 323 1538 ordinarium
343 1493 431 1538 esuo
451 1477 561 1538 ordine
580 1477 745 1556 designare
762 1477 882 1552 solent;
903 1482 1046 1540 extraor·
1080 1511 1085 1516 -

28 1571 178 1635 dinarium
201 1580 325 1649 autem,
346 1574 459 1636 saltem
476 1576 574 1637 semel
593 1575 626 1635 in
645 1593 741 1650 anno,
760 1576 912 1656 deputare
929 1576 1046 1638 debent

28 1671 208 1733 secularem
230 1677 288 1734 aut
308 1691 347 1734 ex
366 1672 429 1736 alio
450 1672 560 1734 ordine
579 1671 737 1751 regulari3
760 1675 839 1735 adeo
860 1679 897 1735 ut
915 1674 941 1736 si
961 1674 1045 1736 intra

29 1771 163 1847 tempora
179 1770 382 1850 praescripta,
400 1771 627 1832 confessarium
644 1771 930 1833 extraordinarium
947 1771 1045 1852 depu-

29 1868 86 1926 tare
100 1868 317 1946 neglexerint,
334 1868 384 1929 vel
398 1887 525 1948 semper
540 1870 663 1949 proprii
677 1867 795 1932 ordinis
810 1871 988 1950 regularem
1003 1871 1042 1931 ad

30 1959 103 2023 huuc
125 1965 280 2034 effectum
299 1966 533 2046 deputaverint,
556 1967 597 2028 ad
615 1967 808 2048 Episcopum
828 1969 1042 2030 dioecesanum
1074 1996 1079 2003 ·

30 2057 217 2138 devolvatur,
238 2063 325 2125 omni
345 2065 559 2145 appellatione
579 2071 712 2142 remota,
730 2065 784 2145 jus
802 2067 971 2148 supplendi
986 2085 1040 2129 eo-

31 2159 161 2221 mmdem
183 2163 394 2241 praelatorum
421 2163 590 2234 defectum,
614 2165 811 2226 sacerdotem
836 2164 1039 2244 assignando,

30 2259 101 2315 aute
116 2257 204 2320 clero
222 2259 376 2337 saeculari,
395 2266 450 2321 aut
464 2279 503 2321 ex
519 2260 582 2322 alio
595 2261 705 2322 ordine
720 2261 868 2338 regulari.

79 2357 109 2413 l⁰
124 2357 286 2428 Quamdiu
297 2358 505 2420 confessarius
515 2358 785 2420 extraordinarius
796 2359 891 2420 alicui
901 2377 1041 2420 commu-

31 2447 108 2512 nitati
122 2453 297 2534 deputatus
309 2474 365 2517 suo
378 2455 552 2517 ministerio
563 2456 719 2536 fungitur,
735 2456 944 2518 confessarius
956 2457 1043 2518 ordi-

32 2547 123 2610 narius
140 2553 302 2614 abstinere
320 2553 414 2616 debet
428 2553 468 2615 ab
483 2555 675 2634 excipienda
691 2555 887 2617 confessione
906 2554 1039 2635 aliqu'us

31 2647 172 2726 monialis,
191 2650 362 2713 alteriusve
374 2650 603 2731 cujuscumque
616 2670 760 2731 persouae
776 2651 861 2714 iutra
873 2659 962 2732 septa
973 2671 1040 2715 mo-

32 2745 143 2806 nasterii
162 2749 402 2810 commorantis.
424 2749 621 2811 Confessario
646 2755 752 2810 autem
774 2750 1037 2828 extraordinario,

31 2845 184 2920 postquam
194 2864 289 2907 suum
300 2846 440 2908 officium
451 2847 635 2927 expleverit,
648 2847 787 2910 districte
795 2849 966 2911 inhibitum
977 2855 1035 2926 est,

33 2934 79 2993 sub
94 2943 187 3003 variis
208 2943 322 3022 poeuis,
338 2963 378 3006 ne
398 2944 439 3005 ad
458 2944 543 3006 idem
559 2946 786 3007 monasterium
802 2947 933 3008 ulterius
952 2965 1039 3009 acce·

33 3025 101 3106 dere,
118 3046 172 3100 aut
186 3041 284 3102 ullius
302 3042 426 3119 generis
444 3044 668 3104 commercium
685 3044 770 3105 intra
784 3045 888 3124 ipsum
906 3062 1038 3124 quomc

35 3122 192 3214 locumque
204 3138 389 3201 continuare
401 3147 432 3201 et
442 3142 559 3214 fovere,
573 3141 738 3203 etiam'sub
750 3141 922 3221 spiritualis
933 3160 1035 3204 causae

34 3228 78 3284 aut
86 3235 276 3297 necessitatis
288 3238 433 3314 obtentu,
446 3244 628 3317 praesumat
644 3239 762 3318 (Gonst.
777 3239 939 3302 Benedicti
953 3239 1034 3312 xiv,

37 3314 183 3392 Posterolr'r
197 3353 288 3411 rura,
305 3354 358 3398 au.
368 3337 455 3415 ,1748
466 3338 502 3417 ¹.)

82 3422 256 3493 Notandum
268 3432 399 3496 minime
414 3433 563 3514 expedire
576 3439 607 3496 et
621 3453 686 3494 nou
696 3452 764 3496 esse
775 3434 892 3514 regulis
905 3453 1034 3498 consen·

72 3590 91 3636 l·
103 3591 222 3661 leuatis,
240 3611 271 3654 v⁰
289 3603 422 3668 iloniulis,
438 3605 489 3654 art.
506 3617 532 3652 v.
551 3630 582 3640 -
597 3603 699 3666 Lucidi,
721 3604 754 3654 de
774 3603 849 3654 visit.
866 3603 1031 3666 Saeniim,

36 3655 76 3706 ml.
91 3661 120 3724 ll,
132 3685 189 3730 pag.
207 3679 262 3724 ira.
273 3678 379 3724 ttamen.
394 3679 476 3740 Cong.
491 3675 579 3742 Episc.
595 3682 622 3731 et
637 3679 701 3744 fleg.
719 3692 762 3730 au.
780 3681 851 3732 litt.
864 3709 895 3718 -
907 3681 1029 3744 Bizzarri,

39 3725 185 3806 trlkctanec,
200 3757 263 3809 pag.
275 3746 331 3798 327.
