2632 4260
125 255 126 260 ’
201 239 241 294 30
573 251 648 302 PARS
667 252 702 300 ΙΙ.
724 253 851 304 clamet.

137 378 139 382 ’
206 362 277 426 ticae
294 365 400 445 periti,
418 369 504 448 quod
518 369 656 449 probant
669 389 709 432 ex
724 372 850 452 seriptis
864 373 963 434 sancti
978 372 1091 435 Isidori
1105 372 1218 453 Hispa-

206 461 312 536 lensis,
334 470 365 526 et
384 467 484 528 sancti
504 468 644 548 Gregorii
664 471 865 534 Turonensis.
888 473 1034 552 Synodus
1053 472 1220 546 Toletano,

208 576 261 622 an.
284 563 355 637 633,
378 567 521 642 candi,
546 571 683 646 tonsurae
705 574 899 649 praeceptum
922 571 1016 632 simul
1035 575 1066 632 et
1084 570 1222 631 formam

209 660 448 740 complectitur:
465 661 570 726 Omnes
582 665 688 728 elerici
698 666 1069 750 detonsosapcriasoapite
1085 676 1158 745 toto,
1175 667 1221 726 ta-

207 755 304 835 serias
317 758 412 822 solam
427 762 534 823 cereali
545 783 684 826 eoronam
695 765 868 848 relinquant
880 769 902 826 ¹.
918 769 1006 829 Hanc
1021 765 1224 846 disciplinam

209 854 327 935 ubique
342 858 486 936 pluribus
497 861 613 924 abhinc
624 864 747 925 saeculis
762 865 967 926 constitutam
975 864 1014 925 de
1025 882 1107 925 novo
1118 862 1226 924 sanxit

212 953 381 1016 concilium
401 959 548 1036 generale
567 963 777 1023 Lateranense
798 963 855 1023 sub
874 961 1058 1024 Innocentio
1077 963 1119 1024 ΙΙΙ
1139 959 1224 1022 cele-

209 1048 336 1112 bratum
361 1072 368 1114 :
397 1079 412 1110 o
436 1057 546 1118 Clerici
568 1063 733 1120 tonsuram
755 1065 785 1121 et
809 1079 959 1122 coronam
979 1061 1122 1122 habeant
1144 1077 1224 1120 con-

209 1156 384 1226 gruentem.
403 1175 417 1212 a
438 1153 525 1235 (Gap.
545 1154 668 1232 Clerici,
686 1159 734 1233 la,
752 1176 791 1220 nn
805 1160 886 1221 Vrra
900 1177 938 1220 nr
953 1162 1136 1222 Hornsrarn
1152 1173 1225 1220 cne-
1297 1249 1298 1256 ἵ

207 1262 352 1324 nreonuu,
366 1250 420 1312 lib.
437 1253 478 1314 ΙΙΙ
491 1255 629 1336 Deerat.)

269 1356 356 1417 lnter
376 1362 539 1422 tonsuram
564 1367 596 1422 et
617 1381 768 1425 coronam
788 1363 1158 1440 intercedit-discrimen,
1184 1362 1228 1422 ait

206 1453 431 1518 «Benedictus
448 1459 526 1535 XIV,
549 1466 580 1520 et
596 1467 746 1543 utrasque
765 1463 886 1525 clericis
903 1462 1057 1542 gerendas
1073 1462 1228 1522 Innocen-

207 1573 227 1606 .«
244 1550 308 1611 tius
321 1552 373 1627 ΙΙΙ,
390 1553 440 1616 his
454 1558 560 1618 verbis
574 1559 686 1621 indicit
702 1578 709 1621 :
726 1579 867 1622 coronam
883 1570 911 1623 et
927 1571 1080 1622 tonsuram
1096 1557 1228 1620 babeant

207 1671 228 1704 v«
243 1659 464 1730 ooaprueatem.
482 1678 497 1710 »
517 1655 604 1733 (last.
621 1675 703 1732 nxxr,
721 1669 755 1719 n⁰
769 1659 814 1740 6.)
829 1662 891 1721 Per
904 1664 1069 1720 tonsuram
1083 1657 1161 1718 olim
1177 1655 1227 1715 in-

209 1743 414 1826 telligebatur
427 1753 565 1816 brevitas
579 1749 768 1835 capillorum
780 1777 787 1833 3
802 1776 859 1837 per
872 1775 1023 1819 coronam
1034 1774 1110 1818 vero
1122 1756 1229 1816 forma

209 1847 368 1908 coronidis
382 1857 506 1914 servata
520 1853 553 1914 in
569 1855 664 1916 modo
677 1849 808 1933 capillos
820 1855 983 1932 tondendi,
996 1873 1092 1935 quem
1106 1853 1230 1914 indicat

211 1947 315 2007 textus
332 1966 429 2028 supra
448 1949 563 2012 allatus
580 1953 705 2014 concilii
726 1954 881 2016 Toletani.
903 1955 1017 2016 Omnes
1037 1952 1091 2032 qui
1108 1954 1176 2012 Deo
1197 1947 1229 2008 in

211 2045 295 2104 statu
310 2044 448 2108 clericali
460 2068 492 2110 sa
505 2050 713 2128 devovebant,
731 2050 862 2132 capillos
877 2052 1052 2113 defluentes
1065 2051 1098 2110 in
1113 2050 1227 2110 hume-

210 2157 283 2201 rum
303 2143 515 2222 deponebant,
539 2153 570 2210 et
588 2154 743 2234 praeterea
759 2155 854 2229 caput
873 2168 931 2230 per
949 2150 1081 2210 modum
1100 2162 1229 2208 eoronae
1298 2156 1299 2186 l

211 2239 323 2302 radere
341 2243 541 2321 tenebantur,
555 2246 649 2325 juxta
668 2247 867 2326 disciplinam
882 2237 942 2308 usu
958 2247 1128 2320 invectam,
1149 2263 1228 2306 eon·

211 2335 420 2421 ciliorumque
440 2344 573 2405 decretis
594 2345 765 2407 firmatam.
788 2346 902 2418 Quanti
922 2346 1005 2407 hanc
1026 2343 1230 2424 disciplinam
1298 2355 1299 2430 j

207 2434 321 2498 iecerit
335 2440 484 2516 Ecclesia,
503 2443 578 2502 satis
592 2443 730 2505 ostendit
743 2462 800 2523 per
812 2446 921 2526 plures
933 2462 1071 2506 canones
1081 2460 1162 2524 quos
1172 2459 1231 2503 sae·
1298 2453 1299 2462 ²

206 2533 282 2610 ,pius
302 2534 475 2599 innovavit.
502 2540 659 2602 Statuitur
683 2541 717 2601 in
739 2543 871 2604 concilio
895 2541 1101 2604 Lateranensi
1123 2561 1145 2603 v
1169 2540 1229 2601 sub

208 2629 315 2691 -Leone
327 2634 364 2706 X,
379 2652 454 2696 sess,
468 2654 501 2697 rx
518 2655 525 2698 :
548 2639 688 2700 «Clerici
697 2641 730 2700 in
743 2643 839 2702 sacris
850 2642 1014 2703 constituti
1024 2640 1161 2702 barbam
1171 2657 1231 2700 nec

217 2747 231 2784 o
246 2746 371 2790 comam
391 2734 544 2812 nutriant,
566 2737 621 2798 sed
642 2743 805 2800 tonsuram
827 2741 949 2815 ferant;
973 2739 1001 2800 si
1023 2734 1093 2819 quis
1117 2742 1231 2800 contra

216 2849 230 2878 α
245 2826 365 2903 lecerit,
387 2835 747 2897 excommunicationem
762 2838 913 2898 incurrat.
935 2861 951 2894 »
971 2840 1140 2899 Decretum
1156 2854 1230 2898 con-

211 2922 278 2984 cilii
289 2927 507 2992 Lateranensis
517 2933 631 2994 iterum
642 2934 767 2997 induxit
780 2936 886 2998 Sixtus
898 2937 924 3000 V
934 2954 992 3016 per
1001 2936 1107 2997 Const.
1118 2933 1232 2996 Sacra

212 3032 358 3100 sanctam,
375 3045 427 3087 an.
446 3029 535 3090 1589.

273 3132 343 3195 342.
359 3167 398 3180 -
410 3136 448 3195 ll.
464 3137 625 3216 Obligatio
639 3140 800 3202 deferendi
815 3159 965 3203 coronam
980 3140 1161 3202 clericalem
1174 3157 1230 3198 ur-

214 3234 266 3305 get
287 3231 345 3292 sub
368 3233 468 3311 gravi,
494 3236 526 3296 in
552 3255 589 3299 eo
613 3257 706 3299 sensu
725 3241 811 3318 quod
835 3246 944 3318 peccet
962 3238 1141 3300 mortaliter
1163 3235 1230 3315 qui,

214 3327 302 3388 nulla
311 3331 434 3394 ratione
447 3333 528 3396 seria
538 3344 719 3412 excusante,
734 3356 792 3416 per
800 3342 926 3417 tempus
936 3337 1076 3398 notabile
1091 3335 1232 3436 reginen

213 3425 376 3493 satisfacit.

276 3533 467 3601 Gravitatem
490 3541 692 3620 obligationis
711 3543 906 3604 desumimus
927 3561 935 3629 ς
957 3544 988 3603 l⁰
1007 3561 1045 3604 es
1065 3523 1232 3606 canonibus

264 3720 286 3766 l.
302 3717 451 3786 Selraggio,
461 3724 551 3790 antiq.
568 3725 663 3778 Christ.
679 3727 751 3788 last,
764 3725 810 3777 lib.
823 3727 845 3790 l,
859 3729 927 3792 part.
939 3727 973 3790 ll,
984 3739 1040 3790 cap.
1054 3739 1102 3778 nu.
