2568 4272
149 249 247 298 iscus
265 248 382 297 rivulis
401 248 488 296 cinca
507 248 773 300 consnnssrwrtns
793 252 978 301 Rullolosrls.
1021 247 1074 302 345

18 367 249 430 Gubernium
262 365 412 427 seculare
427 365 498 426 iniit
512 384 583 427 curn
596 368 714 428 Sancta
726 366 817 442 Sede,
831 374 862 429 et
874 369 936 448 juri
946 369 1074 449 publico

18 465 187 545 singulis
202 464 321 526 civibus
334 462 512 524 libertatem
528 463 700 524 affirmanti
715 466 868 545 sequendi
882 486 971 528 suam
987 467 1073 547 quis-

20 583 111 644 que
132 562 331 640 religionem,
352 560 448 621 modo
465 559 544 620 nihil
562 566 637 638 agat
656 579 719 640 quo
741 563 975 624 offenderentur
995 565 1072 627 ordo

25 662 208 741 publicus
225 658 302 720 boni
316 675 430 734 mores,
443 657 517 736 jura
532 658 667 720 aliorum
682 659 733 740 (T.
750 663 788 735 ll,
805 681 837 741 p.
856 663 938 740 188.)
952 669 959 680 '

107 762 147 822 Il.
171 756 341 836 Legislstio
352 755 451 818 civilis
465 755 573 816 Gallim
586 776 650 817 non
665 758 781 834 obstat,
793 777 850 820 nee
859 758 931 838 jure
945 760 1071 823 obstare

26 862 156 940 posset
176 857 253 937 quin
268 854 352 916 cives
372 854 514 932 polleant
532 854 677 916 libertate
697 856 868 934 profitendi
881 859 979 918 vitam
999 858 1070 920 reli·

33 960 183 1040 giosam.
735 946 737 951 ’

109 1052 212 1134 Objici
226 1071 290 1113 non
308 1051 425 1112 debent
438 1050 524 1128 leges
538 1051 597 1111 sub
616 1051 716 1112 veteri
730 1052 903 1114 Galliarum
916 1055 1070 1133 regimine

38 1156 135 1230 latae,
154 1152 269 1232 quibus
286 1148 508 1228 requirebatur
522 1166 667 1209 assensus
681 1149 837 1230 Principis
855 1153 1014 1214 saecularis
1029 1155 1069 1215 ad

39 1251 252 1314 formandum
271 1247 452 1310 Institutum
471 1246 664 1322 religiosum,
680 1265 744 1308 nec
761 1247 888 1310 decreta
907 1251 1068 1330 proscrip-

43 1348 143 1411 tionis
155 1353 297 1425 tempore
309 1343 555 1424 perturbationis
567 1349 678 1406 contra
690 1363 800 1406 omnes
812 1346 939 1407 ordines
952 1348 1066 1411 edicta.

45 1452 148 1525 Leges
161 1446 342 1506 referuntur
356 1443 397 1502 ad
411 1442 556 1503 ordinem
570 1459 677 1502 rerum
692 1443 747 1522 qui
761 1444 898 1522 amplius
913 1463 978 1506 non
993 1446 1066 1507 sub·

48 1545 140 1618 sistit,
149 1539 1066 1623 quonimirumvotareligiosaagnoscebanturaGubernio,

47 1644 133 1704 illius
150 1638 327 1721 patrocinio
343 1638 539 1711 tutabantur,
559 1643 654 1716 atque
675 1638 805 1700 ellectus
825 1640 931 1700 civiles
946 1642 1067 1720 produ-

50 1743 174 1803 cebant.
205 1741 274 1800 Non
301 1742 374 1798 sunt
397 1736 482 1815 apud
508 1753 565 1796 nos
592 1735 775 1814 hujusmodi
804 1739 1065 1812 communitates;

48 1846 133 1913 uota,
152 1838 179 1899 si
195 1855 259 1916 qua
273 1833 435 1896 emiserint
449 1833 569 1905 fideles,
584 1834 650 1893 sive
665 1835 706 1894 ed
718 1839 855 1914 tempus,
872 1836 936 1897 sive
951 1837 984 1896 in
999 1855 1068 1915 per·

49 1944 196 2018 potuum,
228 1937 301 1994 sunt
328 1932 389 1992 fori
417 1930 631 2004 conscientia,
665 1931 850 2011 nullamque
880 1933 1066 1996 relationem

50 2036 169 2097 hebent
179 2032 220 2094 ad
238 2036 355 2092 statum
366 2028 503 2091 civilem.
523 2027 607 2088 Nihil
620 2029 789 2090 dicendum
799 2030 839 2091 dc
850 2031 982 2092 decretis
993 2050 1067 2111 pro·

50 2130 227 2212 scriptionis
236 2129 350 2208 quibus
362 2126 602 2206 opprimebatur
611 2125 757 2201 libertas;
771 2127 841 2206 quis
850 2129 975 2208 sapiens
990 2129 1066 2190 velit

51 2251 86 2292 ea
100 2228 270 2292 suscitarit

106 2327 247 2390 Remotis
259 2324 356 2402 igitur
370 2322 492 2400 legibus
507 2340 543 2382 ac
560 2321 692 2382 decretis
717 2340 787 2401 quar
810 2323 968 2386 hodiernae
989 2343 1064 2385 con-

49 2425 203 2488 stitutioni
221 2421 414 2500 Reipublicae
435 2420 593 2481 contraria
612 2425 694 2494 sunt,
716 2420 838 2482 nullam
851 2420 983 2500 hujusce
1006 2423 1066 2483 aevi

48 2527 150 2604 legem
179 2521 335 2595 novimus,
366 2518 469 2597 legem
501 2522 631 2592 certam,
658 2516 788 2579 indubie
825 2536 844 2578 a
873 2519 1064 2598 jurisperitis

48 2621 230 2695 admissam,
253 2635 322 2697 quae
342 2617 470 2676 obstare
492 2614 590 2692 possit
611 2614 783 2676 existentiae
800 2616 1063 2677 communitatum
1108 2643 1113 2650 ·

46 2720 276 2798 religiosarum.
292 2714 378 2775 Nihil
392 2712 522 2774 arbitrio
533 2712 700 2774 hominum
716 2713 895 2789 dimittitur,
911 2714 1064 2794 quidquid

48 2819 150 2898 alege
170 2834 234 2876 non
249 2813 381 2874 vetitum
401 2815 458 2885 est,
473 2810 595 2870 licitum
615 2815 795 2890 reputatur;
825 2813 910 2890 quod
926 2812 966 2872 ad
986 2831 1061 2874 con·

48 2922 171 2992 ventus,
199 2931 252 2973 seu
276 2907 500 2972 associationes
525 2908 648 2982 attinet,
673 2928 755 2968 unus
782 2909 884 2970 solum
912 2909 1062 2970 articulus

46 3015 161 3075 citatur
175 3010 290 3073 codicis
303 3005 449 3086 poenslis,
467 3006 524 3067 sub
540 3025 577 3066 eo
590 3005 682 3068 titulo
700 3024 707 3067 :
729 3005 791 3068 Des
805 3005 1005 3069 Asseriatt'ons
1024 3027 1062 3068 ou

45 3111 186 3174 reunions
211 3106 340 3182 illiciter,
366 3101 518 3164 articulus
543 3121 657 3182 nempe
676 3105 748 3179 291,
769 3106 826 3184 qui
854 3106 900 3166 itu
923 3105 1058 3166 statuit:

49 3236 63 3265 «ι
75 3207 167 3271 Nulle
183 3203 371 3266 association
387 3202 425 3262 de
440 3201 512 3281 plus
527 3201 566 3261 de
580 3200 669 3280 vingt
683 3220 855 3281 personnes
872 3202 949 3262 dont
963 3202 992 3262 le
1004 3203 1061 3262 but

48 3326 145 3369 «sera
160 3305 199 3366 de
213 3323 245 3364 sc
258 3301 376 3374 reunir‚
385 3305 454 3362 tous
468 3299 514 3360 les
520 3297 622 3377 jours,
637 3318 678 3359 ou
692 3301 711 3359 a
726 3299 861 3360 certains
869 3300 959 3379 jours
973 3317 1059 3360 mar·

50 3410 163 3484 «ques,
173 3420 256 3482 pour
269 3401 431 3477 s'occuper
445 3396 578 3474 d'cbjets
588 3395 754 3474 religieux,
762 3396 940 3471 litteraires‚
952 3396 1059 3475 politi-

51 3526 65 3558 «
76 3521 152 3582 ques
167 3519 210 3562 ou
223 3504 339 3569 autres,
359 3513 397 3555 ne
412 3512 531 3574 pourra
550 3511 582 3554 se
596 3495 716 3554 former
731 3491 860 3572 qu'arec
875 3494 1060 3571 l’agrement

53 3605 117 3665 «du
132 3598 397 3668 Gouvernement,
420 3596 451 3652 et
471 3609 544 3651 sous
563 3590 609 3652 les
634 3592 811 3654 conditione
825 3589 901 3670 qu'il
920 3591 1022 3670 plaira
1041 3594 1059 3652 d

54 3697 237 3764 «l’autorite
250 3688 579 3774 publiqued'imposer
594 3691 649 3753 ala
660 3690 878 3754 societe.Dsns
889 3689 1058 3752 lenombre
