2642 4268
181 262 247 311 llll'l'.
270 242 309 312 ll.⁴
326 263 522 325 optulerat,
542 261 811 313 rounlrlouasur
830 263 1004 313 Bclcrlctl.
1047 257 1100 313 529

82 402 99 434 «
116 377 253 441 aliorum
267 381 541 444 beneficiorum...·
551 388 681 462 propter
696 390 805 443 aarum
819 387 1051 462 paupertatem,
1068 387 1100 443 et

82 501 100 533 «
115 477 149 538 in
162 479 283 540 caeteris
301 480 426 541 casibus
442 480 514 558 jure
529 479 689 560 permissis
704 499 738 556 »3
756 481 889 542 sednon
903 481 935 541 in
950 480 1048 542 alium
1061 480 1099 541 fi·
1170 506 1173 514 ·

80 595 156 636 nem
168 576 202 636 id
213 577 352 639 decernit
366 578 426 639 nisi
444 603 459 634 «
474 583 510 638 ut
523 579 733 640 Ecclesiarum
746 584 859 652 status,
869 579 924 641 ubi
934 597 1024 640 sacra
1036 580 1100 640 Deo

86 695 101 732 «
116 675 222 736 officia
242 676 473 752 ministrantur,
499 695 538 738 ex
559 677 711 756 dignitate
733 681 936 739 conservetur
950 701 979 740 ».
1002 675 1098 758 (SesS.

81 791 147 848 uxr,
165 792 235 854 cap.
252 793 281 851 v,
301 774 334 836 de
348 776 509 858 Reform.)
775 781 777 788 '

143 873 176 932 3⁰
189 872 307 934 Eodem
318 874 445 936 decreto
456 875 582 938 concilii
594 875 741 937 statuitur
755 881 789 936 nt
801 873 1101 936 unio.Ecclesiarum

83 970 139 1030 liat
155 993 171 1027 «
184 971 277 1051 juxta
290 973 427 1034 formam
436 972 530 1053 juris,
548 974 615 1035 sinc
629 979 737 1036 tamen
753 972 938 1053 praejudicio
955 971 1100 1034 obtinen-

84 1068 163 1132 tium
178 1093 210 1130 u.

144 1169 220 1241 Quae
241 1169 303 1230 sint
323 1170 436 1232 formae
452 1171 534 1252 juris
553 1171 704 1238 novimus¹
720 1187 759 1230 ex
779 1169 840 1231 alic
855 1169 1099 1246 textuconcilii,

84 1266 203 1328 scilicet
220 1285 262 1328 ex
276 1268 378 1348 capite
394 1285 426 1331 vr
439 1269 585 1330 sessionis
601 1287 644 1332 vrr
665 1287 673 1328 :
697 1291 712 1325 6
730 1267 995 1348 Uniones...'quae
1011 1266 1102 1330 dein-

89 1388 103 1424 6
118 1384 193 1444 ceps
206 1366 247 1428 ad
262 1365 399 1446 cujusvis
412 1366 597 1430 instantiam
620 1369 707 1442 licut,
728 1366 789 1427 nisi
808 1385 861 1428 eas
881 1385 921 1428 ex
939 1366 1099 1444 legitimis,

88 1487 102 1523 1
115 1471 172 1526 aut
186 1464 264 1527 alias
278 1465 520 1528 rationabilibus
535 1467 649 1542 causiS,
665 1485 772 1528 coram
789 1465 851 1529 loci
866 1466 1032 1528 Ordinario
1044 1485 1101 1527 vo-

87 1588 102 1620 «
119 1563 207 1642 satir,
222 1583 359 1644 quorum
372 1565 514 1640 interest,
526 1565 742 1649 continendis,
758 1566 857 1626 factas
870 1583 936 1626 esse
952 1565 1102 1626 constite-

86 1686 102 1718 «
121 1662 175 1738 rit,
187 1681 244 1742 per
254 1663 491 1742 subreptionem
506 1664 645 1726 obtentae
655 1666 905 1744 praesumantur3
922 1681 960 1724 ac
971 1668 1102 1743 propte·

88 1784 103 1818 6
122 1778 180 1822 rea
206 1761 266 1822 nisi
291 1761 387 1822 aliter
409 1781 430 1823 a
453 1763 532 1824 Sede
558 1761 741 1843 Apostolic'a
768 1761 965 1823 declaratum
994 1761 1101 1836 fucrit,

87 1883 103 1915 «
119 1859 239 1920 viribus
254 1859 384 1921 omnino
399 1865 538 1922 careant.
555 1884 572 1917 »

145 1957 361 2018 Necessarium
376 1958 509 2038 proinde
525 1963 572 2020 est
585 1948 758 2020 informare
775 1959 814 2020 de
829 1957 997 2020 commodo
1012 1961 1044 2019 et
1057 1956 1103 2018 in·
1192 1945 1195 1954 Χ

85 2055 265 2132 commode,
290 2057 418 2118 vocatis*
432 2075 539 2118 coram
560 2057 717 2138 Episcopo
742 2075 878 2137 quornm
900 2057 1043 2131 interest,
1066 2059 1102 2116 ut

86 2154 184 2234 plene
200 2154 346 2216 libertate
365 2175 437 2216 suas
456 2155 594 2217 rationes
609 2159 781 2236 exponant,
800 2155 864 2216 sive
881 2155 1030 2216 unionem
1043 2173 1101 2232 cp·

87 2259 223 2333 portune
238 2253 307 2314 fieri
322 2253 512 2328 existiment,
531 2254 595 2315 sive
609 2254 699 2314 illam
713 2253 842 2315 minime
858 2253 1006 2332 expedire
1022 2251 1103 2313 arbi·

87 2356 222 2412 trentur.
248 2352 457 2432 Quapropter,
482 2353 508 2413 si
533 2353 687 2432 parochia
715 2352 856 2413 unienda
885 2351 926 2412 sit
951 2350 1101 2430 capitulo,
1196 2347 1200 2358 '

88 2449 256 2512 convocari
270 2455 394 2530 oportet
408 2449 582 2528 capitulum
595 2455 626 2512 ct
640 2450 862 2530 parochianos,
880 2449 1104 2510 matriculariis

88 2547 234 2610 Ecclesia
253 2547 445 2628 parochialis
463 2549 736 2628 repraesentandos
761 2567 770 2610 ε
794 2549 821 2610 si
845 2549 916 2610 duae
941 2547 1101 2627 parochiae

88 2646 182 2707 simul
197 2647 342 2709 uniendas
358 2647 430 2723 sint,
446 2648 706 2709 convocabuntur
720 2646 928 2709 matricularii
940 2645 1105 2726 utriusque

88 2744 247 2808 Ecclesiae.
268 2779 308 2790 -
327 2746 544 2807 Necessarium
566 2764 629 2807 non
650 2751 698 2808 est
717 2746 758 2807 ad
774 2741 914 2807 valorem
930 2744 1055 2806 unionis
1070 2749 1105 2806 ut

89 2849 281 2906 convocetur
296 2849 327 2906 ct
339 2844 461 2906 intersit
475 2845 656 2921 Perochus3
672 2846 759 2926 quod
773 2845 959 2906 deducimus
976 2863 1015 2906 cx
1032 2863 1102 2924 cap.

89 2939 129 3002 Sc'
147 2961 209 3004 unc
231 2941 382 3018 Ecclesia,
404 2947 434 3018 2,
460 2961 498 3004 nn
521 2946 623 3006 ltrsns
646 2945 800 3006 uccnssrn
822 2959 1103 3016 constructurum,

89 3042 187 3102 (ilem.
201 3041 291 3102 Ratio
304 3047 361 3116 est,
373 3041 418 3102 nit
431 3042 725 3120 Schmalzgrueber,
738 3042 824 3122 quod
837 3065 853 3100 6
865 3061 937 3104 cum
949 3041 1024 3103 unio
1038 3059 1103 3101 non

94 3161 107 3196 6
123 3139 163 3200 sit
178 3139 328 3201 sortitura
343 3141 500 3215 effectum,
516 3140 618 3201 donec
630 3140 818 3202 beneficium
830 3139 1004 3200 uniendum
1013 3157 1105 3200 vaca·

89 3259 109 3296 6
122 3237 213 3314 verit,
230 3257 288 3318 per
301 3243 437 3301 mortem
449 3239 499 3300 vel
515 3239 618 3312 alitcr,
634 3245 864 3318 consequenter
877 3257 935 3319 per
949 3257 1020 3300 eam
1035 3257 1107 3318 pos·

95 3357 109 3396 6
123 3336 238 3398 sessori
253 3337 376 3398 nullum
391 3338 427 3400 lit
440 3337 699 3418 praejudicium...
717 3337 751 3401 Si
764 3342 873 3399 tamen
887 3340 992 3399 rector
1006 3336 1104 3398 bene·
1149 3335 1154 3346 '

93 3459 108 3493 «
124 3437 188 3497 ficii
201 3436 331 3498 uniendi
345 3435 440 3514 hujus
454 3437 595 3497 vacantis
610 3437 766 3512 defensor,
779 3436 882 3516 plebs,
896 3435 947 3496 vel
957 3436 1104 3497 dominus

97 3535 187 3595 uloci
206 3554 238 3596 se
258 3534 367 3596 unioni
381 3540 555 3614 opponant,
574 3535 723 3596 audiendi
745 3540 829 3611 sunt,
846 3539 878 3595 et
892 3553 987 3596 causa
1008 3551 1102 3614 quam

98 3653 112 3690 6
126 3619 268 3712 allegant
283 3633 504 3695 examinanda.
522 3655 537 3689 »
553 3631 605 3714 (N0
622 3633 692 3714 leo)
706 3635 729 3695 ¹.

140 3770 163 3818 1.
186 3767 225 3818 Gt.
244 3765 304 3818 Ami
319 3767 350 3817 dc
365 3763 391 3818 16
408 3767 535 3832 1161191611,
551 3771 615 3819 tom.
632 3768 676 3830 xl,
689 3782 751 3834 png.
762 3769 879 3830 raa-296,
895 3766 1106 3818 ubireleruntnr

930 3867 963 3922 ³0
