<?xml version="1.0" encoding="UTF-8"?>
<!DOCTYPE html PUBLIC "-//W3C//DTD XHTML 1.0 Transitional//EN"
    "http://www.w3.org/TR/xhtml1/DTD/xhtml1-transitional.dtd">
<html xmlns="http://www.w3.org/1999/xhtml" xml:lang="en" lang="en">
 <head>
  <title>
</title>
<meta http-equiv="Content-Type" content="text/html;charset=utf-8" />
  <meta name='ocr-system' content='tesseract 3.04.00' />
  <meta name='ocr-capabilities' content='ocr_page ocr_carea ocr_par ocr_line ocrx_word'/>
</head>
<body>
  <div class='ocr_page' id='page_1' title='image "./praelectionesju00murrgoog_0462.png"; bbox 0 0 2604 4274; ppageno 0'>
   <div class='ocr_carea' id='block_1_1' title="bbox 265 301 1092 356">
    <p class='ocr_par' dir='ltr' id='par_1_1' title="bbox 265 301 1092 356">
     <span class='ocr_line' id='line_1_1' title="bbox 265 301 1092 356; baseline 0.004 -4"><span class='ocrx_word' id='word_1_1' title='bbox 265 305 333 352; x_wconf 79' lang='lat' dir='ltr'><strong>nur.</strong></span> <span class='ocrx_word' id='word_1_2' title='bbox 355 307 376 353; x_wconf 91' lang='lat'><strong>1.</strong></span> <span class='ocrx_word' id='word_1_3' title='bbox 398 301 545 356; x_wconf 71' lang='lat' dir='ltr'><strong>nucinam</strong></span> <span class='ocrx_word' id='word_1_4' title='bbox 567 309 603 356; x_wconf 75' lang='grc' dir='ltr'><strong>ΕΤ</strong></span> <span class='ocrx_word' id='word_1_5' title='bbox 624 308 754 356; x_wconf 76' lang='lat' dir='ltr'><strong>stonum</strong></span> <span class='ocrx_word' id='word_1_6' title='bbox 774 309 915 356; x_wconf 70' lang='lat' dir='ltr'><strong>salvara.</strong></span> <span class='ocrx_word' id='word_1_7' title='bbox 1042 301 1092 356; x_wconf 60' lang='lat'><strong>45¹!</strong></span> 
     </span>
    </p>
   </div>
   <div class='ocr_carea' id='block_1_2' title="bbox 77 419 1120 3822">
    <p class='ocr_par' dir='ltr' id='par_1_2' title="bbox 78 419 1099 599">
     <span class='ocr_line' id='line_1_2' title="bbox 78 419 1099 503; baseline 0.006 -23"><span class='ocrx_word' id='word_1_8' title='bbox 78 419 206 498; x_wconf 82' lang='lat' dir='ltr'><strong>ginem,</strong></span> <span class='ocrx_word' id='word_1_9' title='bbox 233 421 377 498; x_wconf 82' lang='lat' dir='ltr'><strong>Sanctus,</strong></span> <span class='ocrx_word' id='word_1_10' title='bbox 398 439 453 483; x_wconf 89' lang='lat' dir='ltr'><strong>seu</strong></span> <span class='ocrx_word' id='word_1_11' title='bbox 475 423 561 485; x_wconf 88' lang='lat' dir='ltr'><strong>iacta</strong></span> <span class='ocrx_word' id='word_1_12' title='bbox 584 423 737 486; x_wconf 85' lang='lat' dir='ltr'><strong>historica</strong></span> <span class='ocrx_word' id='word_1_13' title='bbox 761 440 830 503; x_wconf 87' lang='lat' dir='ltr'><strong>quae</strong></span> <span class='ocrx_word' id='word_1_14' title='bbox 853 425 898 502; x_wconf 22' lang='lat' dir='ltr'><strong>ad.</strong></span> <span class='ocrx_word' id='word_1_15' title='bbox 913 423 1099 502; x_wconf 83' lang='lat' dir='ltr'>religionem</span> 
     </span>
     <span class='ocr_line' id='line_1_3' title="bbox 78 505 595 599; baseline 0.004 -19"><span class='ocrx_word' id='word_1_16' title='bbox 78 517 275 597; x_wconf 84' lang='lat' dir='ltr'><strong>referantur,</strong></span> <span class='ocrx_word' id='word_1_17' title='bbox 291 505 527 599; x_wconf 85' lang='lat' dir='ltr'><strong>repraesentent.</strong></span> <span class='ocrx_word' id='word_1_18' title='bbox 594 582 595 590; x_wconf 66' lang='grc'>,</span> 
     </span>
    </p>

    <p class='ocr_par' dir='ltr' id='par_1_3' title="bbox 77 610 1109 1381">
     <span class='ocr_line' id='line_1_4' title="bbox 123 610 1109 698; baseline 0.002 -20"><span class='ocrx_word' id='word_1_19' title='bbox 123 617 125 625; x_wconf 85' lang='grc'><strong>’</strong></span> <span class='ocrx_word' id='word_1_20' title='bbox 145 615 257 698; x_wconf 82' lang='lat' dir='ltr'><strong>Rarior</strong></span> <span class='ocrx_word' id='word_1_21' title='bbox 271 616 398 695; x_wconf 91' lang='lat' dir='ltr'><strong>quidem</strong></span> <span class='ocrx_word' id='word_1_22' title='bbox 413 618 473 678; x_wconf 88' lang='lat' dir='ltr'><strong>luit</strong></span> <span class='ocrx_word' id='word_1_23' title='bbox 487 635 563 679; x_wconf 89' lang='lat' dir='ltr'><strong>usus</strong></span> <span class='ocrx_word' id='word_1_24' title='bbox 578 620 754 697; x_wconf 79' lang='lat' dir='ltr'><strong>imaginum</strong></span> <span class='ocrx_word' id='word_1_25' title='bbox 774 621 806 680; x_wconf 94' lang='lat' dir='ltr'><strong>in</strong></span> <span class='ocrx_word' id='word_1_26' title='bbox 821 620 975 698; x_wconf 89' lang='lat' dir='ltr'><strong>primaeva</strong></span> <span class='ocrx_word' id='word_1_27' title='bbox 992 610 1109 694; x_wconf 70' lang='lat' dir='ltr'><strong>atala,</strong></span> 
     </span>
     <span class='ocr_line' id='line_1_5' title="bbox 80 706 1100 796; baseline 0.004 -22"><span class='ocrx_word' id='word_1_28' title='bbox 80 711 126 774; x_wconf 94' lang='lat' dir='ltr'><strong>ob</strong></span> <span class='ocrx_word' id='word_1_29' title='bbox 141 709 211 774; x_wconf 76' lang='lat' dir='ltr'><strong>ea‘m</strong></span> <span class='ocrx_word' id='word_1_30' title='bbox 225 706 432 792; x_wconf 76' lang='lat' dir='ltr'><strong>probabiliter</strong></span> <span class='ocrx_word' id='word_1_31' title='bbox 446 717 601 780; x_wconf 84' lang='lat' dir='ltr'><strong>rationem</strong></span> <span class='ocrx_word' id='word_1_32' title='bbox 617 717 702 796; x_wconf 91' lang='lat' dir='ltr'><strong>quod</strong></span> <span class='ocrx_word' id='word_1_33' title='bbox 717 717 779 778; x_wconf 88' lang='lat' dir='ltr'><strong>illae</strong></span> <span class='ocrx_word' id='word_1_34' title='bbox 793 718 947 796; x_wconf 81' lang='lat' dir='ltr'><strong>imagines</strong></span> <span class='ocrx_word' id='word_1_35' title='bbox 958 716 1100 796; x_wconf 83' lang='lat' dir='ltr'><strong>aliquam</strong></span> 
     </span>
     <span class='ocr_line' id='line_1_6' title="bbox 78 810 1096 894; baseline 0.005 -24"><span class='ocrx_word' id='word_1_36' title='bbox 78 811 165 872; x_wconf 84' lang='lat' dir='ltr'><strong>forte</strong></span> <span class='ocrx_word' id='word_1_37' title='bbox 180 810 385 872; x_wconf 84' lang='lat' dir='ltr'><strong>offensionem</strong></span> <span class='ocrx_word' id='word_1_38' title='bbox 401 813 514 874; x_wconf 82' lang='lat' dir='ltr'><strong>aliems</strong></span> <span class='ocrx_word' id='word_1_39' title='bbox 534 813 710 893; x_wconf 89' lang='lat' dir='ltr'><strong>potuissent</strong></span> <span class='ocrx_word' id='word_1_40' title='bbox 728 814 870 875; x_wconf 88' lang='lat' dir='ltr'><strong>Ethuicis</strong></span> <span class='ocrx_word' id='word_1_41' title='bbox 885 815 939 894; x_wconf 93' lang='lat' dir='ltr'><strong>qui</strong></span> <span class='ocrx_word' id='word_1_42' title='bbox 951 814 1096 875; x_wconf 89' lang='lat' dir='ltr'><strong>christia·</strong></span> 
     </span>
     <span class='ocr_line' id='line_1_7' title="bbox 80 907 1103 991; baseline 0.004 -23"><span class='ocrx_word' id='word_1_43' title='bbox 80 907 359 987; x_wconf 70' lang='lat' dir='ltr'><strong>nam‘religionem</strong></span> <span class='ocrx_word' id='word_1_44' title='bbox 380 910 670 990; x_wconf 83' lang='lat' dir='ltr'><strong>amplectebantur3</strong></span> <span class='ocrx_word' id='word_1_45' title='bbox 692 930 729 972; x_wconf 89' lang='lat' dir='ltr'><strong>eo</strong></span> <span class='ocrx_word' id='word_1_46' title='bbox 748 916 856 972; x_wconf 88' lang='lat' dir='ltr'><strong>tamen</strong></span> <span class='ocrx_word' id='word_1_47' title='bbox 872 912 942 991; x_wconf 91' lang='lat' dir='ltr'><strong>ipso</strong></span> <span class='ocrx_word' id='word_1_48' title='bbox 957 917 1103 991; x_wconf 88' lang='lat' dir='ltr'><strong>tempore</strong></span> 
     </span>
     <span class='ocr_line' id='line_1_8' title="bbox 77 998 1100 1089; baseline 0.002 -23"><span class='ocrx_word' id='word_1_49' title='bbox 77 998 148 1084; x_wconf 85' lang='lat' dir='ltr'><strong>jam</strong></span> <span class='ocrx_word' id='word_1_50' title='bbox 165 1005 200 1066; x_wconf 94' lang='lat' dir='ltr'><strong>in</strong></span> <span class='ocrx_word' id='word_1_51' title='bbox 213 1007 358 1067; x_wconf 86' lang='lat' dir='ltr'><strong>oratoriis</strong></span> <span class='ocrx_word' id='word_1_52' title='bbox 378 1009 598 1072; x_wconf 84' lang='lat' dir='ltr'><strong>secretioribus</strong></span> <span class='ocrx_word' id='word_1_53' title='bbox 618 1009 961 1089; x_wconf 76' lang='lat' dir='ltr'><strong>pingebantursaucti</strong></span> <span class='ocrx_word' id='word_1_54' title='bbox 979 1009 1100 1071; x_wconf 88' lang='lat' dir='ltr'><strong>Veteris</strong></span> 
     </span>
     <span class='ocr_line' id='line_1_9' title="bbox 83 1104 1100 1188; baseline 0 -22"><span class='ocrx_word' id='word_1_55' title='bbox 83 1104 291 1188; x_wconf 67' lang='lat' dir='ltr'><strong>Testamenti,</strong></span> <span class='ocrx_word' id='word_1_56' title='bbox 306 1107 595 1184; x_wconf 85' lang='lat' dir='ltr'><strong>repraesentabatur</strong></span> <span class='ocrx_word' id='word_1_57' title='bbox 611 1107 752 1168; x_wconf 78' lang='lat' dir='ltr'><strong>Christus</strong></span> <span class='ocrx_word' id='word_1_58' title='bbox 764 1107 917 1168; x_wconf 88' lang='lat' dir='ltr'><strong>Dominus</strong></span> <span class='ocrx_word' id='word_1_59' title='bbox 928 1107 986 1168; x_wconf 91' lang='lat' dir='ltr'><strong>sub</strong></span> <span class='ocrx_word' id='word_1_60' title='bbox 997 1107 1100 1184; x_wconf 82' lang='lat' dir='ltr'><strong>figura</strong></span> 
     </span>
     <span class='ocr_line' id='line_1_10' title="bbox 81 1201 1100 1278; baseline 0.001 -15"><span class='ocrx_word' id='word_1_61' title='bbox 81 1201 236 1278; x_wconf 87' lang='lat' dir='ltr'><strong>Pastoris,</strong></span> <span class='ocrx_word' id='word_1_62' title='bbox 253 1203 299 1263; x_wconf 90' lang='lat' dir='ltr'><strong>uti</strong></span> <span class='ocrx_word' id='word_1_63' title='bbox 315 1204 537 1266; x_wconf 88' lang='lat' dir='ltr'><strong>adhncvidere</strong></span> <span class='ocrx_word' id='word_1_64' title='bbox 551 1210 598 1266; x_wconf 87' lang='lat' dir='ltr'><strong>est</strong></span> <span class='ocrx_word' id='word_1_65' title='bbox 612 1207 720 1268; x_wconf 87' lang='lat' dir='ltr'><strong>Romae</strong></span> <span class='ocrx_word' id='word_1_66' title='bbox 734 1205 767 1267; x_wconf 93' lang='lat' dir='ltr'><strong>in</strong></span> <span class='ocrx_word' id='word_1_67' title='bbox 783 1204 964 1266; x_wconf 86' lang='lat' dir='ltr'><strong>coemeterio</strong></span> <span class='ocrx_word' id='word_1_68' title='bbox 980 1207 1013 1266; x_wconf 87' lang='lat' dir='ltr'><strong>S.</strong></span> <span class='ocrx_word' id='word_1_69' title='bbox 1027 1204 1100 1268; x_wconf 81' lang='lat' dir='ltr'><strong>Gal·</strong></span> 
     </span>
     <span class='ocr_line' id='line_1_11' title="bbox 81 1285 1075 1381; baseline 0.005 -23"><span class='ocrx_word' id='word_1_70' title='bbox 81 1299 166 1372; x_wconf 81' lang='lat' dir='ltr'><strong>lixti,</strong></span> <span class='ocrx_word' id='word_1_71' title='bbox 183 1305 215 1360; x_wconf 90' lang='lat' dir='ltr'><strong>et</strong></span> <span class='ocrx_word' id='word_1_72' title='bbox 228 1301 309 1375; x_wconf 89' lang='lat' dir='ltr'><strong>aliis,</strong></span> <span class='ocrx_word' id='word_1_73' title='bbox 325 1285 397 1381; x_wconf 78' lang='lat' dir='ltr'><strong>quae·</strong></span> <span class='ocrx_word' id='word_1_74' title='bbox 410 1292 560 1363; x_wconf 88' lang='lat' dir='ltr'><strong>dicuntur</strong></span> <span class='ocrx_word' id='word_1_75' title='bbox 577 1301 780 1364; x_wconf 69' lang='lat' dir='ltr'><strong>Calceumbae.</strong></span> <span class='ocrx_word' id='word_1_76' title='bbox 850 1340 852 1350; x_wconf 86' lang='lat'>·</span> <span class='ocrx_word' id='word_1_77' title='bbox 1073 1313 1075 1318; x_wconf 84' lang='lat'>&#39;</span> 
     </span>
    </p>

    <p class='ocr_par' dir='ltr' id='par_1_4' title="bbox 85 1391 1120 3334">
     <span class='ocr_line' id='line_1_12' title="bbox 147 1391 1105 1478; baseline 0.002 -21"><span class='ocrx_word' id='word_1_78' title='bbox 147 1397 217 1458; x_wconf 90' lang='lat' dir='ltr'><strong>Non</strong></span> <span class='ocrx_word' id='word_1_79' title='bbox 232 1403 279 1458; x_wconf 88' lang='lat' dir='ltr'><strong>est</strong></span> <span class='ocrx_word' id='word_1_80' title='bbox 291 1399 324 1459; x_wconf 93' lang='lat' dir='ltr'><strong>in</strong></span> <span class='ocrx_word' id='word_1_81' title='bbox 338 1391 487 1478; x_wconf 70' lang='lat' dir='ltr'><strong>prasenti</strong></span> <span class='ocrx_word' id='word_1_82' title='bbox 496 1397 588 1465; x_wconf 76' lang='lat' dir='ltr'><strong>loeus·</strong></span> <span class='ocrx_word' id='word_1_83' title='bbox 600 1399 783 1460; x_wconf 86' lang='lat' dir='ltr'><strong>vindicandi</strong></span> <span class='ocrx_word' id='word_1_84' title='bbox 794 1400 973 1478; x_wconf 79' lang='lat' dir='ltr'><strong>doctrinam</strong></span> <span class='ocrx_word' id='word_1_85' title='bbox 988 1404 1020 1460; x_wconf 90' lang='lat' dir='ltr'><strong>et</strong></span> <span class='ocrx_word' id='word_1_86' title='bbox 1030 1417 1105 1478; x_wconf 88' lang='lat' dir='ltr'><strong>pra·</strong></span> 
     </span>
     <span class='ocr_line' id='line_1_13' title="bbox 85 1485 1101 1572; baseline 0.002 -18"><span class='ocrx_word' id='word_1_87' title='bbox 85 1493 155 1554; x_wconf 84' lang='lat' dir='ltr'><strong>xim</strong></span> <span class='ocrx_word' id='word_1_88' title='bbox 171 1485 532 1559; x_wconf 68' lang='lat' dir='ltr'><strong>constantem&#39;noclesi&#39;ae</strong></span> <span class='ocrx_word' id='word_1_89' title='bbox 547 1503 659 1558; x_wconf 88' lang='lat' dir='ltr'><strong>contra</strong></span> <span class='ocrx_word' id='word_1_90' title='bbox 673 1496 887 1558; x_wconf 84' lang='lat' dir='ltr'><strong>iconoclastas</strong></span> <span class='ocrx_word' id='word_1_91' title='bbox 898 1503 1030 1572; x_wconf 78' lang='lat' dir='ltr'><strong>veteres,</strong></span> <span class='ocrx_word' id='word_1_92' title='bbox 1046 1515 1101 1558; x_wconf 89' lang='lat' dir='ltr'><strong>seu</strong></span> 
     </span>
     <span class='ocr_line' id='line_1_14' title="bbox 85 1593 1102 1675; baseline 0.004 -23"><span class='ocrx_word' id='word_1_93' title='bbox 85 1593 290 1664; x_wconf 67' lang='lat' dir='ltr'><strong>recentiores</strong></span> <span class='ocrx_word' id='word_1_94' title='bbox 308 1595 562 1672; x_wconf 82' lang='lat' dir='ltr'><strong>qui-traditiones</strong></span> <span class='ocrx_word' id='word_1_95' title='bbox 583 1594 771 1656; x_wconf 86' lang='lat' dir='ltr'><strong>christianas</strong></span> <span class='ocrx_word' id='word_1_96' title='bbox 790 1595 824 1656; x_wconf 90' lang='lat' dir='ltr'><strong>iu</strong></span> <span class='ocrx_word' id='word_1_97' title='bbox 838 1595 899 1658; x_wconf 92' lang='lat' dir='ltr'><strong>hoc</strong></span> <span class='ocrx_word' id='word_1_98' title='bbox 914 1596 1102 1675; x_wconf 79' lang='lat' dir='ltr'><strong>impugnare</strong></span> 
     </span>
     <span class='ocr_line' id='line_1_15' title="bbox 87 1689 1115 1772; baseline 0.004 -22"><span class='ocrx_word' id='word_1_99' title='bbox 87 1698 363 1770; x_wconf 77' lang='lat' dir='ltr'><strong>praesumpserunt</strong></span> <span class='ocrx_word' id='word_1_100' title='bbox 375 1710 383 1753; x_wconf 77' lang='grc' dir='ltr'><em>τ</em></span> <span class='ocrx_word' id='word_1_101' title='bbox 401 1691 539 1753; x_wconf 82' lang='lat' dir='ltr'><strong>sufficiat</strong></span> <span class='ocrx_word' id='word_1_102' title='bbox 550 1689 677 1772; x_wconf 81' lang='lat' dir='ltr'><strong>regulas</strong></span> <span class='ocrx_word' id='word_1_103' title='bbox 689 1694 859 1754; x_wconf 88' lang='lat' dir='ltr'><strong>canonicas</strong></span> <span class='ocrx_word' id='word_1_104' title='bbox 873 1693 912 1755; x_wconf 92' lang='lat' dir='ltr'><strong>de</strong></span> <span class='ocrx_word' id='word_1_105' title='bbox 925 1713 984 1754; x_wconf 90' lang='lat' dir='ltr'><strong>usu</strong></span> <span class='ocrx_word' id='word_1_106' title='bbox 998 1712 1115 1756; x_wconf 74' lang='lat' dir='ltr'><strong>sacra.</strong></span> 
     </span>
     <span class='ocr_line' id='line_1_16' title="bbox 90 1786 1103 1868; baseline 0.003 -20"><span class='ocrx_word' id='word_1_107' title='bbox 90 1806 163 1848; x_wconf 91' lang='lat' dir='ltr'><strong>rum</strong></span> <span class='ocrx_word' id='word_1_108' title='bbox 184 1786 359 1868; x_wconf 81' lang='lat' dir='ltr'><strong>imaginum</strong></span> <span class='ocrx_word' id='word_1_109' title='bbox 383 1808 569 1852; x_wconf 89' lang='lat' dir='ltr'><strong>memorare.</strong></span> <span class='ocrx_word' id='word_1_110' title='bbox 595 1791 627 1848; x_wconf 71' lang='lat' dir='ltr'><strong>le</strong></span> <span class='ocrx_word' id='word_1_111' title='bbox 649 1790 774 1851; x_wconf 82' lang='lat' dir='ltr'><strong>Nemini</strong></span> <span class='ocrx_word' id='word_1_112' title='bbox 798 1790 882 1864; x_wconf 92' lang='lat' dir='ltr'><strong>licet,</strong></span> <span class='ocrx_word' id='word_1_113' title='bbox 909 1792 943 1854; x_wconf 90' lang='lat' dir='ltr'><strong>in</strong></span> <span class='ocrx_word' id='word_1_114' title='bbox 962 1791 1103 1856; x_wconf 79' lang='lat' dir='ltr'><strong>Ecclesia</strong></span> 
     </span>
     <span class='ocr_line' id='line_1_17' title="bbox 89 1882 1103 1967; baseline 0.006 -21"><span class='ocrx_word' id='word_1_115' title='bbox 89 1882 188 1947; x_wconf 88' lang='lat' dir='ltr'><strong>etiam</strong></span> <span class='ocrx_word' id='word_1_116' title='bbox 199 1887 438 1966; x_wconf 86' lang='lat' dir='ltr'><strong>quomodolibet</strong></span> <span class='ocrx_word' id='word_1_117' title='bbox 448 1894 606 1967; x_wconf 84' lang='lat' dir='ltr'><strong>exempta,</strong></span> <span class='ocrx_word' id='word_1_118' title='bbox 624 1889 746 1948; x_wconf 77' lang='lat' dir='ltr'><strong>«ullam</strong></span> <span class='ocrx_word' id='word_1_119' title='bbox 762 1888 921 1951; x_wconf 88' lang='lat' dir='ltr'><strong>insolitam</strong></span> <span class='ocrx_word' id='word_1_120' title='bbox 928 1889 1103 1967; x_wconf 79' lang='lat' dir='ltr'><strong>imaginem</strong></span> 
     </span>
     <span class='ocr_line' id='line_1_18' title="bbox 90 1979 1102 2067; baseline 0.009 -28"><span class='ocrx_word' id='word_1_121' title='bbox 90 2007 107 2040; x_wconf 88' lang='lat'>«</span> <span class='ocrx_word' id='word_1_122' title='bbox 122 2001 253 2064; x_wconf 90' lang='lat' dir='ltr'><strong>ponere,</strong></span> <span class='ocrx_word' id='word_1_123' title='bbox 269 1985 320 2045; x_wconf 90' lang='lat' dir='ltr'><strong>vel</strong></span> <span class='ocrx_word' id='word_1_124' title='bbox 334 1979 515 2064; x_wconf 87' lang='lat' dir='ltr'><strong>ponendam</strong></span> <span class='ocrx_word' id='word_1_125' title='bbox 527 2003 650 2063; x_wconf 88' lang='lat' dir='ltr'><strong>curare,</strong></span> <span class='ocrx_word' id='word_1_126' title='bbox 670 1987 732 2046; x_wconf 91' lang='lat' dir='ltr'><strong>nisi</strong></span> <span class='ocrx_word' id='word_1_127' title='bbox 751 1988 790 2047; x_wconf 89' lang='lat' dir='ltr'><strong>ab</strong></span> <span class='ocrx_word' id='word_1_128' title='bbox 810 1988 965 2067; x_wconf 80' lang='lat' dir='ltr'><strong>Episcopo</strong></span> <span class='ocrx_word' id='word_1_129' title='bbox 985 2005 1102 2066; x_wconf 84' lang='lat' dir='ltr'><strong>appro-</strong></span> 
     </span>
     <span class='ocr_line' id='line_1_19' title="bbox 96 2081 1102 2164; baseline 0.004 -24"><span class='ocrx_word' id='word_1_130' title='bbox 96 2103 111 2139; x_wconf 88' lang='lat' dir='ltr'><strong>o</strong></span> <span class='ocrx_word' id='word_1_131' title='bbox 123 2081 200 2143; x_wconf 90' lang='lat' dir='ltr'><strong>bata</strong></span> <span class='ocrx_word' id='word_1_132' title='bbox 214 2083 352 2143; x_wconf 83' lang='lat' dir='ltr'><strong>fucrit».</strong></span> <span class='ocrx_word' id='word_1_133' title='bbox 366 2083 378 2164; x_wconf 86' lang='lat'>(</span> <span class='ocrx_word' id='word_1_134' title='bbox 393 2086 485 2146; x_wconf 86' lang='lat' dir='ltr'><strong>(lonc.</strong></span> <span class='ocrx_word' id='word_1_135' title='bbox 505 2082 605 2157; x_wconf 65' lang='lat' dir='ltr'><strong>Trici„</strong></span> <span class='ocrx_word' id='word_1_136' title='bbox 615 2101 689 2144; x_wconf 90' lang='lat' dir='ltr'><strong>sess.</strong></span> <span class='ocrx_word' id='word_1_137' title='bbox 704 2103 775 2158; x_wconf 86' lang='lat' dir='ltr'><strong>xxv,</strong></span> <span class='ocrx_word' id='word_1_138' title='bbox 787 2087 909 2146; x_wconf 80' lang='lat' dir='ltr'><strong>Deerat.</strong></span> <span class='ocrx_word' id='word_1_139' title='bbox 923 2083 959 2146; x_wconf 84' lang='lat' dir='ltr'><strong>de</strong></span> <span class='ocrx_word' id='word_1_140' title='bbox 970 2083 1102 2146; x_wconf 78' lang='lat' dir='ltr'><strong>Inuoco·</strong></span> 
     </span>
     <span class='ocr_line' id='line_1_20' title="bbox 91 2173 1103 2262; baseline 0.003 -23"><span class='ocrx_word' id='word_1_141' title='bbox 91 2173 212 2241; x_wconf 74' lang='lat' dir='ltr'><strong>trituret</strong></span> <span class='ocrx_word' id='word_1_142' title='bbox 229 2179 428 2243; x_wconf 55' lang='lat' dir='ltr'><strong>&#39;Venerotioae</strong></span> <span class='ocrx_word' id='word_1_143' title='bbox 441 2181 649 2262; x_wconf 64' lang='lat' dir='ltr'><strong>Sanctorum.)</strong></span> <span class='ocrx_word' id='word_1_144' title='bbox 665 2182 823 2259; x_wconf 85' lang='lat' dir='ltr'><strong>lrnagines</strong></span> <span class='ocrx_word' id='word_1_145' title='bbox 835 2200 906 2261; x_wconf 83' lang='lat' dir='ltr'><strong>quoe</strong></span> <span class='ocrx_word' id='word_1_146' title='bbox 924 2199 1012 2242; x_wconf 91' lang='lat' dir='ltr'><strong>more</strong></span> <span class='ocrx_word' id='word_1_147' title='bbox 1027 2199 1103 2242; x_wconf 91' lang='lat' dir='ltr'><strong>con-</strong></span> 
     </span>
     <span class='ocr_line' id='line_1_21' title="bbox 91 2278 1103 2358; baseline 0.001 -21"><span class='ocrx_word' id='word_1_148' title='bbox 91 2283 179 2338; x_wconf 90' lang='lat' dir='ltr'><strong>sueto</strong></span> <span class='ocrx_word' id='word_1_149' title='bbox 212 2279 362 2358; x_wconf 90' lang='lat' dir='ltr'><strong>mysteria</strong></span> <span class='ocrx_word' id='word_1_150' title='bbox 393 2279 581 2341; x_wconf 84' lang='lat' dir='ltr'><strong>historiasve</strong></span> <span class='ocrx_word' id='word_1_151' title='bbox 612 2281 802 2342; x_wconf 89' lang='lat' dir='ltr'><strong>Sanctorum</strong></span> <span class='ocrx_word' id='word_1_152' title='bbox 827 2279 996 2350; x_wconf 69' lang='lat' dir='ltr'><strong>&#39;exhibent</strong></span> <span class='ocrx_word' id='word_1_153' title='bbox 1024 2278 1103 2356; x_wconf 85' lang='lat' dir='ltr'><strong>poni</strong></span> 
     </span>
     <span class='ocr_line' id='line_1_22' title="bbox 90 2374 1102 2456; baseline -0.001 -22"><span class='ocrx_word' id='word_1_154' title='bbox 90 2379 223 2453; x_wconf 85' lang='lat' dir='ltr'><strong>possunt</strong></span> <span class='ocrx_word' id='word_1_155' title='bbox 244 2375 320 2454; x_wconf 90' lang='lat' dir='ltr'><strong>quin</strong></span> <span class='ocrx_word' id='word_1_156' title='bbox 341 2376 457 2436; x_wconf 89' lang='lat' dir='ltr'><strong>luerint</strong></span> <span class='ocrx_word' id='word_1_157' title='bbox 476 2377 563 2456; x_wconf 90' lang='lat' dir='ltr'><strong>prius</strong></span> <span class='ocrx_word' id='word_1_158' title='bbox 582 2376 827 2456; x_wconf 81' lang='lat' dir='ltr'><strong>approbatae&#39;ab</strong></span> <span class='ocrx_word' id='word_1_159' title='bbox 849 2374 1017 2454; x_wconf 84' lang='lat' dir='ltr'><strong>Episcopo,</strong></span> <span class='ocrx_word' id='word_1_160' title='bbox 1038 2393 1102 2435; x_wconf 92' lang='lat' dir='ltr'><strong>non</strong></span> 
     </span>
     <span class='ocr_line' id='line_1_23' title="bbox 90 2472 1100 2547; baseline 0.001 -16"><span class='ocrx_word' id='word_1_161' title='bbox 90 2477 197 2532; x_wconf 88' lang='lat' dir='ltr'><strong>autem</strong></span> <span class='ocrx_word' id='word_1_162' title='bbox 211 2472 390 2534; x_wconf 85' lang='lat' dir='ltr'><strong>inconsulto</strong></span> <span class='ocrx_word' id='word_1_163' title='bbox 399 2473 555 2547; x_wconf 87' lang='lat' dir='ltr'><strong>Parooho,</strong></span> <span class='ocrx_word' id='word_1_164' title='bbox 570 2475 671 2536; x_wconf 85' lang='lat' dir='ltr'><strong>aliove</strong></span> <span class='ocrx_word' id='word_1_165' title='bbox 684 2474 747 2535; x_wconf 87' lang='lat' dir='ltr'><strong>loci</strong></span> <span class='ocrx_word' id='word_1_166' title='bbox 757 2473 888 2535; x_wconf 87' lang='lat' dir='ltr'><strong>titulari.</strong></span> <span class='ocrx_word' id='word_1_167' title='bbox 899 2475 934 2532; x_wconf 72' lang='lat'><strong>2⁰</strong></span> <span class='ocrx_word' id='word_1_168' title='bbox 949 2474 985 2535; x_wconf 91' lang='lat' dir='ltr'><strong>ln</strong></span> <span class='ocrx_word' id='word_1_169' title='bbox 1001 2473 1100 2534; x_wconf 86' lang='lat' dir='ltr'><strong>choro</strong></span> 
     </span>
     <span class='ocr_line' id='line_1_24' title="bbox 91 2563 1105 2651; baseline 0.003 -22"><span class='ocrx_word' id='word_1_170' title='bbox 91 2563 155 2630; x_wconf 84' lang='lat' dir='ltr'><strong>nou</strong></span> <span class='ocrx_word' id='word_1_171' title='bbox 166 2569 241 2632; x_wconf 69' lang='lat' dir='ltr'><strong>alim</strong></span> <span class='ocrx_word' id='word_1_172' title='bbox 247 2571 402 2650; x_wconf 83' lang='lat' dir='ltr'><strong>imagines</strong></span> <span class='ocrx_word' id='word_1_173' title='bbox 413 2571 514 2632; x_wconf 87' lang='lat' dir='ltr'><strong>teneri</strong></span> <span class='ocrx_word' id='word_1_174' title='bbox 524 2571 641 2634; x_wconf 86' lang='lat' dir='ltr'><strong>debent</strong></span> <span class='ocrx_word' id='word_1_175' title='bbox 652 2573 748 2651; x_wconf 87' lang='lat' dir='ltr'><strong>qu&#39;am</strong></span> <span class='ocrx_word' id='word_1_176' title='bbox 758 2572 958 2633; x_wconf 86' lang='lat' dir='ltr'><strong>Sanctorum.</strong></span> <span class='ocrx_word' id='word_1_177' title='bbox 974 2571 1006 2630; x_wconf 80' lang='grc' dir='ltr'><strong>3ο</strong></span> <span class='ocrx_word' id='word_1_178' title='bbox 1019 2571 1105 2632; x_wconf 83' lang='lat' dir='ltr'><strong>lma·</strong></span> 
     </span>
     <span class='ocr_line' id='line_1_25' title="bbox 89 2665 1101 2749; baseline 0.002 -23"><span class='ocrx_word' id='word_1_179' title='bbox 89 2665 177 2745; x_wconf 84' lang='lat' dir='ltr'><strong>gines</strong></span> <span class='ocrx_word' id='word_1_180' title='bbox 191 2675 355 2730; x_wconf 80' lang='lat' dir='ltr'><strong>serrorum</strong></span> <span class='ocrx_word' id='word_1_181' title='bbox 369 2669 436 2743; x_wconf 83' lang='lat' dir='ltr'><strong>Dei,</strong></span> <span class='ocrx_word' id='word_1_182' title='bbox 453 2669 508 2749; x_wconf 88' lang='lat' dir='ltr'><strong>qui</strong></span> <span class='ocrx_word' id='word_1_183' title='bbox 522 2689 594 2731; x_wconf 88' lang='lat' dir='ltr'><strong>cum</strong></span> <span class='ocrx_word' id='word_1_184' title='bbox 604 2670 781 2730; x_wconf 85' lang='lat' dir='ltr'><strong>sanctitatis</strong></span> <span class='ocrx_word' id='word_1_185' title='bbox 792 2688 847 2730; x_wconf 92' lang='lat' dir='ltr'><strong>seu</strong></span> <span class='ocrx_word' id='word_1_186' title='bbox 857 2669 1002 2748; x_wconf 88' lang='lat' dir='ltr'><strong>martyrii</strong></span> <span class='ocrx_word' id='word_1_187' title='bbox 1011 2670 1101 2730; x_wconf 83' lang='lat' dir='ltr'><strong>lama</strong></span> 
     </span>
     <span class='ocr_line' id='line_1_26' title="bbox 90 2763 1099 2848; baseline 0.004 -24"><span class='ocrx_word' id='word_1_188' title='bbox 90 2765 452 2842; x_wconf 86' lang='lat' dir='ltr'><strong>decesserunt,nonsunt</strong></span> <span class='ocrx_word' id='word_1_189' title='bbox 461 2763 659 2848; x_wconf 72' lang='lat' dir='ltr'><strong>apponendas</strong></span> <span class='ocrx_word' id='word_1_190' title='bbox 671 2768 705 2827; x_wconf 91' lang='lat' dir='ltr'><strong>in</strong></span> <span class='ocrx_word' id='word_1_191' title='bbox 713 2767 979 2841; x_wconf 84' lang='lat' dir='ltr'><strong>Ecclesiis,necin</strong></span> <span class='ocrx_word' id='word_1_192' title='bbox 991 2772 1099 2847; x_wconf 78' lang='lat' dir='ltr'><strong>oralo-</strong></span> 
     </span>
     <span class='ocr_line' id='line_1_27' title="bbox 95 2861 1120 2949; baseline 0.002 -27"><span class='ocrx_word' id='word_1_193' title='bbox 95 2861 147 2923; x_wconf 89' lang='lat' dir='ltr'><strong>riis</strong></span> <span class='ocrx_word' id='word_1_194' title='bbox 162 2863 296 2942; x_wconf 85' lang='lat' dir='ltr'><strong>publicis</strong></span> <span class='ocrx_word' id='word_1_195' title='bbox 310 2871 481 2944; x_wconf 88' lang='lat' dir='ltr'><strong>antequam</strong></span> <span class='ocrx_word' id='word_1_196' title='bbox 500 2865 661 2926; x_wconf 85' lang='lat' dir='ltr'><strong>decretum</strong></span> <span class='ocrx_word' id='word_1_197' title='bbox 676 2867 714 2925; x_wconf 91' lang='lat' dir='ltr'><strong>de</strong></span> <span class='ocrx_word' id='word_1_198' title='bbox 727 2865 813 2926; x_wconf 89' lang='lat' dir='ltr'><strong>cultu</strong></span> <span class='ocrx_word' id='word_1_199' title='bbox 830 2865 906 2944; x_wconf 91' lang='lat' dir='ltr'><strong>ipsis</strong></span> <span class='ocrx_word' id='word_1_200' title='bbox 923 2864 1120 2949; x_wconf 58' lang='lat' dir='ltr'><strong>exhibendos</strong></span> 
     </span>
     <span class='ocr_line' id='line_1_28' title="bbox 91 2959 1105 3044; baseline 0.002 -25"><span class='ocrx_word' id='word_1_201' title='bbox 91 2959 252 3044; x_wconf 79' lang='lat' dir='ltr'><strong>prodierit.</strong></span> <span class='ocrx_word' id='word_1_202' title='bbox 270 2962 304 3021; x_wconf 94' lang='lat' dir='ltr'><strong>ld</strong></span> <span class='ocrx_word' id='word_1_203' title='bbox 326 2961 438 3024; x_wconf 89' lang='lat' dir='ltr'><strong>saltem</strong></span> <span class='ocrx_word' id='word_1_204' title='bbox 461 2961 647 3034; x_wconf 88' lang='lat' dir='ltr'><strong>cavendum,</strong></span> <span class='ocrx_word' id='word_1_205' title='bbox 668 2961 693 3022; x_wconf 91' lang='lat' dir='ltr'><strong>si</strong></span> <span class='ocrx_word' id='word_1_206' title='bbox 709 2962 740 3021; x_wconf 95' lang='lat' dir='ltr'><strong>in</strong></span> <span class='ocrx_word' id='word_1_207' title='bbox 760 2963 900 3041; x_wconf 91' lang='lat' dir='ltr'><strong>quodam</strong></span> <span class='ocrx_word' id='word_1_208' title='bbox 922 2963 991 3024; x_wconf 92' lang='lat' dir='ltr'><strong>loco</strong></span> <span class='ocrx_word' id='word_1_209' title='bbox 1015 2966 1105 3023; x_wconf 77' lang='lat' dir='ltr'><strong>extra</strong></span> 
     </span>
     <span class='ocr_line' id='line_1_29' title="bbox 92 3058 1103 3139; baseline 0.001 -22"><span class='ocrx_word' id='word_1_210' title='bbox 92 3058 225 3118; x_wconf 88' lang='lat' dir='ltr'><strong>chorum</strong></span> <span class='ocrx_word' id='word_1_211' title='bbox 247 3065 461 3138; x_wconf 89' lang='lat' dir='ltr'><strong>apponantur,</strong></span> <span class='ocrx_word' id='word_1_212' title='bbox 482 3059 574 3120; x_wconf 82' lang='lat' dir='ltr'><strong>nain</strong></span> <span class='ocrx_word' id='word_1_213' title='bbox 594 3059 704 3120; x_wconf 87' lang='lat' dir='ltr'><strong>tabula</strong></span> <span class='ocrx_word' id='word_1_214' title='bbox 727 3060 814 3139; x_wconf 86' lang='lat' dir='ltr'><strong>picta</strong></span> <span class='ocrx_word' id='word_1_215' title='bbox 834 3063 1103 3139; x_wconf 72' lang='lat' dir='ltr'><strong>representantur</strong></span> 
     </span>
     <span class='ocr_line' id='line_1_30' title="bbox 91 3156 1103 3236; baseline 0 -20"><span class='ocrx_word' id='word_1_216' title='bbox 91 3174 162 3216; x_wconf 91' lang='lat' dir='ltr'><strong>cum</strong></span> <span class='ocrx_word' id='word_1_217' title='bbox 177 3156 284 3230; x_wconf 86' lang='lat' dir='ltr'><strong>radiis,</strong></span> <span class='ocrx_word' id='word_1_218' title='bbox 302 3156 411 3218; x_wconf 89' lang='lat' dir='ltr'><strong>aliisve</strong></span> <span class='ocrx_word' id='word_1_219' title='bbox 422 3157 595 3220; x_wconf 85' lang='lat' dir='ltr'><strong>sanctitatis</strong></span> <span class='ocrx_word' id='word_1_220' title='bbox 608 3156 715 3235; x_wconf 79' lang='lat' dir='ltr'><strong>signis,</strong></span> <span class='ocrx_word' id='word_1_221' title='bbox 733 3175 791 3218; x_wconf 88' lang='lat' dir='ltr'><strong>nec</strong></span> <span class='ocrx_word' id='word_1_222' title='bbox 802 3175 840 3218; x_wconf 90' lang='lat' dir='ltr'><strong>co</strong></span> <span class='ocrx_word' id='word_1_223' title='bbox 855 3156 1020 3236; x_wconf 89' lang='lat' dir='ltr'><strong>modoqui</strong></span> <span class='ocrx_word' id='word_1_224' title='bbox 1035 3157 1103 3218; x_wconf 89' lang='lat' dir='ltr'><strong>cul-</strong></span> 
     </span>
     <span class='ocr_line' id='line_1_31' title="bbox 93 3238 925 3334; baseline 0.002 -22"><span class='ocrx_word' id='word_1_225' title='bbox 93 3255 164 3313; x_wconf 83' lang='lat' dir='ltr'><strong>tum&#39;</strong></span> <span class='ocrx_word' id='word_1_226' title='bbox 172 3238 249 3332; x_wconf 89' lang='lat' dir='ltr'><strong>ipsis</strong></span> <span class='ocrx_word' id='word_1_227' title='bbox 263 3255 441 3315; x_wconf 87' lang='lat' dir='ltr'><strong>exhibitum</strong></span> <span class='ocrx_word' id='word_1_228' title='bbox 455 3255 619 3332; x_wconf 82' lang='lat' dir='ltr'><strong>significet.</strong></span> <span class='ocrx_word' id='word_1_229' title='bbox 638 3254 689 3334; x_wconf 76' lang='lat' dir='ltr'><strong>(N0</strong></span> <span class='ocrx_word' id='word_1_230' title='bbox 702 3255 772 3330; x_wconf 81' lang='lat'><strong>508,</strong></span> <span class='ocrx_word' id='word_1_231' title='bbox 790 3274 822 3333; x_wconf 91' lang='lat' dir='ltr'><strong>p.</strong></span> <span class='ocrx_word' id='word_1_232' title='bbox 840 3254 925 3333; x_wconf 83' lang='lat'>355.)</span> 
     </span>
    </p>

    <p class='ocr_par' dir='ltr' id='par_1_5' title="bbox 92 3351 1107 3609">
     <span class='ocr_line' id='line_1_32' title="bbox 115 3351 1107 3429; baseline -0.001 -17"><span class='ocrx_word' id='word_1_233' title='bbox 115 3379 118 3388; x_wconf 90' lang='lat'><em>·</em></span> <span class='ocrx_word' id='word_1_234' title='bbox 152 3351 216 3413; x_wconf 83' lang='lat' dir='ltr'><strong>Vll.</strong></span> <span class='ocrx_word' id='word_1_235' title='bbox 238 3353 383 3427; x_wconf 84' lang='lat' dir='ltr'><strong>Domum,</strong></span> <span class='ocrx_word' id='word_1_236' title='bbox 404 3358 440 3413; x_wconf 90' lang='lat' dir='ltr'><strong>ut</strong></span> <span class='ocrx_word' id='word_1_237' title='bbox 458 3358 572 3414; x_wconf 83' lang='lat' dir='ltr'><strong>caetera</strong></span> <span class='ocrx_word' id='word_1_238' title='bbox 590 3351 720 3413; x_wconf 89' lang='lat' dir='ltr'><strong>minoris</strong></span> <span class='ocrx_word' id='word_1_239' title='bbox 737 3351 892 3414; x_wconf 86' lang='lat' dir='ltr'><strong>momenti</strong></span> <span class='ocrx_word' id='word_1_240' title='bbox 909 3351 1107 3429; x_wconf 88' lang='lat' dir='ltr'><strong>omittamus,</strong></span> 
     </span>
     <span class='ocr_line' id='line_1_33' title="bbox 92 3448 1106 3530; baseline 0.003 -23"><span class='ocrx_word' id='word_1_241' title='bbox 92 3449 124 3508; x_wconf 94' lang='lat' dir='ltr'><strong>in</strong></span> <span class='ocrx_word' id='word_1_242' title='bbox 143 3449 289 3510; x_wconf 89' lang='lat' dir='ltr'><strong>Ecclesiis</strong></span> <span class='ocrx_word' id='word_1_243' title='bbox 305 3456 510 3512; x_wconf 85' lang='lat' dir='ltr'><strong>asservantur</strong></span> <span class='ocrx_word' id='word_1_244' title='bbox 526 3469 623 3512; x_wconf 79' lang='lat' dir='ltr'><strong>sacrae</strong></span> <span class='ocrx_word' id='word_1_245' title='bbox 642 3450 783 3530; x_wconf 73' lang='lat' dir='ltr'><strong>reliquia</strong></span> <span class='ocrx_word' id='word_1_246' title='bbox 798 3448 905 3512; x_wconf 82' lang='lat' dir='ltr'><strong>Crucis</strong></span> <span class='ocrx_word' id='word_1_247' title='bbox 923 3448 1058 3524; x_wconf 88' lang='lat' dir='ltr'><strong>Domini,</strong></span> <span class='ocrx_word' id='word_1_248' title='bbox 1075 3453 1106 3510; x_wconf 90' lang='lat' dir='ltr'><strong>et</strong></span> 
     </span>
     <span class='ocr_line' id='line_1_34' title="bbox 95 3547 292 3609; baseline 0.01 -2"><span class='ocrx_word' id='word_1_249' title='bbox 95 3547 292 3609; x_wconf 84' lang='lat' dir='ltr'><strong>Sanctorum.</strong></span> 
     </span>
    </p>

    <p class='ocr_par' dir='ltr' id='par_1_6' title="bbox 96 3643 1109 3822">
     <span class='ocr_line' id='line_1_35' title="bbox 151 3643 1109 3727; baseline -0.001 -24"><span class='ocrx_word' id='word_1_250' title='bbox 151 3643 292 3706; x_wconf 84' lang='lat' dir='ltr'><strong>Diximus</strong></span> <span class='ocrx_word' id='word_1_251' title='bbox 311 3665 406 3724; x_wconf 86' lang='lat' dir='ltr'><strong>supra</strong></span> <span class='ocrx_word' id='word_1_252' title='bbox 430 3646 681 3727; x_wconf 88' lang='lat' dir='ltr'><strong>antiquissimam</strong></span> <span class='ocrx_word' id='word_1_253' title='bbox 702 3665 769 3708; x_wconf 87' lang='lat' dir='ltr'><strong>esse</strong></span> <span class='ocrx_word' id='word_1_254' title='bbox 792 3643 1049 3708; x_wconf 88' lang='lat' dir='ltr'><strong>consuetudinem</strong></span> <span class='ocrx_word' id='word_1_255' title='bbox 1070 3648 1109 3703; x_wconf 88' lang='lat' dir='ltr'><strong>ut</strong></span> 
     </span>
     <span class='ocr_line' id='line_1_36' title="bbox 96 3741 1108 3822; baseline 0.002 -20"><span class='ocrx_word' id='word_1_256' title='bbox 96 3746 268 3820; x_wconf 88' lang='lat' dir='ltr'><strong>martyrum</strong></span> <span class='ocrx_word' id='word_1_257' title='bbox 286 3743 428 3822; x_wconf 88' lang='lat' dir='ltr'><strong>reliquiae</strong></span> <span class='ocrx_word' id='word_1_258' title='bbox 445 3744 478 3806; x_wconf 93' lang='lat' dir='ltr'><strong>in</strong></span> <span class='ocrx_word' id='word_1_259' title='bbox 494 3745 706 3806; x_wconf 87' lang='lat' dir='ltr'><strong>Ecclesiarum</strong></span> <span class='ocrx_word' id='word_1_260' title='bbox 724 3743 958 3806; x_wconf 85' lang='lat' dir='ltr'><strong>consecratione</strong></span> <span class='ocrx_word' id='word_1_261' title='bbox 975 3741 1108 3804; x_wconf 87' lang='lat' dir='ltr'><strong>adhibe·</strong></span> 
     </span>
    </p>
   </div>
   <div class='ocr_carea' id='block_1_3' title="bbox 0 0 1314 4274">
    <p class='ocr_par' dir='ltr' id='par_1_7' title="bbox 0 0 1314 4274">
     <span class='ocr_line' id='line_1_37' title="bbox 0 0 1314 4274; baseline 0 0"><span class='ocrx_word' id='word_1_262' title='bbox 0 0 1314 4274; x_wconf 95' lang='lat' dir='ltr'><strong> </strong></span> 
     </span>
    </p>
   </div>
  </div>
 </body>
</html>
