2582 4278
224 201 272 257 108
401 207 403 210 ’
586 203 659 252 PARS
680 203 715 250 11.
736 203 865 252 ebulliet.
986 249 988 252 .
1038 247 1040 254 .

230 353 232 359 ¹
279 325 348 388 378.
366 319 564 396 -1110011a
584 321 646 382 aiat
663 318 828 402 priuilegio
845 319 1080 382 Uoc'uerst'totum
1102 327 1131 380 et
1152 337 1229 400 gru·

193 419 399 504 ,ductorum‘l

224 537 235 572 ··
277 523 302 582 l.
317 517 541 582 Universitates
551 517 688 597 plurima
697 513 863 598 privilegia
873 517 1233 578 obtinueruntaSancta

220 619 310 694 Sede,
326 616 502 698 praesertim
517 633 524 676 :
541 617 572 675 l⁰
586 617 770 677 facultatem
783 615 909 694 publice
921 615 955 674 in
970 613 1085 674 scholis
1096 613 1234 675 docendi

220 717 412 795 theologiam
432 734 468 776 ac
483 733 587 776 sacros
607 733 742 775 canones
755 732 762 788 ;
778 716 811 773 2⁰
823 713 1007 774 facultatem
1023 712 1140 789 gradus
1156 729 1231 772 aca-

218 815 357 876 demicos
377 812 557 881 conferendi
580 811 634 890 qui
648 811 763 891 ubique
783 811 920 886 valeant,
939 810 1017 870 adeo
1031 815 1067 870 ut
1083 809 1234 887 graduati

218 912 314 992 potiri
328 910 449 990 possint
456 909 581 988 juribus
594 909 642 969 sui
657 909 741 969 tituli
752 908 785 968 in
797 908 943 968 omnibus
958 905 1120 981 Ecclesiis;
1132 907 1167 966 3⁰
1176 906 1233 967 im·

218 1009 389 1070 mediatam
411 1007 641 1086 subjectionem
655 1007 686 1067 S.
703 1005 850 1067 Ecclesiae
871 1008 1033 1083 Romanae,
1054 1005 1087 1064 in
1106 1004 1145 1066 iis
1161 1022 1233 1084 quae

219 1107 353 1167 attinent
367 1107 407 1166 ad
421 1105 562 1183 regimen
575 1103 721 1182 generale
732 1108 763 1164 et
772 1103 846 1183 jura
858 1102 1086 1164 Universitatis.

226 1227 228 1234 ‘
276 1203 398 1283 Saepius
413 1203 468 1264 SS.
484 1202 654 1264 Pontifices
671 1201 834 1280 elegerunt
847 1206 879 1261 et
891 1200 1126 1280 deputaverunt·
1137 1200 1234 1278 Epis·

214 1320 332 1380 copum
356 1301 418 1362 loci
439 1300 472 1360 in
496 1299 663 1378 praesidem
688 1304 720 1360 et
743 1297 966 1360 cancellarium
993 1297 1232 1370 UniversitatiS‚

218 1418 289 1460 cum
297 1398 370 1477 jure
384 1416 454 1459 cam
467 1397 596 1476 regendi
611 1402 643 1458 et
658 1397 775 1475 gradus
790 1387 982 1471 conferendi,
1001 1396 1039 1458 de
1054 1395 1190 1457 consilio
1204 1402 1234 1457 et

217 1515 345 1558 assensu
361 1496 545 1570 doctorum;
563 1500 596 1556 at
607 1496 777 1556 nonnullas
792 1514 808 1556 e
824 1494 1049 1556 celebrioribus
1068 1495 1233 1558 Universi·

127 1608 129 1611 ·
216 1593 333 1655 tatibus
347 1595 379 1655 in
394 1612 484 1654 suam
495 1599 526 1655 ct
535 1594 623 1654 Beati
632 1595 717 1654 Petri
729 1593 920 1672 peculiarem
937 1593 1117 1654 clientelam
1130 1611 1234 1654 susce·

216 1697 341 1772 perant,
361 1691 527 1752 statuendo
542 1693 582 1751 ab
597 1691 660 1752 alia
680 1710 880 1771 quacumque
902 1691 1113 1752 ecclesiastica
1131 1690 1232 1769 juris·

217 1791 355 1852 dictione
374 1790 489 1850 liberas
503 1791 582 1850 fore.
600 1790 635 1850 ld
654 1790 687 1848 in
709 1789 811 1869 specie
835 1788 1038 1850 Universitati
1059 1788 1235 1850 Parisiensi

216 1887 293 1948 olim
313 1893 495 1950 conoessum
510 1905 577 1948 esse
591 1887 684 1966 plura
706 1891 912 1947 monumenta
931 1886 1070 1962 tradunt,
1085 1891 1117 1946 et
1132 1891 1233 1947 testa-

215 1983 1232 2065 baturGlemenleinconstitutioneCci’cumspectultomanorum,

187 2106 189 2110 ·
216 2102 267 2144 an.
291 2073 384 2161 171&
401 2102 466 2165 qua
484 2083 652 2160 theologia
664 2081 824 2143 facultatis
838 2082 1050 2156 immunitates,
1066 2081 1232 2155 libertates

213 2182 433 2263 praerogatiuae
447 2189 476 2243 et
488 2181 608 2262 scopula
621 2180 798 2262 prt'oilepz'a,
811 2180 941 2260 praesuta
960 2177 1141 2242 immcdtotae
1155 2179 1233 2240 sub·

210 2279 351 2360 jectz'onis
365 2277 402 2340 S.
417 2277 489 2342 Scdz
504 2279 654 2354 duntunut
668 2288 799 2359 eccepto,
815 2279 1039 2357 suspendebat,
1058 2277 1098 2338 ob
1112 2277 1233 2356 agendi

213 2379 369 2439 rationem
379 2377 519 2457 plurium
529 2377 695 2438 doctorum
706 2376 800 2456 hujus
812 2375 970 2438 facultatis
979 2376 1012 2436 in
1023 2393 1119 2438 causa
1131 2375 1233 2438 Bullae

216 2473 408 2559 b'nt'pent'tus.
1016 2474 1019 2479 ’

274 2574 312 2632 ΙΙ.
331 2567 536 2648 'Doctoratus
560 2572 714 2646 ucetiam
737 2571 878 2650 licentia,
905 2572 1054 2634 clericum
1079 2573 1234 2636 idoneum

217 2670 313 2731 efficit
336 2670 376 2730 ad
400 2675 486 2731 certa
513 2671 617 2732 officia
640 2670 839 2749 suscipienda
865 2690 923 2750 pro
952 2671 1066 2750 quibus
1091 2689 1233 2732 canones

213 2766 331 2846 gradus
364 2767 548 2848 requirunt,
586 2773 680 2850 atque
715 2768 755 2828 ad
786 2768 1000 2846 delegationes
1038 2769 1232 2848 apostolicas

212 2865 389 2940 obeundas,
409 2871 444 2927 ut
459 2865 534 2928 alibi
554 2866 740 2946 explicatur.
759 2866 823 2940 Sic,
841 2886 870 2926 v.
888 2886 932 2946 g.,
949 2866 1089 2930 Vicarius
1112 2867 1234 2946 capitu·

214 2962 290 3024 laris
313 2963 492 3042 seligendus
507 2969 563 3040 est,
581 2964 701 3027 caeteris
729 2963 875 3043 paribus,
900 2964 983 3024 inter
1004 2965 1151 3026 doctores
1175 2965 1230 3026 vel

213 3059 403 3124 licentiatos

274 3161 462 3222 Doctoratus
489 3159 618 3239 insuper
645 3159 766 3220 inducit
790 3161 1069 3240 praeumptionem
1091 3161 1232 3241 legalem

210 3258 366 3320 doctrinm
381 3263 415 3320 et
430 3257 629 3336 integritatis,
651 3275 721 3336 quae
741 3260 931 3336 graduatum
952 3258 1061 3320 eximit
1077 3259 1232 3324 abunere

215 3357 288 3417 novi
306 3356 489 3434 testimonii,
504 3356 532 3417 si
546 3356 634 3435 quod
646 3374 779 3416 examen
798 3357 837 3418 sit
851 3357 1037 3438 requisitum
1054 3357 1095 3418 ad
1115 3375 1230 3420 conse·

214 3454 373 3515 cntionem
382 3453 488 3527 officii,
499 3453 947 3532 ettribuitjuspraelationisin
959 3460 1087 3517 caeteros
1099 3456 1230 3535 quando

213 3551 317 3641 agitur
330 3553 368 3613 de
381 3552 549 3614 collatione
564 3551 775 3633 quorumdam
787 3553 1023 3617 beneficiorum.

263 3651 358 3711 'Inter
377 3651 521 3714 doctores
537 3650 738 3729 assignantur
756 3652 872 3730 gradus
890 3651 1151 3733 praecmiucntiae,
1172 3655 1231 3733 qui
