2582 4278
171 213 205 270 84
536 220 610 272 PARS
629 221 663 270 ΙΙ.
674 221 815 270 ‘uosmet

229 337 290 398 llum
309 337 343 398 ln
365 336 415 398 bis
433 355 504 417 quae
523 355 596 398 vere
616 342 646 398 et
665 337 793 416 proprie
816 337 992 416 spiritualia
1010 344 1093 414 sunt,
1112 357 1197 420 quae

75 464 77 467 ·
169 435 287 497 seilicet
298 435 414 496 directe
427 437 607 496 referuntur
619 435 660 496 ad
674 439 884 510 sacramenta,
897 435 1016 496 cultum
1030 436 1194 508 divinum,

169 533 385 595 observantias
400 532 638 606 ecclesiasticas,
653 533 845 613 quaestiones
859 534 897 594 de
910 533 1053 595 doctrina
1066 535 1139 596 fidei
1153 541 1199 596 et

171 631 338 710 disciplina
362 631 525 707 canonica,
554 630 659 692 elerici
683 636 757 691 sunt
776 631 849 711 jure
874 631 980 692 divino
1004 633 1144 711 exempti
1170 651 1199 692 a

170 732 327 808 potestate
347 733 379 790 et
395 727 613 807 jurisdictione
633 729 783 809 principis
800 728 970 792 saecularis.
986 731 1042 803 Est
1056 730 1097 790 de
1111 730 1195 790 fide.

170 829 259 888 Hanc
280 826 513 887 immunitatem
535 826 755 888 demonstrant
775 832 962 906 argumenta
980 827 1093 907 primae
1116 829 1195 908 opi-

172 925 286 986 nionis.
806 955 807 958 ¹
900 914 907 924 ’

232 1023 574 1103 illuncclesiapotest,
584 1023 657 1103 jure
669 1023 810 1103 proprio,
822 1029 959 1086 statuere
970 1024 1199 1086 immunitates

173 1123 354 1202 personales
370 1141 388 1182 a
403 1122 472 1183 foro
487 1121 631 1183 saeeulari
646 1139 725 1201 quas
739 1121 931 1184 necessarias
942 1121 1135 1199 judicaverit
1151 1122 1197 1182 ad

174 1219 359 1299 dignitatem
382 1219 500 1281 ordinis
520 1219 690 1294 clericalis;
712 1225 744 1280 et
763 1219 976 1280 immunitates
993 1208 1122 1294 locales,
1150 1218 1194 1278 ad

174 1304 382 1380 reverentiam
397 1318 473 1378 locis
488 1317 584 1380 saeris
601 1316 751 1380 debitam.
768 1315 897 1396 Accepit
910 1335 930 1376 a
944 1315 1066 1378 Christo
1078 1320 1195 1395 potes-

175 1421 273 1476 tatem
285 1415 515 1476 determinandi
525 1419 620 1493 atque
633 1413 790 1476 statuendi
800 1432 838 1476 ea
847 1432 917 1492 quae
927 1413 1058 1492 requirit
1067 1414 1196 1474 bonum

175 1513 316 1591 regimen
334 1512 490 1574 societatis
505 1512 683 1573 christianae
703 1531 710 1576 ε
729 1530 835 1591 porro,
854 1514 971 1591 praet'er
984 1510 1059 1591 jura
1075 1512 1197 1592 quibus

77 1647 79 1651 ·
176 1610 283 1672 cleriei
297 1609 404 1670 divina
418 1609 615 1671 ordinatione
630 1609 791 1689 potiuntur
805 1609 838 1668 in
851 1609 999 1670 exercitio
1014 1610 1063 1670 sui
1076 1609 1194 1670 minis-

176 1707 258 1780 terii,
278 1707 346 1768 aliae
362 1712 435 1768 sunt
451 1707 668 1768 immunitates
684 1706 1056 1782 moralitennecessariae,
1076 1727 1107 1768 v.
1128 1727 1162 1786 g.
1186 1726 1195 1768 ε

176 1804 334 1882 exemptio
350 1822 369 1864 a
385 1804 508 1879 militia,
529 1805 569 1865 ab
586 1823 681 1866 onere
695 1804 872 1865 officiorum
888 1805 1038 1880 civilium,
1056 1824 1077 1866 a
1090 1806 1197 1867 servi-

176 1903 295 1962 tutibus
314 1903 547 1981 personalibus,
569 1908 600 1962 et
612 1902 688 1964 aliis
709 1901 891 1980 hujusmodi
911 1919 981 1982 quae
1000 1921 1057 1963 nec
1076 1903 1212 1976 indoli,

177 2018 235 2067 nee
260 1999 371 2061 officiis
395 2005 494 2061 status
521 1999 674 2062 clericalis
696 1999 854 2060 ullatenus
878 1999 1079 2066 conveniunt.
1105 2001 1198 2080 Ergo

177 2097 316 2158 Ecclesia
344 2099 383 2158 de
405 2097 454 2159 his
477 2099 606 2178 proprio
625 2097 695 2176 jure
721 2103 860 2160 statuere
882 2102 996 2176 potest,
1022 2115 1058 2158 ac
1087 2097 1199 2176 reipsa

178 2195 292 2274 saepius
306 2195 426 2268 statuit,
443 2195 654 2275 praecipiendo
669 2195 790 2257 clericis
804 2213 844 2256 ne
859 2214 891 2257 se
904 2195 1099 2256 immisceant
1113 2213 1197 2274 pro·

176 2293 363 2354 sessionibus
385 2311 455 2372 quae
482 2313 573 2355 suum
600 2296 716 2354 statum
738 2293 904 2368 dedecent,
926 2311 966 2353 ne
985 2300 1197 2372 compareant

178 2409 284 2452 coram
298 2391 403 2471 judice
418 2392 562 2453 saeculari
579 2409 651 2454 eum
669 2391 857 2452 detrimento
875 2390 923 2450 sui
940 2390 1069 2465 ordinis,
1087 2395 1197 2463 ete...,

177 2494 208 2549 et
225 2489 367 2567 ipsismet
388 2489 483 2550 etiam
504 2488 755 2567 magistratibus,
768 2488 793 2548 si
815 2488 979 2548 christiani
996 2492 1110 2561 essent,
1137 2507 1195 2549 ve-

177 2586 275 2648 tando
286 2587 344 2646 sub
360 2587 602 2648 comminatione
615 2605 830 2661 censurarum,
842 2586 958 2647 nebaec
974 2605 993 2646 a
1008 2585 1128 2646 clericis
1146 2605 1197 2646 re-

177 2683 348 2760 quirerent.
404 2750 405 2754 ,
1174 2699 1175 2704 ’

236 2781 272 2840 Id
300 2782 437 2859 probant
463 2790 648 2864 argumenta
675 2783 823 2845 secundae
853 2781 1022 2862 opinionis
1052 2781 1194 2844 Maximo

147 2913 149 2919 ·
176 2883 375 2942 tamencum
397 2882 609 2942 moderamine
629 2881 768 2957 Ecclesia
792 2899 850 2941 usa
876 2885 922 2961 est
941 2881 1002 2942 hac
1022 2885 1191 2960 potestate,

176 2975 287 3036 habita
302 2977 424 3039 ratione
445 2983 630 3057 temporum,
650 2981 694 3056 ut,
712 2984 868 3058 quantum
888 2978 956 3038 fieri
975 2983 1110 3058 poterat,
1131 2978 1195 3039 sibi

177 3074 406 3137 consentientes
430 3075 588 3155 principes
613 3076 754 3155 haberet,
783 3081 1061 3155 removereturque
1089 3076 1193 3137 omnis

177 3174 299 3234 occasio
315 3174 531 3236 conflictuum.
1100 3167 1104 3176 ’
1187 3229 1191 3235 .

236 3273 309 3333 IV¹¹¹¹¹
323 3272 484 3351 Principes
504 3271 668 3334 christiani
686 3278 797 3352 sponte
816 3292 873 3334 sua
888 3275 1110 3334 concesserunt
1125 3270 1190 3332 ele-

175 3369 247 3430 ricis
269 3369 433 3448 privilegia
457 3389 527 3450 quae
551 3389 615 3432 non
639 3375 729 3431 erant
750 3371 927 3431 necessaria
948 3371 989 3431 ad
1010 3370 1190 3430 libertatem

175 3466 256 3527 sacri
273 3467 448 3529 ministerii.
469 3468 740 3542 Quemadmodum
758 3487 777 3528 a
793 3468 937 3547 pluribus
954 3468 1103 3533 oneribus
1122 3468 1189 3528 exi-

175 3565 353 3638 mebantur,
375 3566 609 3646 privilegiisque
631 3566 664 3626 in
686 3565 833 3627 societate
856 3566 1056 3627 donabantur
1077 3566 1133 3646 qui
1158 3566 1190 3626 in

174 3662 269 3738 bello,
292 3681 347 3723 seu
367 3663 435 3723 aliis
452 3664 585 3741 negotiis
605 3663 728 3726 sortiter
746 3664 851 3744 gestis,
874 3664 912 3726 de
930 3663 1094 3745 republica
1109 3663 1189 3726 bene
