2642 4268
239 229 293 284 546
370 271 372 279 ‚
506 209 987 288 rens111.nusnccurs1rsrrcu

241 358 326 438 teras
341 351 517 414 collationis
531 353 682 434 expedit:
699 373 812 446 nempe
832 355 865 414 in
883 343 984 434 sorm'd
1001 346 1149 436 prc'tr'os'd,
1166 355 1235 416 et
1222 374 1250 414 m

237 451 340 538 forma
353 450 486 530 deputem,
500 468 585 542 quae
583 451 678 513 etiam
690 445 1112 532 rommr'ssorruuunc'upatri'r.
1127 449 1251 513 Litterae
1303 491 1304 514 r

241 549 429 630 provisionis
442 549 581 610 dantur'
567 570 598 609 m
608 550 708 630 somno
720 551 864 630 pretioso,
878 543 1019 631 quando
1020 563 1163 620 summus
1172 553 1252 612 Pon·
1303 593 1304 598 Γ

241 647 319 708 tifex
337 646 433 708 alicui
449 647 639 710 beneficium
657 667 714 709 oon
717 649 788 724 f,ert
801 639 918 711 intuitu
935 643 1121 710 meritorum
1138 649 1253 730 quibus

237 745 387 807 clericum
402 751 548 807 ornatum
563 750 595 807 et
609 745 694 826 apud
708 765 740 808 se
756 696 1013 808 cdmmendatum
1025 763 1091 808 esse
1103 745 1250 820 affirmat,
1303 795 1304 800 ,

238 841 320 903 adeo
333 847 368 902 ut
380 843 556 905 exsecutori
570 862 635 904 non
647 845 850 924 permittatur
863 845 1005 924 ejusdem
1015 845 1125 905 clerici
1140 843 1252 904 merita
1303 909 1304 918 2

239 939 428 1001 odoramen
442 959 601 1013 revocare,
618 938 673 1002 sed
687 942 800 1004 debeat
815 961 899 1018 eum,
910 943 985 1004 visis
994 937 1108 1003 litteris
1120 943 1253 1022 Aposto

238 1035 317 1114 licis,
333 1038 365 1098 in
378 1038 607 1118 possessionem
619 1040 764 1100 beneficii
776 1040 940 1101 deducere.
953 1037 1081 1101 Litterae
1093 1036 1213 1126 dentur
1221 1040 1252 1098 in
1303 1115 1304 1122 ἵ

233 1135 338 1216 formu
352 1136 487 1218 dc'poum,
504 1137 632 1217 quando
646 1138 793 1199 Pontifex
812 1138 944 1199 mandat
961 1138 1130 1200 Ordinario
1144 1142 1182 1226 ut
1194 1137 1249 1198 be-

237 1235 383 1296 neficium
406 1235 500 1295 alicui
522 1237 674 1311 conferat,
700 1235 727 1296 si
746 1241 854 1297 tamen
875 1237 993 1316 praevio
1015 1236 1165 1297 examine
1183 1235 1251 1296 ido-

236 1334 332 1392 neum
348 1350 413 1394 esse
442 1333 603 1420 repererit.
616 1333 769 1394 Dicuntur
784 1335 815 1394 in
828 1334 930 1414 forma
944 1333 1159 1409 commissoria,
1177 1333 1249 1413 quia

235 1413 381 1491 Pontifex
390 1450 454 1491 non
466 1432 586 1491 confert
594 1431 794 1506 beneficium
802 1431 856 1493 sed
865 1423 972 1494 collat'
949 1438 1069 1493 tronem
1080 1431 1249 1494 committit

188 1591 190 1594 ,
235 1527 414 1601 Ordinario,
431 1547 485 1608 qur
476 1529 639 1607 pro1nde‘
650 1535 756 1609 partes
766 1529 882 1608 judicis
897 1535 1082 1604 assumete
1084 1531 1247 1607 tcognos-

234 1629 283 1685 cet
297 1625 335 1684 de
347 1624 479 1687 veritate
496 1626 724 1701 clausurarum,
739 1645 794 1688 seu
807 1628 1026 1690 conditionum
1037 1623 1158 1688 eisdem
1170 1625 1247 1687 litte·

236 1719 1244 1806 risadjcctarum3praesertimanprovidendusreipsndignussit

233 1837 273 1906 au
285 1821 373 1882 dotes
382 1808 556 1882 canonibus
564 1823 741 1901 requisitas,
751 1815 1107 1898 atten'tauaturauffici'r,
1118 1822 1242 1884 babeat.

231 1919 298 1980 Hoc
314 1937 413 2006 genus
427 1919 603 1980 litterarum
618 1911 828 1982 communiter
847 1913 1019 2000 usurpatur
1027 1921 1071 1996 'ing
1085 1917 1245 1982 beneficiis

228 2013 431 2076 inferioribus
444 2017 558 2096 quibus
568 2006 645 2079 cura¹
657 2019 835 2080 animarum
847 2013 996 2094 inhae'ret3
1011 2018 1045 2078 in
1060 2018 1184 2080 caeteris
1195 2017 1246 2077 be·

232 2113 353 2174 neficiis
364 2115 466 2175 forma
480 2115 619 2193 gratiosa
631 2117 753 2178 facilius
769 2117 968 2180 adhibetur1.
1027 2119 1029 2128 ’
1108 2115 1111 2125 ’

274 2209 383 2273 “*609.
402 2247 439 2256 -
452 2213 518 2275 vlu
532 2212 726 2288 Quuodocam
736 2215 875 2294 provisae
885 2214 920 2276 de
931 2213 1073 2296 beneficio
1084 2211 1244 2273 inducatur

213 2308 262 2378 ,in
273 2310 485 2392 possessionem
498 2311 579 2372 tituli
597 2319 626 2372 et
644 2313 697 2393 qai
714 2312 778 2372 sint·
790 2312 910 2392 effectos
924 2321 1017 2392 coptae
1031 2305 1242 2392 possessionis?

288 2409 313 2469 Ι.
324 2407 624 2479 Ouiiustitutionem
638 2410 824 2472 canonicam
840 2410 971 2490 accepit,
984 2426 1049 2494 non
1065 2407 1162 2468 debet
1179 2424 1245 2486 pro·

231 2504 301 2585 pria
312 2506 498 2567 auctoritate
510 2525 542 2568 se
550 2507 583 2567 in
592 2497 734 2586 regimen
745 2508 892 2569 Ecclesiae
901 2512 932 2568 et
939 2501 1244 2585 administrationem

204 2607 206 2612 ’
226 2604 450 2682 temporalium
465 2605 627 2683 ingerere,
643 2605 742 2667 donec
756 2606 885 2685 insuper
902 2604 1059 2685 acceperit
1073 2601 1243 2682 possessio·

229 2713 302 2760 nem
322 2700 490 2775 actualem,
509 2721 579 2783 quae
602 2704 790 2794 investitura,
809 2702 859 2764 vel
878 2702 985 2763 missio
1005 2702 1039 2761 in
1061 2697 1244 2781 corporalem

223 2798 452 2878 possessionem,
474 2799 607 2878 dicitur3
642 2789 783 2880 alioquin
800 2801 902 2881 poenis
924 2801 964 2861 ad
990 2797 1159 2860 arbitrium
1174 2795 1244 2876 Epi-

227 2895 315 2983 scopi
328 2895 528 2975 imponendis
544 2897 698 2959 obnoxius
713 2898 805 2959 foret

289 2993 505 3055 Communiter
517 2995 571 3074 qui
579 2995 632 3075 jus
646 2996 828 3058 conferendi
839 2989 1028 3058 beneficium
1039 2991 1242 3066 habetibus

223 3091 452 3172 possessionem
478 3093 640 3154 actualem
654 3095 851 3155 ttredere
796 3113 836 3174 po
838 3099 909 3170 test,
928 3113 981 3154 seu
1001 3111 1058 3173 per
1079 3111 1113 3152 se
1133 3092 1243 3171 ipsum,
1267 3100 1279 3114 ·

221 3207 279 3252 seu
299 3206 356 3270 per
371 3190 468 3253 alium
493 3191 544 3252 cui
565 3191 598 3251 id
617 3211 732 3253 munus
754 3191 956 3254 commiserit.
976 3191 1058 3253 Olim
1079 3190 1121 3251 ad
1143 3185 1242 3250 arehi-

222 3287 375 3350 diaconos
393 3289 576 3368 pertinebat
596 3313 613 3345 Γ(
633 3290 790 3350 institutio
805 3290 860 3350 illa
881 3288 1053 3368 corporalis
1069 3292 1138 3348 tam
1152 3289 1244 3365 super

230 3403 245 3442 u
259 3385 430 3460 beneficiis
449 3405 549 3466 quam
565 3387 659 3448 etiam
681 3387 932 3464 dignitatibus».
954 3385 1040 3466 (Cap.
1057 3383 1107 3444 Ad
1125 3383 1200 3458 baec,
1213 3384 1241 3455 ⁵1,

224 3497 262 3541 on
273 3483 342 3545 Orr.
355 3483 598 3565 trummacum.)
607 3483 768 3545 Hodierna
778 3475 870 3545 aetate
881 3483 1028 3563 Episcopi
1034 3481 1096 3544 boc
1104 3480 1241 3544 officium

219 3577 394 3641 demandat
407 3583 534 3657 vicariis
549 3582 761 3662 generalibus,
775 3577 937 3655 Parochis,
949 3581 1057 3642 aliisve
1072 3576 1240 3642 sacerdoti·

270 3677 1241 3772 l.Card.Soglia,Institutionesjuriscanoniciprivctidib.II‚ccp.11,§95.
1303 3703 1304 3772 3
