<?xml version="1.0" encoding="UTF-8"?>
<!DOCTYPE html PUBLIC "-//W3C//DTD XHTML 1.0 Transitional//EN"
    "http://www.w3.org/TR/xhtml1/DTD/xhtml1-transitional.dtd">
<html xmlns="http://www.w3.org/1999/xhtml" xml:lang="en" lang="en">
 <head>
  <title>
</title>
<meta http-equiv="Content-Type" content="text/html;charset=utf-8" />
  <meta name='ocr-system' content='tesseract 3.04.00' />
  <meta name='ocr-capabilities' content='ocr_page ocr_carea ocr_par ocr_line ocrx_word'/>
</head>
<body>
  <div class='ocr_page' id='page_1' title='image "./praelectionesju00murrgoog_0483.png"; bbox 0 0 2642 4268; ppageno 0'>
   <div class='ocr_carea' id='block_1_1' title="bbox 236 249 993 307">
    <p class='ocr_par' dir='ltr' id='par_1_1' title="bbox 236 249 993 307">
     <span class='ocr_line' id='line_1_1' title="bbox 236 249 993 307; baseline -0.004 -3"><span class='ocrx_word' id='word_1_1' title='bbox 236 249 297 304; x_wconf 74' lang='lat'><strong>&#39;474</strong></span> <span class='ocrx_word' id='word_1_2' title='bbox 512 256 585 306; x_wconf 77' lang='lat' dir='ltr'><strong>PARS</strong></span> <span class='ocrx_word' id='word_1_3' title='bbox 604 255 649 304; x_wconf 89' lang='lat'>111.</span> <span class='ocrx_word' id='word_1_4' title='bbox 672 255 727 304; x_wconf 78' lang='lat' dir='ltr'><strong>RES</strong></span> <span class='ocrx_word' id='word_1_5' title='bbox 747 253 993 307; x_wconf 74' lang='lat' dir='ltr'><strong>RGGLESIASTIGAE.</strong></span> 
     </span>
    </p>
   </div>
   <div class='ocr_carea' id='block_1_2' title="bbox 240 369 1269 947">
    <p class='ocr_par' dir='ltr' id='par_1_2' title="bbox 240 369 1269 853">
     <span class='ocr_line' id='line_1_2' title="bbox 242 369 1269 454; baseline -0.003 -19"><span class='ocrx_word' id='word_1_6' title='bbox 242 392 314 435; x_wconf 89' lang='lat' dir='ltr'><strong>rum</strong></span> <span class='ocrx_word' id='word_1_7' title='bbox 335 372 499 449; x_wconf 90' lang='lat' dir='ltr'><strong>catholici;</strong></span> <span class='ocrx_word' id='word_1_8' title='bbox 520 375 553 435; x_wconf 77' lang='lat'><strong>3⁰</strong></span> <span class='ocrx_word' id='word_1_9' title='bbox 571 373 632 436; x_wconf 90' lang='lat' dir='ltr'><strong>hac</strong></span> <span class='ocrx_word' id='word_1_10' title='bbox 652 371 885 436; x_wconf 79' lang='lat' dir='ltr'><strong>contributione</strong></span> <span class='ocrx_word' id='word_1_11' title='bbox 903 371 1051 454; x_wconf 80' lang='lat' dir='ltr'><strong>aliqualis</strong></span> <span class='ocrx_word' id='word_1_12' title='bbox 1063 369 1269 432; x_wconf 79' lang='lat' dir='ltr'><strong>indemnitas</strong></span> 
     </span>
     <span class='ocr_line' id='line_1_3' title="bbox 242 467 1266 554; baseline -0.003 -20"><span class='ocrx_word' id='word_1_13' title='bbox 242 477 410 553; x_wconf 85' lang='lat' dir='ltr'><strong>praestatur</strong></span> <span class='ocrx_word' id='word_1_14' title='bbox 424 472 581 550; x_wconf 77' lang='lat' dir='ltr'><strong>Ecclesiae,</strong></span> <span class='ocrx_word' id='word_1_15' title='bbox 598 490 669 553; x_wconf 75' lang='lat' dir='ltr'><strong>quae</strong></span> <span class='ocrx_word' id='word_1_16' title='bbox 686 472 802 554; x_wconf 84' lang='lat' dir='ltr'><strong>injuste</strong></span> <span class='ocrx_word' id='word_1_17' title='bbox 817 471 895 534; x_wconf 90' lang='lat' dir='ltr'><strong>olim</strong></span> <span class='ocrx_word' id='word_1_18' title='bbox 914 469 1050 552; x_wconf 89' lang='lat' dir='ltr'><strong>spoliata</strong></span> <span class='ocrx_word' id='word_1_19' title='bbox 1065 489 1084 532; x_wconf 93' lang='lat' dir='ltr'><strong>a</strong></span> <span class='ocrx_word' id='word_1_20' title='bbox 1100 467 1266 548; x_wconf 80' lang='lat' dir='ltr'><strong>gubernio</strong></span> 
     </span>
     <span class='ocr_line' id='line_1_4' title="bbox 242 570 1264 652; baseline -0.001 -21"><span class='ocrx_word' id='word_1_21' title='bbox 242 573 305 632; x_wconf 90' lang='lat' dir='ltr'><strong>suis</strong></span> <span class='ocrx_word' id='word_1_22' title='bbox 318 572 410 634; x_wconf 90' lang='lat' dir='ltr'><strong>bonis</strong></span> <span class='ocrx_word' id='word_1_23' title='bbox 428 571 666 652; x_wconf 80' lang='lat' dir='ltr'><strong>temporalibus,</strong></span> <span class='ocrx_word' id='word_1_24' title='bbox 682 589 747 632; x_wconf 91' lang='lat' dir='ltr'><strong>non</strong></span> <span class='ocrx_word' id='word_1_25' title='bbox 768 571 864 632; x_wconf 86' lang='lat' dir='ltr'><strong>hebet</strong></span> <span class='ocrx_word' id='word_1_26' title='bbox 878 571 963 634; x_wconf 88' lang='lat' dir='ltr'><strong>uude</strong></span> <span class='ocrx_word' id='word_1_27' title='bbox 981 570 1154 650; x_wconf 84' lang='lat' dir='ltr'><strong>providere</strong></span> <span class='ocrx_word' id='word_1_28' title='bbox 1173 571 1264 631; x_wconf 81' lang='lat' dir='ltr'><strong>sulli-</strong></span> 
     </span>
     <span class='ocr_line' id='line_1_5' title="bbox 241 668 1263 748; baseline -0.002 -16"><span class='ocrx_word' id='word_1_29' title='bbox 241 670 472 733; x_wconf 88' lang='lat' dir='ltr'><strong>cientcrvaleat</strong></span> <span class='ocrx_word' id='word_1_30' title='bbox 483 668 706 735; x_wconf 81' lang='lat' dir='ltr'><strong>instaurationi</strong></span> <span class='ocrx_word' id='word_1_31' title='bbox 717 687 847 732; x_wconf 90' lang='lat' dir='ltr'><strong>suarum</strong></span> <span class='ocrx_word' id='word_1_32' title='bbox 863 669 992 745; x_wconf 81' lang='lat' dir='ltr'><strong>aedinm,</strong></span> <span class='ocrx_word' id='word_1_33' title='bbox 1006 668 1203 748; x_wconf 87' lang='lat' dir='ltr'><strong>caeterisque</strong></span> <span class='ocrx_word' id='word_1_34' title='bbox 1214 687 1263 730; x_wconf 78' lang='lat' dir='ltr'><strong>ne</strong></span> 
     </span>
     <span class='ocr_line' id='line_1_6' title="bbox 240 768 987 853; baseline -0.003 -24"><span class='ocrx_word' id='word_1_35' title='bbox 240 769 439 832; x_wconf 85' lang='lat' dir='ltr'><strong>cessitetibus</strong></span> <span class='ocrx_word' id='word_1_36' title='bbox 453 770 556 832; x_wconf 88' lang='lat' dir='ltr'><strong>cultus</strong></span> <span class='ocrx_word' id='word_1_37' title='bbox 573 768 703 850; x_wconf 82' lang='lat' dir='ltr'><strong>publici.</strong></span> <span class='ocrx_word' id='word_1_38' title='bbox 981 841 987 853; x_wconf 91' lang='lat'><em>.</em></span> 
     </span>
    </p>

    <p class='ocr_par' dir='ltr' id='par_1_3' title="bbox 299 865 1259 947">
     <span class='ocr_line' id='line_1_7' title="bbox 299 865 1259 947; baseline -0.004 -17"><span class='ocrx_word' id='word_1_39' title='bbox 299 869 337 932; x_wconf 91' lang='lat' dir='ltr'><strong>ll.</strong></span> <span class='ocrx_word' id='word_1_40' title='bbox 353 870 429 942; x_wconf 77' lang='lat' dir='ltr'><strong>Quae</strong></span> <span class='ocrx_word' id='word_1_41' title='bbox 446 869 487 932; x_wconf 88' lang='lat' dir='ltr'><strong>de</strong></span> <span class='ocrx_word' id='word_1_42' title='bbox 509 867 649 930; x_wconf 89' lang='lat' dir='ltr'><strong>dominio</strong></span> <span class='ocrx_word' id='word_1_43' title='bbox 665 867 877 932; x_wconf 82' lang='lat' dir='ltr'><strong>Ecclesiarum</strong></span> <span class='ocrx_word' id='word_1_44' title='bbox 891 865 1040 946; x_wconf 80' lang='lat' dir='ltr'><strong>diximus,</strong></span> <span class='ocrx_word' id='word_1_45' title='bbox 1055 865 1130 947; x_wconf 91' lang='lat' dir='ltr'><strong>jure</strong></span> <span class='ocrx_word' id='word_1_46' title='bbox 1153 865 1259 947; x_wconf 89' lang='lat' dir='ltr'><strong>appli-</strong></span> 
     </span>
    </p>
   </div>
   <div class='ocr_carea' id='block_1_3' title="bbox 139 967 1261 2724">
    <p class='ocr_par' dir='ltr' id='par_1_4' title="bbox 207 967 1261 2230">
     <span class='ocr_line' id='line_1_8' title="bbox 239 967 1261 1050; baseline -0.002 -20"><span class='ocrx_word' id='word_1_47' title='bbox 239 968 304 1030; x_wconf 89' lang='lat' dir='ltr'><strong>cari</strong></span> <span class='ocrx_word' id='word_1_48' title='bbox 319 973 453 1050; x_wconf 83' lang='lat' dir='ltr'><strong>possunt</strong></span> <span class='ocrx_word' id='word_1_49' title='bbox 466 967 652 1030; x_wconf 77' lang='lat' dir='ltr'><strong>coemeteriis</strong></span> <span class='ocrx_word' id='word_1_50' title='bbox 669 967 853 1030; x_wconf 90' lang='lat' dir='ltr'><strong>earumdem</strong></span> <span class='ocrx_word' id='word_1_51' title='bbox 866 967 1081 1031; x_wconf 85' lang='lat' dir='ltr'><strong>Ecclesierum</strong></span> <span class='ocrx_word' id='word_1_52' title='bbox 1096 967 1261 1045; x_wconf 82' lang='lat' dir='ltr'><strong>contiguis</strong></span> 
     </span>
     <span class='ocr_line' id='line_1_9' title="bbox 235 1051 1259 1146; baseline -0.002 -18"><span class='ocrx_word' id='word_1_53' title='bbox 235 1084 309 1146; x_wconf 81' lang='lat' dir='ltr'><strong>quea</strong></span> <span class='ocrx_word' id='word_1_54' title='bbox 321 1071 396 1128; x_wconf 88' lang='lat' dir='ltr'><strong>aute</strong></span> <span class='ocrx_word' id='word_1_55' title='bbox 408 1066 641 1128; x_wconf 70' lang='lat' dir='ltr'><strong>concordatum</strong></span> <span class='ocrx_word' id='word_1_56' title='bbox 655 1051 874 1142; x_wconf 49' lang='lat' dir='ltr'><strong>erecta&#39;erent,</strong></span> <span class='ocrx_word' id='word_1_57' title='bbox 894 1071 926 1129; x_wconf 88' lang='lat' dir='ltr'><strong>ct</strong></span> <span class='ocrx_word' id='word_1_58' title='bbox 940 1064 1133 1128; x_wconf 88' lang='lat' dir='ltr'><strong>coemeteriis</strong></span> <span class='ocrx_word' id='word_1_59' title='bbox 1154 1082 1259 1144; x_wconf 80' lang='lat' dir='ltr'><strong>quaea</strong></span> 
     </span>
     <span class='ocr_line' id='line_1_10' title="bbox 237 1163 1257 1246; baseline -0.004 -18"><span class='ocrx_word' id='word_1_60' title='bbox 237 1170 381 1246; x_wconf 88' lang='lat' dir='ltr'><strong>tempore</strong></span> <span class='ocrx_word' id='word_1_61' title='bbox 397 1164 586 1229; x_wconf 76' lang='lat' dir='ltr'><strong>concordati</strong></span> <span class='ocrx_word' id='word_1_62' title='bbox 610 1164 767 1246; x_wconf 86' lang='lat' dir='ltr'><strong>acquisita</strong></span> <span class='ocrx_word' id='word_1_63' title='bbox 782 1165 918 1227; x_wconf 85' lang='lat' dir='ltr'><strong>fuissent</strong></span> <span class='ocrx_word' id='word_1_64' title='bbox 938 1163 1162 1227; x_wconf 88' lang='lat' dir='ltr'><strong>oblationibus</strong></span> <span class='ocrx_word' id='word_1_65' title='bbox 1179 1163 1257 1224; x_wconf 88' lang='lat' dir='ltr'><strong>flde-</strong></span> 
     </span>
     <span class='ocr_line' id='line_1_11' title="bbox 236 1261 1258 1344; baseline -0.001 -20"><span class='ocrx_word' id='word_1_66' title='bbox 236 1263 325 1341; x_wconf 91' lang='lat' dir='ltr'><strong>lium,</strong></span> <span class='ocrx_word' id='word_1_67' title='bbox 337 1264 384 1324; x_wconf 90' lang='lat' dir='ltr'><strong>vel</strong></span> <span class='ocrx_word' id='word_1_68' title='bbox 402 1263 593 1325; x_wconf 91' lang='lat' dir='ltr'><strong>fabricarum</strong></span> <span class='ocrx_word' id='word_1_69' title='bbox 606 1262 837 1343; x_wconf 84' lang='lat' dir='ltr'><strong>parochialium</strong></span> <span class='ocrx_word' id='word_1_70' title='bbox 850 1263 1010 1344; x_wconf 86' lang='lat' dir='ltr'><strong>impensis.</strong></span> <span class='ocrx_word' id='word_1_71' title='bbox 1029 1262 1095 1325; x_wconf 88' lang='lat' dir='ltr'><strong>Sed</strong></span> <span class='ocrx_word' id='word_1_72' title='bbox 1105 1261 1184 1324; x_wconf 75' lang='lat' dir='ltr'><strong>haec</strong></span> <span class='ocrx_word' id='word_1_73' title='bbox 1199 1279 1258 1323; x_wconf 86' lang='lat' dir='ltr'><strong>coe·</strong></span> 
     </span>
     <span class='ocr_line' id='line_1_12' title="bbox 236 1359 1257 1442; baseline -0.004 -18"><span class='ocrx_word' id='word_1_74' title='bbox 236 1362 368 1424; x_wconf 87' lang='lat' dir='ltr'><strong>materia</strong></span> <span class='ocrx_word' id='word_1_75' title='bbox 384 1380 487 1442; x_wconf 88' lang='lat' dir='ltr'><strong>pauca</strong></span> <span class='ocrx_word' id='word_1_76' title='bbox 504 1361 676 1423; x_wconf 89' lang='lat' dir='ltr'><strong>admodum</strong></span> <span class='ocrx_word' id='word_1_77' title='bbox 692 1366 783 1437; x_wconf 90' lang='lat' dir='ltr'><strong>sunt;</strong></span> <span class='ocrx_word' id='word_1_78' title='bbox 800 1361 971 1425; x_wconf 83' lang='lat' dir='ltr'><strong>difficulter</strong></span> <span class='ocrx_word' id='word_1_79' title='bbox 984 1359 1155 1424; x_wconf 87' lang='lat' dir='ltr'><strong>obtinetur</strong></span> <span class='ocrx_word' id='word_1_80' title='bbox 1169 1379 1193 1430; x_wconf 84' lang='lat' dir='ltr'><strong>a</strong></span> <span class='ocrx_word' id='word_1_81' title='bbox 1205 1380 1257 1440; x_wconf 87' lang='lat' dir='ltr'><strong>gu-</strong></span> 
     </span>
     <span class='ocr_line' id='line_1_13' title="bbox 235 1459 1255 1542; baseline -0.001 -21"><span class='ocrx_word' id='word_1_82' title='bbox 235 1459 346 1522; x_wconf 88' lang='lat' dir='ltr'><strong>bernio</strong></span> <span class='ocrx_word' id='word_1_83' title='bbox 361 1460 548 1540; x_wconf 85' lang='lat' dir='ltr'><strong>approbatio</strong></span> <span class='ocrx_word' id='word_1_84' title='bbox 563 1460 744 1523; x_wconf 90' lang='lat' dir='ltr'><strong>donationis</strong></span> <span class='ocrx_word' id='word_1_85' title='bbox 760 1479 823 1542; x_wconf 90' lang='lat' dir='ltr'><strong>qua</strong></span> <span class='ocrx_word' id='word_1_86' title='bbox 836 1459 1059 1542; x_wconf 86' lang='lat' dir='ltr'><strong>disponeretur</strong></span> <span class='ocrx_word' id='word_1_87' title='bbox 1073 1459 1115 1521; x_wconf 92' lang='lat' dir='ltr'><strong>de</strong></span> <span class='ocrx_word' id='word_1_88' title='bbox 1130 1459 1206 1520; x_wconf 92' lang='lat' dir='ltr'><strong>loco</strong></span> <span class='ocrx_word' id='word_1_89' title='bbox 1219 1476 1255 1521; x_wconf 89' lang='lat' dir='ltr'><strong>ea</strong></span> 
     </span>
     <span class='ocr_line' id='line_1_14' title="bbox 207 1556 1253 1640; baseline -0.002 -20"><span class='ocrx_word' id='word_1_90' title='bbox 207 1609 209 1612; x_wconf 93' lang='lat'>.</span> <span class='ocrx_word' id='word_1_91' title='bbox 236 1558 415 1624; x_wconf 89' lang='lat' dir='ltr'><strong>conditione</strong></span> <span class='ocrx_word' id='word_1_92' title='bbox 431 1564 465 1621; x_wconf 92' lang='lat' dir='ltr'><strong>ut</strong></span> <span class='ocrx_word' id='word_1_93' title='bbox 479 1559 632 1620; x_wconf 87' lang='lat' dir='ltr'><strong>formetur</strong></span> <span class='ocrx_word' id='word_1_94' title='bbox 650 1559 876 1640; x_wconf 85' lang='lat' dir='ltr'><strong>coemeterium,</strong></span> <span class='ocrx_word' id='word_1_95' title='bbox 894 1559 952 1621; x_wconf 90' lang='lat' dir='ltr'><strong>suh</strong></span> <span class='ocrx_word' id='word_1_96' title='bbox 965 1558 1037 1638; x_wconf 86' lang='lat' dir='ltr'><strong>jure</strong></span> <span class='ocrx_word' id='word_1_97' title='bbox 1059 1562 1093 1620; x_wconf 91' lang='lat' dir='ltr'><strong>et</strong></span> <span class='ocrx_word' id='word_1_98' title='bbox 1108 1556 1253 1625; x_wconf 87' lang='lat' dir='ltr'><strong>dominio</strong></span> 
     </span>
     <span class='ocr_line' id='line_1_15' title="bbox 234 1653 1252 1738; baseline -0.003 -19"><span class='ocrx_word' id='word_1_99' title='bbox 234 1655 404 1737; x_wconf 76' lang='lat' dir='ltr'><strong>parochie.</strong></span> <span class='ocrx_word' id='word_1_100' title='bbox 414 1657 459 1718; x_wconf 77' lang='lat' dir='ltr'><strong>lio</strong></span> <span class='ocrx_word' id='word_1_101' title='bbox 467 1657 649 1737; x_wconf 90' lang='lat' dir='ltr'><strong>conspirant</strong></span> <span class='ocrx_word' id='word_1_102' title='bbox 657 1657 764 1738; x_wconf 92' lang='lat' dir='ltr'><strong>opinio</strong></span> <span class='ocrx_word' id='word_1_103' title='bbox 776 1657 946 1737; x_wconf 85' lang='lat' dir='ltr'><strong>generalis,</strong></span> <span class='ocrx_word' id='word_1_104' title='bbox 958 1653 1075 1738; x_wconf 87' lang='lat' dir='ltr'><strong>agendi</strong></span> <span class='ocrx_word' id='word_1_105' title='bbox 1089 1657 1178 1718; x_wconf 91' lang='lat' dir='ltr'><strong>ratio</strong></span> <span class='ocrx_word' id='word_1_106' title='bbox 1190 1675 1252 1716; x_wconf 90' lang='lat' dir='ltr'><strong>ma-</strong></span> 
     </span>
     <span class='ocr_line' id='line_1_16' title="bbox 233 1742 1251 1836; baseline -0.001 -20"><span class='ocrx_word' id='word_1_107' title='bbox 233 1755 434 1834; x_wconf 89' lang='lat' dir='ltr'><strong>gistratuum,</strong></span> <span class='ocrx_word' id='word_1_108' title='bbox 444 1759 475 1816; x_wconf 90' lang='lat' dir='ltr'><strong>et</strong></span> <span class='ocrx_word' id='word_1_109' title='bbox 489 1755 607 1836; x_wconf 90' lang='lat' dir='ltr'><strong>placita</strong></span> <span class='ocrx_word' id='word_1_110' title='bbox 621 1755 783 1834; x_wconf 87' lang='lat' dir='ltr'><strong>regiminis</strong></span> <span class='ocrx_word' id='word_1_111' title='bbox 798 1755 928 1836; x_wconf 89' lang='lat' dir='ltr'><strong>publici,</strong></span> <span class='ocrx_word' id='word_1_112' title='bbox 938 1760 975 1817; x_wconf 93' lang='lat' dir='ltr'><strong>ut</strong></span> <span class='ocrx_word' id='word_1_113' title='bbox 983 1742 1251 1836; x_wconf 64' lang='lat' dir='ltr'><strong>&#39;coemeteriaper</strong></span> 
     </span>
     <span class='ocr_line' id='line_1_17' title="bbox 233 1853 1249 1934; baseline -0.003 -18"><span class='ocrx_word' id='word_1_114' title='bbox 233 1854 356 1916; x_wconf 84' lang='lat' dir='ltr'><strong>tineent</strong></span> <span class='ocrx_word' id='word_1_115' title='bbox 370 1854 411 1915; x_wconf 91' lang='lat' dir='ltr'><strong>ad</strong></span> <span class='ocrx_word' id='word_1_116' title='bbox 421 1853 608 1934; x_wconf 84' lang='lat' dir='ltr'><strong>municipia3</strong></span> <span class='ocrx_word' id='word_1_117' title='bbox 619 1859 655 1916; x_wconf 90' lang='lat' dir='ltr'><strong>ut</strong></span> <span class='ocrx_word' id='word_1_118' title='bbox 664 1855 783 1916; x_wconf 89' lang='lat' dir='ltr'><strong>scilicet</strong></span> <span class='ocrx_word' id='word_1_119' title='bbox 796 1854 829 1918; x_wconf 91' lang='lat' dir='ltr'><strong>in</strong></span> <span class='ocrx_word' id='word_1_120' title='bbox 841 1854 903 1922; x_wconf 91' lang='lat' dir='ltr'><strong>illis</strong></span> <span class='ocrx_word' id='word_1_121' title='bbox 912 1855 1093 1918; x_wconf 87' lang='lat' dir='ltr'><strong>condantur</strong></span> <span class='ocrx_word' id='word_1_122' title='bbox 1106 1854 1249 1918; x_wconf 88' lang='lat' dir='ltr'><strong>omnium</strong></span> 
     </span>
     <span class='ocr_line' id='line_1_18' title="bbox 233 1951 1245 2034; baseline -0.001 -22"><span class='ocrx_word' id='word_1_123' title='bbox 233 1951 453 2014; x_wconf 85' lang='lat' dir='ltr'><strong>defunctorum</strong></span> <span class='ocrx_word' id='word_1_124' title='bbox 475 1971 610 2032; x_wconf 88' lang='lat' dir='ltr'><strong>corpora</strong></span> <span class='ocrx_word' id='word_1_125' title='bbox 628 1954 670 2014; x_wconf 91' lang='lat' dir='ltr'><strong>ad</strong></span> <span class='ocrx_word' id='word_1_126' title='bbox 689 1971 924 2034; x_wconf 90' lang='lat' dir='ltr'><strong>quamcumque</strong></span> <span class='ocrx_word' id='word_1_127' title='bbox 942 1952 1130 2032; x_wconf 79' lang='lat' dir='ltr'><strong>religionem</strong></span> <span class='ocrx_word' id='word_1_128' title='bbox 1145 1951 1245 2032; x_wconf 93' lang='lat' dir='ltr'><strong>perti·</strong></span> 
     </span>
     <span class='ocr_line' id='line_1_19' title="bbox 232 2049 1243 2132; baseline 0 -20"><span class='ocrx_word' id='word_1_129' title='bbox 232 2050 414 2112; x_wconf 87' lang='lat' dir='ltr'><strong>nuerintilli</strong></span> <span class='ocrx_word' id='word_1_130' title='bbox 423 2051 477 2130; x_wconf 88' lang='lat' dir='ltr'><strong>qui</strong></span> <span class='ocrx_word' id='word_1_131' title='bbox 486 2051 697 2114; x_wconf 88' lang='lat' dir='ltr'><strong>decesserunt.</strong></span> <span class='ocrx_word' id='word_1_132' title='bbox 705 2053 761 2114; x_wconf 79' lang='lat' dir='ltr'><strong>Est</strong></span> <span class='ocrx_word' id='word_1_133' title='bbox 772 2051 1002 2115; x_wconf 89' lang='lat' dir='ltr'><strong>consectarium</strong></span> <span class='ocrx_word' id='word_1_134' title='bbox 1012 2051 1187 2132; x_wconf 89' lang='lat' dir='ltr'><strong>prectieum</strong></span> <span class='ocrx_word' id='word_1_135' title='bbox 1196 2049 1243 2112; x_wconf 90' lang='lat' dir='ltr'><strong>in·</strong></span> 
     </span>
     <span class='ocr_line' id='line_1_20' title="bbox 232 2148 1242 2230; baseline 0.005 -22"><span class='ocrx_word' id='word_1_136' title='bbox 232 2148 450 2210; x_wconf 85' lang='lat' dir='ltr'><strong>dillerentismi</strong></span> <span class='ocrx_word' id='word_1_137' title='bbox 463 2149 496 2210; x_wconf 94' lang='lat' dir='ltr'><strong>in</strong></span> <span class='ocrx_word' id='word_1_138' title='bbox 511 2167 607 2212; x_wconf 86' lang='lat' dir='ltr'><strong>eausa</strong></span> <span class='ocrx_word' id='word_1_139' title='bbox 620 2150 790 2228; x_wconf 86' lang='lat' dir='ltr'><strong>religionis.</strong></span> <span class='ocrx_word' id='word_1_140' title='bbox 804 2151 892 2214; x_wconf 90' lang='lat' dir='ltr'><strong>Sicut</strong></span> <span class='ocrx_word' id='word_1_141' title='bbox 912 2149 1054 2212; x_wconf 74' lang='lat' dir='ltr'><strong>Ecclesia</strong></span> <span class='ocrx_word' id='word_1_142' title='bbox 1074 2149 1129 2230; x_wconf 89' lang='lat' dir='ltr'><strong>jus</strong></span> <span class='ocrx_word' id='word_1_143' title='bbox 1146 2149 1242 2212; x_wconf 88' lang='lat' dir='ltr'><strong>babet</strong></span> 
     </span>
    </p>

    <p class='ocr_par' dir='ltr' id='par_1_5' title="bbox 230 2247 1242 2426">
     <span class='ocr_line' id='line_1_21' title="bbox 231 2247 1242 2331; baseline 0 -23"><span class='ocrx_word' id='word_1_144' title='bbox 231 2247 413 2328; x_wconf 88' lang='lat' dir='ltr'><strong>possidendi</strong></span> <span class='ocrx_word' id='word_1_145' title='bbox 421 2248 541 2328; x_wconf 90' lang='lat' dir='ltr'><strong>templa</strong></span> <span class='ocrx_word' id='word_1_146' title='bbox 552 2267 622 2331; x_wconf 85' lang='lat' dir='ltr'><strong>quae</strong></span> <span class='ocrx_word' id='word_1_147' title='bbox 632 2247 730 2310; x_wconf 93' lang='lat' dir='ltr'><strong>cultui</strong></span> <span class='ocrx_word' id='word_1_148' title='bbox 739 2248 895 2310; x_wconf 90' lang='lat' dir='ltr'><strong>catholico</strong></span> <span class='ocrx_word' id='word_1_149' title='bbox 906 2248 969 2310; x_wconf 90' lang='lat' dir='ltr'><strong>sint</strong></span> <span class='ocrx_word' id='word_1_150' title='bbox 979 2248 1141 2310; x_wconf 81' lang='lat' dir='ltr'><strong>exclusive</strong></span> <span class='ocrx_word' id='word_1_151' title='bbox 1154 2248 1242 2310; x_wconf 90' lang='lat' dir='ltr'><strong>desti·</strong></span> 
     </span>
     <span class='ocr_line' id='line_1_22' title="bbox 230 2346 1240 2426; baseline -0.001 -18"><span class='ocrx_word' id='word_1_152' title='bbox 230 2350 318 2422; x_wconf 88' lang='lat' dir='ltr'><strong>nata,</strong></span> <span class='ocrx_word' id='word_1_153' title='bbox 335 2346 379 2411; x_wconf 90' lang='lat' dir='ltr'><strong>ita</strong></span> <span class='ocrx_word' id='word_1_154' title='bbox 395 2347 491 2408; x_wconf 89' lang='lat' dir='ltr'><strong>etiam</strong></span> <span class='ocrx_word' id='word_1_155' title='bbox 506 2346 667 2426; x_wconf 88' lang='lat' dir='ltr'><strong>possidere</strong></span> <span class='ocrx_word' id='word_1_156' title='bbox 682 2347 811 2410; x_wconf 87' lang='lat' dir='ltr'><strong>deberet</strong></span> <span class='ocrx_word' id='word_1_157' title='bbox 833 2347 1015 2411; x_wconf 76' lang='lat' dir='ltr'><strong>camaleria</strong></span> <span class='ocrx_word' id='word_1_158' title='bbox 1031 2346 1240 2410; x_wconf 90' lang='lat' dir='ltr'><strong>inhumationi</strong></span> 
     </span>
    </p>

    <p class='ocr_par' dir='ltr' id='par_1_6' title="bbox 231 2442 1235 2520">
     <span class='ocr_line' id='line_1_23' title="bbox 231 2442 1235 2520; baseline 0 -14"><span class='ocrx_word' id='word_1_159' title='bbox 231 2442 460 2506; x_wconf 91' lang='lat' dir='ltr'><strong>catholicorum</strong></span> <span class='ocrx_word' id='word_1_160' title='bbox 474 2449 635 2507; x_wconf 87' lang='lat' dir='ltr'><strong>reservata</strong></span> <span class='ocrx_word' id='word_1_161' title='bbox 650 2461 658 2508; x_wconf 90' lang='lat'>:</span> <span class='ocrx_word' id='word_1_162' title='bbox 673 2445 706 2506; x_wconf 95' lang='lat' dir='ltr'><strong>id</strong></span> <span class='ocrx_word' id='word_1_163' title='bbox 722 2449 804 2506; x_wconf 90' lang='lat' dir='ltr'><strong>esset</strong></span> <span class='ocrx_word' id='word_1_164' title='bbox 824 2446 961 2509; x_wconf 84' lang='lat' dir='ltr'><strong>maxime</strong></span> <span class='ocrx_word' id='word_1_165' title='bbox 982 2451 1235 2520; x_wconf 89' lang='lat' dir='ltr'><strong>consentaneum,</strong></span> 
     </span>
    </p>

    <p class='ocr_par' dir='ltr' id='par_1_7' title="bbox 231 2541 1234 2622">
     <span class='ocr_line' id='line_1_24' title="bbox 231 2541 1234 2622; baseline 0.002 -20"><span class='ocrx_word' id='word_1_166' title='bbox 231 2541 453 2622; x_wconf 86' lang='lat' dir='ltr'><strong>tumdignitati</strong></span> <span class='ocrx_word' id='word_1_167' title='bbox 465 2550 496 2605; x_wconf 90' lang='lat' dir='ltr'><strong>ct</strong></span> <span class='ocrx_word' id='word_1_168' title='bbox 506 2543 930 2618; x_wconf 83' lang='lat' dir='ltr'><strong>auctoritatiEeclesiae,tum</strong></span> <span class='ocrx_word' id='word_1_169' title='bbox 940 2543 1080 2606; x_wconf 89' lang='lat' dir='ltr'><strong>libertati</strong></span> <span class='ocrx_word' id='word_1_170' title='bbox 1088 2543 1234 2618; x_wconf 86' lang='lat' dir='ltr'><strong>cultuum,</strong></span> 
     </span>
    </p>

    <p class='ocr_par' dir='ltr' id='par_1_8' title="bbox 139 2631 1234 2724">
     <span class='ocr_line' id='line_1_25' title="bbox 139 2631 1234 2724; baseline 0.003 -25"><span class='ocrx_word' id='word_1_171' title='bbox 139 2631 141 2635; x_wconf 68' lang='grc'>’</span> <span class='ocrx_word' id='word_1_172' title='bbox 230 2639 295 2700; x_wconf 90' lang='lat' dir='ltr'><strong>sive</strong></span> <span class='ocrx_word' id='word_1_173' title='bbox 312 2639 487 2701; x_wconf 92' lang='lat' dir='ltr'><strong>dominium</strong></span> <span class='ocrx_word' id='word_1_174' title='bbox 501 2641 586 2724; x_wconf 81' lang='lat' dir='ltr'><strong>reale</strong></span> <span class='ocrx_word' id='word_1_175' title='bbox 601 2640 663 2702; x_wconf 90' lang='lat' dir='ltr'><strong>loci</strong></span> <span class='ocrx_word' id='word_1_176' title='bbox 682 2641 840 2721; x_wconf 88' lang='lat' dir='ltr'><strong>pertineat</strong></span> <span class='ocrx_word' id='word_1_177' title='bbox 855 2642 896 2703; x_wconf 90' lang='lat' dir='ltr'><strong>ad</strong></span> <span class='ocrx_word' id='word_1_178' title='bbox 915 2641 1101 2717; x_wconf 76' lang='lat' dir='ltr'><strong>Ecclesiam,</strong></span> <span class='ocrx_word' id='word_1_179' title='bbox 1123 2642 1185 2704; x_wconf 89' lang='lat' dir='ltr'><strong>sive</strong></span> <span class='ocrx_word' id='word_1_180' title='bbox 1199 2643 1234 2702; x_wconf 88' lang='lat' dir='ltr'><strong>ad</strong></span> 
     </span>
    </p>
   </div>
   <div class='ocr_carea' id='block_1_4' title="bbox 115 2737 860 2830">
    <p class='ocr_par' dir='ltr' id='par_1_9' title="bbox 115 2737 860 2830">
     <span class='ocr_line' id='line_1_26' title="bbox 115 2737 860 2830; baseline 0.007 -34"><span class='ocrx_word' id='word_1_181' title='bbox 115 2825 119 2830; x_wconf 20' lang='lat'>⁸</span> <span class='ocrx_word' id='word_1_182' title='bbox 229 2737 448 2817; x_wconf 91' lang='lat' dir='ltr'><strong>municipium,</strong></span> <span class='ocrx_word' id='word_1_183' title='bbox 466 2738 504 2800; x_wconf 90' lang='lat' dir='ltr'><strong>de</strong></span> <span class='ocrx_word' id='word_1_184' title='bbox 517 2757 580 2819; x_wconf 92' lang='lat' dir='ltr'><strong>quo</strong></span> <span class='ocrx_word' id='word_1_185' title='bbox 595 2757 671 2800; x_wconf 83' lang='lat' dir='ltr'><strong>mox</strong></span> <span class='ocrx_word' id='word_1_186' title='bbox 685 2739 824 2802; x_wconf 88' lang='lat' dir='ltr'><strong>dicemus</strong></span> <span class='ocrx_word' id='word_1_187' title='bbox 837 2739 860 2801; x_wconf 88' lang='lat'><strong>¹.</strong></span> 
     </span>
    </p>
   </div>
   <div class='ocr_carea' id='block_1_5' title="bbox 225 2836 1233 3612">
    <p class='ocr_par' dir='ltr' id='par_1_10' title="bbox 228 2836 1233 2998">
     <span class='ocr_line' id='line_1_27' title="bbox 289 2836 1233 2920; baseline 0.008 -26"><span class='ocrx_word' id='word_1_188' title='bbox 289 2836 357 2896; x_wconf 73' lang='lat'>572.</span> <span class='ocrx_word' id='word_1_189' title='bbox 376 2837 470 2898; x_wconf 75' lang='lat'>-110</span> <span class='ocrx_word' id='word_1_190' title='bbox 486 2836 557 2911; x_wconf 78' lang='lat' dir='ltr'><strong>Qec</strong></span> <span class='ocrx_word' id='word_1_191' title='bbox 575 2837 635 2899; x_wconf 79' lang='lat' dir='ltr'><strong>sict</strong></span> <span class='ocrx_word' id='word_1_192' title='bbox 662 2837 845 2900; x_wconf 78' lang='lat' dir='ltr'><strong>consectaria</strong></span> <span class='ocrx_word' id='word_1_193' title='bbox 861 2839 998 2920; x_wconf 76' lang='lat' dir='ltr'><strong>practica</strong></span> <span class='ocrx_word' id='word_1_194' title='bbox 1009 2839 1098 2919; x_wconf 81' lang='lat' dir='ltr'><strong>juris</strong></span> <span class='ocrx_word' id='word_1_195' title='bbox 1116 2839 1233 2902; x_wconf 75' lang='lat' dir='ltr'><strong>dominii</strong></span> 
     </span>
     <span class='ocr_line' id='line_1_28' title="bbox 228 2933 711 2998; baseline 0.004 -4"><span class='ocrx_word' id='word_1_196' title='bbox 228 2933 261 2994; x_wconf 81' lang='lat' dir='ltr'><strong>in</strong></span> <span class='ocrx_word' id='word_1_197' title='bbox 274 2951 376 2994; x_wconf 77' lang='lat' dir='ltr'><strong>sacrus</strong></span> <span class='ocrx_word' id='word_1_198' title='bbox 390 2933 465 2995; x_wconf 78' lang='lat' dir='ltr'><strong>ades</strong></span> <span class='ocrx_word' id='word_1_199' title='bbox 478 2944 507 2996; x_wconf 90' lang='lat' dir='ltr'><strong>et</strong></span> <span class='ocrx_word' id='word_1_200' title='bbox 520 2933 711 2998; x_wconf 77' lang='lat' dir='ltr'><strong>caemeteria?</strong></span> 
     </span>
    </p>

    <p class='ocr_par' dir='ltr' id='par_1_11' title="bbox 225 3031 1231 3612">
     <span class='ocr_line' id='line_1_29' title="bbox 287 3031 1231 3118; baseline 0.007 -24"><span class='ocrx_word' id='word_1_201' title='bbox 287 3031 310 3094; x_wconf 90' lang='lat'><strong>1.</strong></span> <span class='ocrx_word' id='word_1_202' title='bbox 323 3032 503 3093; x_wconf 90' lang='lat' dir='ltr'><strong>Dominium</strong></span> <span class='ocrx_word' id='word_1_203' title='bbox 516 3034 647 3114; x_wconf 91' lang='lat' dir='ltr'><strong>plenum</strong></span> <span class='ocrx_word' id='word_1_204' title='bbox 659 3035 792 3097; x_wconf 90' lang='lat' dir='ltr'><strong>includit</strong></span> <span class='ocrx_word' id='word_1_205' title='bbox 802 3035 855 3118; x_wconf 88' lang='lat' dir='ltr'><strong>jus</strong></span> <span class='ocrx_word' id='word_1_206' title='bbox 868 3036 1122 3113; x_wconf 88' lang='lat' dir='ltr'><strong>administrandi,</strong></span> <span class='ocrx_word' id='word_1_207' title='bbox 1133 3039 1231 3102; x_wconf 90' lang='lat' dir='ltr'><strong>utendi</strong></span> 
     </span>
     <span class='ocr_line' id='line_1_30' title="bbox 227 3129 1225 3215; baseline 0.008 -25"><span class='ocrx_word' id='word_1_208' title='bbox 227 3129 397 3206; x_wconf 81' lang='lat' dir='ltr'><strong>exclusive,</strong></span> <span class='ocrx_word' id='word_1_209' title='bbox 418 3137 450 3194; x_wconf 90' lang='lat' dir='ltr'><strong>ct</strong></span> <span class='ocrx_word' id='word_1_210' title='bbox 468 3131 672 3212; x_wconf 91' lang='lat' dir='ltr'><strong>disponendi;</strong></span> <span class='ocrx_word' id='word_1_211' title='bbox 689 3140 884 3215; x_wconf 90' lang='lat' dir='ltr'><strong>quapropter</strong></span> <span class='ocrx_word' id='word_1_212' title='bbox 902 3135 971 3198; x_wconf 84' lang='lat' dir='ltr'><strong>haec</strong></span> <span class='ocrx_word' id='word_1_213' title='bbox 990 3135 1053 3197; x_wconf 87' lang='lat' dir='ltr'><strong>tria</strong></span> <span class='ocrx_word' id='word_1_214' title='bbox 1070 3136 1225 3214; x_wconf 77' lang='lat' dir='ltr'><strong>inhaerent,</strong></span> 
     </span>
     <span class='ocr_line' id='line_1_31' title="bbox 226 3227 1225 3313; baseline 0.009 -25"><span class='ocrx_word' id='word_1_215' title='bbox 226 3234 257 3289; x_wconf 90' lang='lat' dir='ltr'><strong>et</strong></span> <span class='ocrx_word' id='word_1_216' title='bbox 279 3227 407 3307; x_wconf 86' lang='lat' dir='ltr'><strong>quidem</strong></span> <span class='ocrx_word' id='word_1_217' title='bbox 421 3227 493 3308; x_wconf 84' lang='lat' dir='ltr'><strong>jure</strong></span> <span class='ocrx_word' id='word_1_218' title='bbox 513 3232 654 3311; x_wconf 87' lang='lat' dir='ltr'><strong>proprie,</strong></span> <span class='ocrx_word' id='word_1_219' title='bbox 674 3232 833 3312; x_wconf 86' lang='lat' dir='ltr'><strong>parochiae</strong></span> <span class='ocrx_word' id='word_1_220' title='bbox 852 3252 924 3313; x_wconf 83' lang='lat' dir='ltr'><strong>quae</strong></span> <span class='ocrx_word' id='word_1_221' title='bbox 945 3233 1043 3295; x_wconf 89' lang='lat' dir='ltr'><strong>habet</strong></span> <span class='ocrx_word' id='word_1_222' title='bbox 1063 3234 1225 3297; x_wconf 87' lang='lat' dir='ltr'><strong>dominium</strong></span> 
     </span>
     <span class='ocr_line' id='line_1_32' title="bbox 226 3327 1222 3409; baseline 0.008 -22"><span class='ocrx_word' id='word_1_223' title='bbox 226 3345 290 3390; x_wconf 85' lang='lat' dir='ltr'><strong>suec</strong></span> <span class='ocrx_word' id='word_1_224' title='bbox 313 3327 470 3390; x_wconf 84' lang='lat' dir='ltr'><strong>Ecclesiae.</strong></span> <span class='ocrx_word' id='word_1_225' title='bbox 495 3329 597 3392; x_wconf 85' lang='lat' dir='ltr'><strong>Habet</strong></span> <span class='ocrx_word' id='word_1_226' title='bbox 617 3330 726 3409; x_wconf 88' lang='lat' dir='ltr'><strong>utique</strong></span> <span class='ocrx_word' id='word_1_227' title='bbox 746 3329 907 3392; x_wconf 86' lang='lat' dir='ltr'><strong>Parochus</strong></span> <span class='ocrx_word' id='word_1_228' title='bbox 931 3331 1222 3396; x_wconf 86' lang='lat' dir='ltr'><strong>administrationem</strong></span> 
     </span>
     <span class='ocr_line' id='line_1_33' title="bbox 225 3425 1222 3512; baseline 0.008 -26"><span class='ocrx_word' id='word_1_229' title='bbox 225 3425 384 3504; x_wconf 71' lang='lat' dir='ltr'><strong>Ecclesia,</strong></span> <span class='ocrx_word' id='word_1_230' title='bbox 398 3445 470 3489; x_wconf 89' lang='lat' dir='ltr'><strong>cum</strong></span> <span class='ocrx_word' id='word_1_231' title='bbox 480 3426 552 3506; x_wconf 84' lang='lat' dir='ltr'><strong>jure</strong></span> <span class='ocrx_word' id='word_1_232' title='bbox 567 3427 726 3491; x_wconf 85' lang='lat' dir='ltr'><strong>exclusivo</strong></span> <span class='ocrx_word' id='word_1_233' title='bbox 740 3427 796 3490; x_wconf 91' lang='lat' dir='ltr'><strong>illa</strong></span> <span class='ocrx_word' id='word_1_234' title='bbox 808 3430 928 3506; x_wconf 88' lang='lat' dir='ltr'><strong>utendi,</strong></span> <span class='ocrx_word' id='word_1_235' title='bbox 942 3430 1006 3493; x_wconf 88' lang='lat' dir='ltr'><strong>sive</strong></span> <span class='ocrx_word' id='word_1_236' title='bbox 1021 3431 1128 3512; x_wconf 91' lang='lat' dir='ltr'><strong>quoad</strong></span> <span class='ocrx_word' id='word_1_237' title='bbox 1141 3451 1222 3496; x_wconf 86' lang='lat' dir='ltr'><strong>caere-</strong></span> 
     </span>
     <span class='ocr_line' id='line_1_34' title="bbox 225 3526 1217 3612; baseline 0.004 -23"><span class='ocrx_word' id='word_1_238' title='bbox 225 3526 348 3589; x_wconf 84' lang='lat' dir='ltr'><strong>menies</strong></span> <span class='ocrx_word' id='word_1_239' title='bbox 366 3545 481 3605; x_wconf 88' lang='lat' dir='ltr'><strong>sacras,</strong></span> <span class='ocrx_word' id='word_1_240' title='bbox 502 3526 567 3588; x_wconf 90' lang='lat' dir='ltr'><strong>sive</strong></span> <span class='ocrx_word' id='word_1_241' title='bbox 589 3526 695 3607; x_wconf 90' lang='lat' dir='ltr'><strong>quoad</strong></span> <span class='ocrx_word' id='word_1_242' title='bbox 716 3533 887 3607; x_wconf 84' lang='lat' dir='ltr'><strong>proventus</strong></span> <span class='ocrx_word' id='word_1_243' title='bbox 907 3528 1111 3610; x_wconf 88' lang='lat' dir='ltr'><strong>temporales.</strong></span> <span class='ocrx_word' id='word_1_244' title='bbox 1130 3533 1217 3612; x_wconf 85' lang='lat' dir='ltr'><strong>Impe-</strong></span> 
     </span>
    </p>
   </div>
   <div class='ocr_carea' id='block_1_6' title="bbox 273 3740 961 3813">
    <p class='ocr_par' dir='ltr' id='par_1_12' title="bbox 273 3740 961 3813">
     <span class='ocr_line' id='line_1_35' title="bbox 273 3740 961 3813; baseline 0.009 -23"><span class='ocrx_word' id='word_1_245' title='bbox 273 3743 295 3790; x_wconf 87' lang='grc'><strong>1.</strong></span> <span class='ocrx_word' id='word_1_246' title='bbox 312 3740 350 3791; x_wconf 85' lang='lat' dir='ltr'><strong>Cl.</strong></span> <span class='ocrx_word' id='word_1_247' title='bbox 365 3740 476 3791; x_wconf 68' lang='lat' dir='ltr'><strong>recreat</strong></span> <span class='ocrx_word' id='word_1_248' title='bbox 489 3741 533 3792; x_wconf 86' lang='lat' dir='ltr'><strong>des</strong></span> <span class='ocrx_word' id='word_1_249' title='bbox 547 3741 689 3812; x_wconf 71' lang='lat' dir='ltr'><strong>febriquec,</strong></span> <span class='ocrx_word' id='word_1_250' title='bbox 704 3747 769 3795; x_wconf 91' lang='lat' dir='ltr'><strong>tom.</strong></span> <span class='ocrx_word' id='word_1_251' title='bbox 785 3745 817 3808; x_wconf 91' lang='lat' dir='ltr'><strong>ll,</strong></span> <span class='ocrx_word' id='word_1_252' title='bbox 830 3759 891 3813; x_wconf 85' lang='lat' dir='ltr'><strong>pag.</strong></span> <span class='ocrx_word' id='word_1_253' title='bbox 907 3747 961 3798; x_wconf 73' lang='lat' dir='ltr'><strong>stt.</strong></span> 
     </span>
    </p>
   </div>
   <div class='ocr_carea' id='block_1_7' title="bbox 0 0 1326 4268">
    <p class='ocr_par' dir='ltr' id='par_1_13' title="bbox 0 0 1326 4268">
     <span class='ocr_line' id='line_1_36' title="bbox 0 0 1326 4268; baseline 0 6"><span class='ocrx_word' id='word_1_254' title='bbox 0 0 1326 4268; x_wconf 95' lang='lat' dir='ltr'><strong> </strong></span> 
     </span>
    </p>
   </div>
  </div>
 </body>
</html>
