2568 4272
207 250 273 297 ΛΒΤ.
295 249 324 296 V.
346 251 384 297 bu
404 249 651 300 osnlolrtoruaus
670 251 787 300 aratus
806 253 967 302 flutlowsl.
1042 247 1094 297 297

137 371 169 428 2⁰
195 367 357 428 Transitus
371 365 439 427 fleri
459 367 552 428 debat
567 368 607 428 ad
626 368 769 430 ordinem
789 369 987 444 strictiorem,
1003 368 1096 448 juxta
1185 449 1186 452 Ἴ

59 465 982 546 constitutionemlnnocentiiIll,quamconflrmavitconc.
994 467 1093 542 Tria,

59 583 148 625 sess,
172 565 262 636 XXV,
284 581 353 643 cap.
374 579 440 638 xlx,
462 562 744 644 delicatioribus:
774 587 788 622 a
806 567 904 626 Nemo
926 565 1092 644 regularis,

63 681 82 719 a
99 661 335 741 cujuscumque
350 661 509 722 facultatis
523 661 643 739 vigore,
661 663 870 724 transferatur
885 664 925 723 ad
940 663 1095 724 laxiorem

60 783 79 816 «
100 760 305 838 religionem.
324 783 339 816 »
356 759 430 832 Quis
443 765 549 821 autem
560 760 638 821 ordo
649 760 689 820 sit
698 761 879 839 perfectior,
895 761 1069 839 ambigitur
1084 777 1093 822 :

58 877 117 918 res
136 858 264 918 videtur
280 856 496 938 dijudicanda,
513 877 577 920 non
592 877 611 918 a
627 858 731 938 prima
745 857 863 929 ordinis
880 859 1089 933 institutione,

62 957 126 1016 sed
152 975 173 1016 a
196 956 344 1036 praesenti
372 955 554 1033 regularum
577 956 814 1032 observatione;
841 956 918 1017 alias
944 956 1096 1017 darentur

64 1053 252 1114 decisiones
264 1053 411 1133 practicae
425 1058 536 1114 contra
548 1059 686 1116 montem
698 1073 865 1116 canonum.
881 1045 1096 1116 communiter

55 1156 255 1230 ‘agnoscunt
274 1150 397 1212 nullum
413 1145 642 1212 esse'ordinem
657 1169 697 1212 ex
716 1170 780 1232 qno
800 1171 863 1212 non
879 1152 975 1214 liceat
989 1152 1096 1230 egredi

67 1250 114 1310 ad
135 1249 352 1329 profitendum
366 1250 399 1309 in
418 1249 570 1328 religione
587 1250 881 1324 Canthusianorum,
899 1249 984 1330 quod
1000 1268 1094 1328 argu-

68 1353 186 1409 mento
203 1353 250 1409 est
264 1347 349 1408 hunc
363 1347 507 1408 ordinem
522 1348 644 1410 caeteris
660 1349 848 1410 strictiorem
862 1349 1014 1428 reputari.

136 1446 220 1507 Hinc
240 1446 295 1525 qui
310 1445 379 1508 vult
392 1446 526 1506 transire
546 1445 586 1506 ad
604 1445 749 1507 ordinem
764 1447 918 1508 laxiorem
932 1447 983 1507 vel
1001 1447 1096 1508 etiam

69 1543 246 1622 aequalem,
262 1543 383 1620 indiget
397 1543 640 1622 dispensatione,
658 1559 728 1624 quse
744 1549 921 1606 reservatur
937 1545 969 1606 S.
986 1543 1094 1605 Ponti-

69 1641 137 1712 fici,
163 1641 223 1702 nisi
242 1640 380 1721 praelatis
399 1641 546 1702 ordinum
567 1641 677 1702 datum
695 1641 791 1702 fuerit
804 1643 857 1722 jus
876 1641 964 1702 illam
983 1659 1096 1703 conce-

71 1739 185 1802 dendi.
200 1739 309 1800 Gausae
322 1738 564 1818 dispensationis
578 1745 651 1800 sunt
668 1757 675 1799 ε
692 1739 840 1801 debilitas
855 1740 1007 1819 eorporis,
1023 1739 1097 1800 odia

71 1843 106 1897 et
121 1836 302 1898 simultates
315 1855 385 1916 quae
399 1837 481 1898 forte
496 1837 529 1897 in
544 1835 653 1898 ordine
669 1837 859 1914 excitantur,
877 1837 1018 1917 collapsa
1031 1837 1096 1898 dis·

73 1934 198 2015 ciplina
211 1935 244 1996 in
259 1935 407 1998 ordine...

134 2034 168 2093 3ο
195 2033 371 2112 Religiosus
395 2033 557 2094 certiorari
577 2033 673 2094 debet
693 2033 732 2095 de
757 2053 886 2096 assensu
908 2033 1094 2096 monasterii

73 2132 163 2212 qnod
183 2131 308 2209 ingredi
331 2132 392 2192 sibi
412 2131 574 2211 proponit,
599 2136 769 2211 antequam
793 2150 885 2192 suum
908 2125 1097 2194 conventum

73 2231 289 2309 derelinquat,
314 2248 354 2290 ne
371 2230 453 2291 forte
475 2237 547 2310 post
569 2230 742 2290 discessum
760 2236 895 2307 vagetur
912 2231 945 2291 in
967 2231 1095 2311 saeculo,

73 2329 181 2408 sitque
194 2328 334 2408 periculo
349 2329 516 2409 apostasia
530 2328 702 2408 expositus
720 2329 767 2388 lta
781 2329 841 2388 luit
853 2321 875 2388 'a
887 2328 1003 2389 Sancta
1015 2329 1096 2390 Gon·

72 2427 259 2505 gregatione
272 2426 445 2506 provisum,
461 2431 493 2486 et
508 2426 547 2486 ab
564 2426 693 2488 Urbano
707 2426 775 2487 Vlll
789 2425 1005 2487 constitutum.

137 2526 305 2598 Gaeterum,
322 2543 395 2585 cum
410 2523 517 2584 multae
534 2524 648 2603 asapius
664 2524 821 2586 orirentur
835 2523 1048 2599 difficultates,
1067 2532 1098 2586 et

72 2625 164 2686 locus
177 2623 307 2684 daretur
321 2622 489 2696 scandalis,
505 2641 563 2682 usu
579 2626 610 2681 et
624 2620 706 2700 stylo
719 2621 816 2683 curiae
829 2639 971 2695 romanae
983 2623 1095 2684 induc-

73 2729 144 2783 tum
156 2727 214 2796 est,
237 2726 275 2782 ut
292 2738 386 2781 nemo
396 2721 530 2781 transire
549 2719 664 2781 debeat
679 2720 718 2780 de
735 2737 799 2780 una
809 2719 964 2800 religione
978 2721 1011 2782 in
1025 2721 1099 2784 alta·

76 2839 159 2896 ram,
174 2821 240 2880 sine
255 2817 386 2880 licentia
401 2819 433 2880 S.
451 2818 549 2880 Sedis.

137 2917 231 2980 Nota.
249 2919 280 2978 1ο
292 2915 483 2995 -Religiosi
497 2920 697 2976 transeuntes
710 2916 751 2977 ad
760 2915 859 2978 alium
870 2917 1014 2978 ordinem
1024 2936 1098 2997 pos·

78 3022 153 3090 sunt
167 3033 274 3078 secum
284 3014 413 3076 deferre
430 3031 488 3074 sua
502 3013 718 3092 manuscripta
733 3031 826 3075 sensu
843 3033 940 3094 supra
955 3015 1098 3094 exposito

79 3117 128 3194 (n0
142 3115 226 3194 ΠΒ).

139 3210 330 3274 Monialibus
341 3210 432 3270 reddi
446 3210 540 3272 debet
552 3210 609 3271 dos
623 3228 720 3288 quam
735 3211 920 3286 attulerunt,
937 3212 963 3272 si
976 3211 1097 3292 absque

80 3311 152 3373 dote
171 3309 270 3390 recipi
290 3314 449 3388 nequeant
468 3308 501 3368 iu
521 3307 584 3368 alio
602 3307 850 3381 coenobialium
868 3314 978 3370 votum
996 3310 1100 3390 prima

540 3411 545 3433 l

80 3454 253 3517 Privilaginm
265 3451 410 3504 Ordinibus
426 3451 643 3503 mendicantibus
660 3465 819 3502 concessum
831 3452 986 3504 refectoria
999 3455 1098 3505 consti-

85 3531 189 3581 tutione
201 3529 309 3581 Martini
324 3529 358 3580 lV
371 3528 444 3579 Viam
459 3527 604 3577 ambitiosa
616 3529 638 3589 1,
648 3543 681 3578 ou
691 3528 876 3590 Rssurnnrnns,
890 3529 997 3580 Extrav.
1011 3544 1099 3592 com.;

82 3607 127 3656 ubi
143 3609 252 3656 vetatur
270 3604 322 3654 sub
340 3616 423 3668 paena
438 3603 734 3665 excommunicationis,
749 3616 783 3652 ne
800 3603 941 3668 religiosus
955 3619 988 3656 ex
1007 3607 1101 3656 ordine

82 3686 289 3738 Mendicantium
305 3695 535 3748 quorumcumque
549 3681 578 3732 in
592 3683 732 3733 ordinibus
747 3685 914 3747 monasticis,
928 3685 1020 3736 ordine
1035 3685 1101 3736 Car·

83 3762 248 3813 cluniensium
267 3761 403 3810 duntaxat
421 3761 534 3822 eccepto,
548 3758 702 3822 recipiatur,
722 3759 825 3824 absque
846 3759 873 3813 S.
889 3761 965 3812 Sedis
983 3761 1072 3812 licent'

914 3865 958 3919 l7.
