2632 4260
211 277 246 335 bil
586 282 662 330 elas
682 281 718 330 11.
739 281 867 330 utemur.

175 411 178 415 ’
212 400 306 463 nibus
318 399 436 462 initiati
451 403 535 473 sunt,
551 397 650 460 vitam
666 397 782 476 agendi
792 417 850 460 sua
860 397 1026 460 vocatione
1043 399 1186 480 dignam,
1198 408 1236 462 ut

211 518 275 562 non
299 499 404 560 minus
432 496 645 578 praefulgeant
677 515 804 558 morum
831 496 970 575 puritate
993 497 1076 558 inter
1102 505 1240 562 caeteros
1300 528 1301 616 p

214 593 450 669 Christitideles,
475 612 571 675 quam
600 593 755 674 dignitate
786 599 888 656 status
917 596 1138 675 praeminent.
1171 599 1241 671 Ouo
1300 623 1301 654 ;

215 695 330 758 certius
342 696 428 756 hunc
440 694 775 772 finemassequantur‚
787 693 931 755 Ecclesia
944 693 1060 756 multas
1074 695 1162 774 leges
1172 715 1245 758 sau·

216 791 301 867 civit,
319 811 456 872 quarum
475 791 543 852 aliae
558 808 742 852 communes
757 797 832 852 sunt
852 792 1000 853 omnibus
1018 792 1150 870 clericis,
1170 792 1245 854 aliae

216 896 328 951 autem
344 891 386 952 ad
404 889 492 951 varia
510 889 616 950 officia
631 888 779 951 attinent.
795 889 840 950 De
856 890 1017 969 prioribus
1040 889 1245 953 solummodo

216 988 249 1048 in
264 989 326 1050 hoe
346 988 487 1049 articulo
506 987 667 1062 dicemus;
684 985 772 1065 quod
786 986 871 1047 enim
890 986 931 1048 ad
949 1006 1046 1048 onera
1063 987 1248 1050 officiorum

219 1085 342 1161 attinet,
369 1085 449 1147 alibi
469 1084 651 1164 exponitur,
673 1083 729 1144 ubi
749 1083 900 1148 nimirum
916 1085 955 1146 de
972 1085 1199 1166 jurisdictione
1215 1091 1248 1148 et

219 1184 259 1245 de
271 1183 443 1246 benefieiis.

165 1354 168 1358 ,
261 1282 414 1344 Omnibus
434 1267 589 1361 promotis
604 1281 645 1342 ad
665 1299 771 1342 saeros
791 1280 918 1342 ordines
934 1286 1129 1360 praecaptum
1145 1285 1249 1342 estut

217 1380 354 1442 orationi
369 1379 507 1459 publicae
529 1383 654 1454 vacent,
677 1377 857 1438 castitatem
879 1382 1015 1452 servent,
1041 1383 1073 1438 et
1095 1378 1251 1440 delerant

221 1477 367 1537 habitum
384 1476 581 1550 clericalem
599 1475 711 1536 iisdem
727 1475 849 1535 clericis
864 1474 950 1553 leges
966 1475 1127 1536 canonicae
1143 1475 1247 1537 inter·
1303 1485 1304 1532 l

223 1575 375 1636 dixerunt
397 1593 469 1655 quae
489 1575 541 1636 vel
556 1593 575 1635 a
590 1592 646 1634 suo
663 1573 768 1634 officio
784 1591 839 1634 eos
860 1572 1070 1647 retraherent,
1094 1573 1144 1633 vel
1165 1574 1252 1653 peri·

175 1735 176 1740 ,
224 1672 296 1734 culo
309 1673 358 1733 sui
372 1678 472 1734 status
485 1675 693 1752 exponerent,
709 1670 757 1732 uti
772 1675 845 1730 sunt
860 1687 867 1730 τ
884 1668 1080 1731 cohabitatio
1095 1689 1168 1732 cum
1181 1689 1253 1734 mu-

223 1769 365 1844 lieribus,
380 1771 476 1832 noxia
492 1770 641 1850 quaedam
659 1768 906 1842 oblectamenta,
924 1768 1090 1830 saecularia
1105 1769 1251 1848 negotia,
1304 1804 1305 1886 p

226 1867 266 1929 de
282 1867 398 1948 quibus
413 1888 499 1929 nunc
513 1867 676 1948 sigillatim
692 1866 911 1928 disserendum
927 1869 984 1928 est.
1088 1943 1092 1950 ,
1304 1895 1305 1936 ι

437 2077 453 2152 ξ
470 2077 498 2135 1.
517 2109 556 2120 -
571 2074 617 2136 De
630 2074 808 2136 recitatione
823 2072 923 2134 divini
936 2072 1044 2154 officii.

290 2253 360 2315 334.
378 2287 419 2297 -
433 2252 623 2330 Quaestionis
642 2252 833 2314 solutionem
856 2249 1048 2311 remittimus
1068 2250 1108 2312 ad
1125 2250 1257 2313 tertiam

230 2355 354 2430 partam
368 2350 613 2425 Praelectioaum,
630 2349 663 2409 iu
679 2368 741 2428 qua
755 2347 925 2410 dicendum
940 2349 1001 2409 erit
1015 2347 1050 2408 de
1074 2346 1188 2430 Officio
1206 2347 1258 2410 dc*-

231 2449 311 2525 ve'ao,
328 2453 365 2509 ut
379 2453 502 2510 cunetae
517 2446 708 2526 quaestiones
721 2445 893 2524 historica,
906 2445 1098 2508 doctrinales
1110 2463 1148 2507 ac
1158 2465 1257 2527 prae·
1303 2523 1306 2530 1

230 2545 302 2606 ticae
318 2563 390 2625 quae
406 2547 444 2606 ad
460 2545 601 2607 officium
615 2543 779 2624 publicum
792 2545 975 2605 referuntur
990 2549 1022 2606 et
1037 2549 1111 2605 sunt
1125 2544 1213 2607 iuter
1224 2563 1259 2607 se

233 2659 397 2718 counexae,
415 2643 510 2704 simul
522 2646 766 2724 pertractentur.

486 2849 548 2928 52.
566 2882 606 2892 -
621 2847 668 2908 De
684 2846 822 2908 restitute
835 2844 994 2907 servanda.

297 3040 368 3101 335.
385 3073 424 3084 —
441 3037 779 3114 Quielere'citeaeaatur
790 3037 1145 3114 continentiomseroare,
1156 3047 1187 3100 et
1200 3059 1263 3101 aa·

239 3136 346 3200 meum
360 3135 480 3198 oriatur
491 3136 552 3198 leae
567 3135 733 3218 obliputio?

299 3237 414 3298 Omnes
429 3235 537 3297 clerici
553 3235 729 3314 majoribus
748 3235 913 3297 ordinibus
926 3232 1053 3308 initiati,
1069 3231 1104 3293 in
1118 3233 1267 3299 Ecclesia

240 3333 362 3409 Latina,
385 3337 534 3394 tenentur
552 3339 742 3414 perpetuam
764 3332 991 3395 continentiam
1016 3348 1152 3406 servare,
1179 3333 1265 3396 adeo

241 3435 277 3490 ut
294 3450 351 3491 nee
366 3438 438 3511 post
452 3436 635 3510 susceptum
651 3432 784 3494 ordinen
799 3429 1037 3496 matrimonium
1052 3428 1159 3490 valide
1181 3448 1264 3493 con·

240 3526 380 3604 trahere,
396 3548 455 3591 noo
469 3529 674 3591 matrimonio
695 3535 768 3592 ante
784 3528 1015 3591 ordinationem
1032 3531 1198 3590 contracto
1214 3530 1267 3591 uti

241 3622 326 3687 licite
336 3627 468 3704 possint.

304 3722 480 3786 Concilium
503 3723 724 3790 'tridentinum
744 3725 947 3792 anathemate
961 3719 1098 3806 percutit
1115 3721 1189 3786 illos
1206 3729 1266 3807 qui
