2604 4274
168 290 237 338 ΛΒΤ.
258 291 280 339 l.
301 292 390 340 culco
410 293 447 340 E'l
467 293 566 372 IOEMA
587 293 686 342 olvlru
706 294 827 344 orrlctl.
955 291 1003 345 392

85 425 129 466 tm
148 407 255 468 caeteri
277 407 424 488 Episcopi
447 409 606 489 subjectos
629 409 688 472 sibi
706 411 919 474 Ecclesiarum
938 431 1007 474 rec-

85 522 116 564 es
136 504 357 584 obtemperare
378 507 428 567 his
448 507 696 570 institutionibus
715 517 841 588 cogant.
869 534 885 567 »

88 619 191 680 quum
223 604 352 664 omniuo
373 605 433 665 fuit
452 611 488 665 ut
502 607 614 667 eadem
639 625 768 686 prorsus
793 608 915 670 ratione
947 627 1008 688 qua

85 700 111 759 li
129 701 342 778 provinciales
361 703 565 764 enitebantur
585 704 735 766 inducere
758 707 1007 768 uniformitatem

85 799 165 860 »linae
180 801 283 862 cultus
296 819 353 880 per
364 801 570 880 provinciam,
587 803 703 864 Sancta
714 804 899 883 Apostolica
914 805 1008 866 Sedes

85 916 126 956 sm
139 899 425 978 perfectioremque
437 900 593 961 studuerit
602 902 850 963 uniformitatem
860 903 1008 963 inducere

85 1013 202 1056 »mnam
222 996 471 1076 patriarchatum
495 999 640 1060 Ecclesiae
663 1001 822 1074 Romanae,
846 1001 955 1062 Matris
976 1005 1009 1062 et

85 1097 152 1154 urae
174 1093 310 1154 aliarum
335 1095 556 1156 Ecclesiarum.
586 1097 730 1158 Periculo
753 1097 849 1176 igitur
869 1099 1021 1186 variola-v

85 1191 154 1251 itus
176 1192 353 1253 remedium
374 1194 497 1268 afferre,
515 1212 638 1255 necnon
653 1195 865 1256 Ecclesiarum
879 1195 1008 1257 utilitati

85 1288 168 1365 lere,
187 1291 337 1353 continuo
353 1291 461 1353 labore
476 1291 607 1365 curavit,
624 1293 839 1371 promovendo
855 1293 1009 1354 unitatem

85 1387 142 1448 Ia:
161 1409 175 1446 ιι
189 1390 263 1450 Haec
278 1407 403 1470 semper
417 1391 555 1467 luerunt,
572 1390 616 1451 ait
627 1389 840 1467 Mabillonius,
857 1391 1010 1451 erdentIs-

88 1505 108 1544 a
127 1487 234 1547 studia
256 1488 310 1550 SS.
333 1487 524 1550 Pontificum
540 1493 581 1548 ut·
596 1490 747 1549 Romame
768 1488 916 1548 Ecclesiae
931 1487 1008 1547 ritus

85 1603 94 1642 s
109 1585 259 1646 Ecclesiis
274 1587 530 1665 approbarentac
541 1586 778 1665 persuaderent,
789 1586 859 1662 ratI,
875 1585 908 1646 id
923 1585 1008 1664 quod

85 1703 103 1756 ι,
112 1701 166 1743 eas
176 1683 301 1744 facilius
314 1685 347 1744 In
356 1703 420 1744 una
434 1684 510 1745 fidei
523 1688 712 1764 morumque
722 1684 903 1756 concordia,
914 1687 1008 1762 atquc

85 1780 178 1858 cquio
192 1782 339 1843 Ecclesia
357 1782 715 1860 Romanaeperstituras,
732 1781 759 1841 si
774 1781 893 1842 eisdem
909 1799 1006 1842 caere-

85 1877 152 1952 niis,
167 1879 341 1958 eademque
357 1897 519 1940 sacrorum
533 1879 637 1941 forme
652 1877 899 1940 continerentur.
917 1901 933 1934 »
952 1877 1010 1958 (De

85 1976 133 2053 pic
151 1973 320 2049 Galbiana,
341 1977 501 2052 Praelatio,
518 1983 553 2035 n⁰
571 1975 615 2056 E.)
630 1975 790 2036 Nonnulla
802 1976 887 2036 facta
900 1975 1010 2055 paucis

85 2091 108 2132 ·e
126 2073 221 2135 liccat
235 2074 267 2134 in
283 2071 378 2144 h'uius
393 2073 574 2134 assertionis
586 2073 873 2136 confirmationem.
1008 2062 1010 2066 ¹

97 2173 229 2232 Ineunte
245 2172 360 2233 saeculo
374 2180 417 2245 ιθ,
431 2177 558 2233 sanctus
572 2171 772 2232 Innocentius
784 2173 809 2246 I,
823 2171 855 2231 in
868 2171 1009 2250 Epistola

87 2269 168 2329 lebri
181 2269 222 2330 ad
235 2269 430 2343 Decentium,
445 2276 574 2350 questus
588 2268 834 2330 cotrarietatem
847 2268 1008 2328 inductam

86 2397 87 2404 ι
102 2368 135 2427 in
151 2367 316 2428 ordinibus
331 2374 362 2428 et
377 2367 677 2443 consecratIonibus,
702 2366 777 2426 dum
793 2364 1007 2444 unusquisque

87 2466 158 2544 prod
170 2466 323 2526 traditum
336 2485 355 2526 a
370 2471 479 2527 sancto
494 2469 599 2540 Petro,
616 2483 637 2525 a
655 2483 718 2544 quo
734 2481 845 2524 omnes
859 2462 1013 2523 Ecclesie

87 2564 171 2624 ,entis
186 2564 307 2625 habent
321 2563 487 2641 originem,
513 2564 568 2624 scd
590 2563 675 2641 quod
696 2561 756 2621 sibi
774 2560 877 2620 visum
897 2559 1005 2634 fuerit,

88 2662 206 2722 estimat
227 2679 294 2722 esse
314 2661 496 2723 tenendum.
520 2660 623 2723 Verba
642 2658 817 2721 Innocentii
830 2658 1012 2718 referuntur

91 2779 123 2818 m
154 2760 195 2820 ad
220 2761 299 2820 rilus
326 2759 572 2820 sacramentales
594 2775 674 2839 quos
701 2755 843 2821 Ecclesia
866 2758 1010 2816 Romana
1096 2821 1099 2829 ,

88 2863 161 2919 erat
175 2858 428 2918 atradItionibus
444 2857 478 2917 B.
497 2856 593 2932 Petri,
611 2861 666 2917 aut
679 2853 908 2915 venerabilium
922 2853 1010 2914 Petri

89 2974 221 3030 ssorum,
238 2956 293 3017 sed
308 2955 384 3016 satis
398 2955 560 3016 insinuant
577 2958 708 3016 cunctos
722 2950 886 3012 Antistitcs
900 2951 1007 3012 Eccle-

89 3075 114 3114 n
142 3054 383 3116 occidentalium
407 3053 488 3113 nibil
510 3051 686 3113 ordinatius
709 3056 835 3111 acturos
863 3049 896 3108 in
920 3067 1009 3109 sacra

89 3153 136 3228 ia,
151 3171 245 3232 quam
261 3151 287 3212 si
299 3151 447 3213 Ecclesioe
463 3153 613 3212 Romanae
626 3149 705 3209 ritus
719 3153 844 3209 servent
858 3164 873 3206 :¹
884 3169 899 3202 (ι
913 3147 1011 3224 Opor-

101 3269 153 3311 eos
172 3249 271 3329 sequi,
295 3249 340 3310 ait
361 3249 573 3321 Innocentius,
595 3247 681 3326 quod
704 3244 845 3306 Ecclesia
866 3245 1008 3303 Romana

90 3349 179 3409 studit
211 3366 231 3409 a
266 3365 331 3426 qua
358 3363 412 3408 eos
448 3345 639 3424 principium
676 3342 834 3421 accepisse
868 3358 934 3400 non
961 3344 1008 3400 est

91 3447 168 3508 sium
192 3463 202 3507 ·.
228 3463 269 3506 nc
301 3445 377 3505 dum
405 3443 579 3522 peregrinis
613 3439 838 3502 assertIonibus
865 3437 1003 3511 student,
1059 3523 1062 3529 Ι

91 3551 134 3606 »ut
152 3543 382 3604 institutIonum
403 3541 572 3602 videantur
590 3539 736 3602 omittere
761 3537 784 3596 ¹.
809 3561 823 3591 »

92 3755 183 3811 ratast,
199 3747 324 3812 Epistola
339 3747 410 3798 Rom.
430 3745 601 3809 Pontificum,
620 3746 676 3804 855,
692 3743 748 3794 856.
