2588 4276
236 219 289 271 242
574 225 650 272 Plus
669 227 703 272 ll.
725 226 912 272 assiluimus.

236 341 470 421 provinciarum
481 341 596 402 unione
609 346 640 403 et
654 341 819 416 divisione,
835 346 870 402 ut
885 340 970 420 quod
984 337 1110 418 praelati
1121 339 1227 416 regula-

236 459 286 501 res
299 460 371 502 1111
382 439 528 519 capitulis
541 441 738 516 definierant,
750 439 865 519 majori
875 437 1227 512 stabilitatefirmaretur3

236 539 313 618 quin
333 539 440 614 etiarn,
457 539 490 598 in
509 538 669 599 nonnullis
688 539 803 600 harum
828 537 1090 599 constitutionum
1102 536 1228 597 indicitur

115 666 116 670 =
236 637 447 698 necessariam
471 637 600 699 omnino
621 656 688 699 esse
703 637 925 699 auctoritatem
949 637 1075 700 Sanctae
1098 636 1182 698 Sedis
1206 640 1230 694 ut

235 735 363 795 valeant
372 736 597 814 praefinitioncs
608 731 857 815 provinciarum.
871 735 906 795 ld
917 753 983 814 prae
999 733 1122 796 caeteris
1133 733 1229 794 indicat

237 833 423 894 Constitutio
438 834 613 895 iunocentii
626 836 666 894 Xl
680 811 819 915 sejuncti
828 833 911 895 111111
928 833 1085 907 dicicitur,
1097 851 1148 892 an.
1160 832 1228 890 ldll.

236 932 347 992 Relata
354 932 565 1012 postulatione
579 933 753 994 Gardinalis
768 932 888 993 Nicolai
904 931 1052 994 decisioli
1064 928 1230 1010 protectoris

236 1029 353 1090 ordinis
367 1031 525 1092 Minorum
535 1031 801 1110 capuccinorum,
815 1030 854 1092 de
868 1030 1021 1092 divisione
1037 1028 1200 1108 provincia
1208 1028 1231 1086 in

236 1128 326 1202 duas,
343 1129 374 1189 S.
387 1129 534 1189 Pontifex
549 1127 629 1188 dixit
646 1147 653 1188 :
671 1152 686 1185 1
697 1129 774 1190 Gum
791 1134 896 1190 autem
910 1128 1068 1207 ejusmodi
1083 1126 1230 1188 divisiones

238 1250 254 1282 «
276 1226 511 1306 provinciarum
531 1227 652 1305 absque
672 1226 802 1305 speciali
824 1233 931 1288 nostro
958 1232 989 1287 et
1014 1225 1115 1304 hujus
1130 1227 1231 1288 Sancta

236 1347 252 1380 «
277 1324 365 1384 Sedis
374 1324 498 1384 indulto
511 1324 581 1386 fieri
596 1331 772 1404 nequeant;
786 1325 1058 1404 nobispropterea
1069 1323 1230 1384 (1111111111-

237 1443 253 1478 c
275 1421 390 1482 dinslis
409 1421 555 1482 Nicolaus
576 1422 738 1484 humiliter
757 1423 957 1502 supplicavit,
973 1427 1009 1482 ut
1029 1422 1063 1482 in
1083 1419 1231 1501 premissis

180 1599 182 1604 ,
238 1542 254 1575 «
277 1525 454 1598 opportune
469 1519 635 1598 providere
655 1526 686 1582 ct
706 1521 871 1598 indulgere
886 1521 924 1581 de
940 1520 1138 1600 benignitate
1157 1537 1229 1598 apos·

241 1639 255 1674 u
276 1617 373 1678 tolioa
387 1617 602 1695 dignaremur.
621 1643 637 1675 »
902 1695 903 1700 ἵ

296 1717 371 1776 Haec
382 1717 422 1776 sb
432 1716 520 1778 initio
532 1717 704 1780 constituta
718 1736 776 1797 pro
785 1718 944 1780 nonnullis
956 1717 1121 1780 ordinibus
1134 1714 1229 1778 mendi-

234 1819 390 1893 cantibus,
408 1825 538 1881 extensa
550 1820 663 1881 deinde
676 1822 813 1897 luerunt,
830 1821 922 1899 praxi
935 1822 967 1882 S.
982 1821 1136 1900 congreg.
1154 1820 1231 1893 Regu-

237 1917 362 1992 larium,
375 1918 415 1978 ad
426 1918 504 1980 alias
518 1919 699 1997 religiones.
711 1921 829 1981 Eadem
845 1919 1014 1982 reservatio
1029 1920 1117 1980 facta
1129 1919 1229 1980 Sancta

236 2017 322 2092 Sodi,
343 2017 500 2096 reperitur
517 2017 615 2079 etiam
635 2019 821 2098 consignata
839 2019 873 2078 in
894 2018 1018 2080 statutis
1039 2015 1230 2096 quarumdam

239 2114 528 2192 Congregationum
552 2117 763 2194 saecularium,
788 2137 818 2179 v.
845 2137 889 2196 g.,
912 2115 1227 2196 Redemptoristarun,

235 2213 446 2288 Maristarum,
463 2219 493 2275 et
509 2215 625 2275 sensim
638 2214 708 2276 aliis
722 2215 915 2294 applicatum
932 2215 1011 2277 adeo
1026 2219 1063 2274 ut
1076 2210 1229 2292 generatim

235 2311 406 2391 loquendo,
420 2311 497 2390 ipsae
513 2313 774 2390 congregationes
796 2313 972 2376 constitute
992 2331 1066 2374 oum
1078 2311 1156 2374 votis
1169 2308 1228 2368 siro·

235 2410 381 2488 plicibus,
398 2428 462 2470 non
482 2410 575 2472 aliter
594 2430 690 2490 quam
713 2412 842 2474 obtento
867 2409 998 2492 speciali
1019 2411 1153 2484 indulto,
1174 2423 1229 2468 suas

235 2508 413 2586 provincias
428 2509 517 2569 unire
531 2509 582 2570 vel
598 2509 737 2572 dividere
753 2511 981 2574 consueverint.

295 2607 366 2666 453.
377 2608 470 2667 —Ex
480 2607 570 2668 dictis
582 2608 723 2687 sequitur
735 2625 743 2668 :
754 2611 786 2668 1ο
796 2609 978 2686 Regulares,
991 2610 1046 2688 qui
1060 2609 1227 2670 conventum

235 2703 286 2764 vel
301 2704 474 2765 oratorium
495 2705 659 2784 publicum
677 2706 803 2784 erigunt
823 2725 887 2768 non
906 2707 1037 2778 servatis
1058 2704 1163 2766 formis
1170 2701 1226 2780 jure

235 2801 385 2882 praefixis,
402 2803 520 2882 absque
536 2804 922 2884 beneplacito'apostolioc
940 2813 972 2866 et
986 2822 1136 2884 expressa
1147 2800 1226 2862 11111-

235 2901 445 2981 tiallpiscopi,
456 2902 595 2980 graviter
605 2920 736 2980 peccare
747 2903 1041 2964 contrasancticnos
1051 2896 1224 2982 pontificias

235 3001 268 3060 2⁰
284 2998 438 3078 quidquid
459 2999 608 3076 neglectis
629 3001 861 3062 conditionibus
880 3004 1158 3080 presumpserunt,
1170 2991 1226 3054 irri-

235 3102 303 3159 tum
326 3115 393 3158 esse
414 3102 445 3157 et
463 3097 567 3170 inane,
591 3098 777 3178 nullumque
798 3105 1027 3179 consequenter
1054 3100 1108 3182 jus
1132 3089 1224 3158 exinde

133 3267 137 3274 ι
234 3196 311 3276 ipsis
334 3195 439 3256 tribui.
456 3195 603 3274 Episcopi
614 3202 745 3274 possunt
760 3216 814 3258 eos
829 3216 974 3260 coercere
988 3197 1126 3260 censuris
1143 3191 1224 3256 ecole-

234 3293 365 3356 siasticis
375 3299 410 3354 ut
426 3294 465 3354 ab
480 3293 624 3372 incoeptis
645 3295 809 3370 desistant,
825 3303 856 3358 et
874 3317 913 3359 ne
926 3297 1085 3370 domibus,
1100 3313 1151 3356 seu
1165 3305 1220 3350 cra·

234 3393 323 3454 toriis
333 3393 479 3471 publicis
495 3397 609 3471 praeter
620 3393 673 3472 jus
689 3395 861 3474 aedilicatis,
875 3402 1016 3460 utantur.
1148 3455 1150 3462 ,

295 3491 407 3552 Utrum
420 3491 488 3552 haec
501 3491 692 3571 applicanda
707 3494 769 3556 sint
787 3495 950 3556 ordinibus
965 3494 1157 3574 regularibus
1170 3482 1220 3564 qui,

237 3594 404 3668 postquam
417 3589 531 3667 injuste
544 3590 666 3668 eupulsi
678 3591 717 3652 de
729 3592 799 3654 loco
814 3594 944 3668 fuerint,
959 3593 1057 3656 autri
1072 3579 1220 3670 suppressi,
1260 3597 1261 3646 l

235 3687 402 3748 iterumad
416 3686 558 3750 civitates
572 3687 613 3754 de.
627 3689 741 3767 quibus
755 3692 963 3760 discesserant
977 3693 1119 3764 redeunt,
1130 3690 1221 3748 etron-
