2604 4274
341 197 350 226 t

69 309 72 314 .
117 273 196 320 ΛΒΤ.
218 271 264 318 111.
285 271 473 319 sensualem
492 272 531 319 AD
550 235 802 320 onnunnnrlonnu
822 273 988 321 FESTOHUM.
1027 267 1078 321 375

40 387 230 464 tationem,
248 409 345 470 opera
359 391 481 453 sarcilia
496 389 644 452 dicuntur
659 409 729 470 quoe
747 408 877 469 corpore
893 396 1081 452 exercentur

41 488 169 566 potius
195 507 292 567 quam
316 495 437 565 mente,
470 495 502 550 et
524 489 706 550 immediate
734 488 913 550 deserviunt
940 489 1081 568 corporis

43 586 174 646 usibus
197 605 233 648 ac
255 583 514 661 necessitatibus;
537 588 664 648 servilia
684 591 909 666 nuncupantur
929 587 1005 665 quia
1025 605 1083 666 per
1154 589 1157 598 '

45 702 172 744 servos
191 703 244 744 seu
264 685 476 746 mercenarios
495 685 771 759 exerceri-solent3
791 705 820 745 v.
839 702 869 762 g.
888 701 896 744 ε
914 702 1014 758 arare,
1031 685 1079 744 fo-

47 782 151 856 dere,
169 801 272 858 suere,
289 787 375 844 ete...
394 782 497 861 Opera
509 781 649 844 liberalia
663 783 812 843 dicuntur
826 799 896 860 quae
911 781 961 843 vel
976 787 1080 842 mente

49 881 242 958 praesertim
259 885 456 954 exercentur,
472 882 533 956 vel,
551 882 577 942 si
594 899 727 960 corpore
742 879 848 960 potius
863 884 1079 952 exerceantur,

50 977 144 1038 fiunt
159 983 269 1038 tamen
284 977 382 1037 animi
394 978 559 1039 excolendi
574 979 686 1056 gratia,
700 978 835 1057 ideoque
848 977 969 1038 homini
981 977 1082 1038 libero

52 1075 276 1149 conveniunt;
290 1094 320 1135 v.
334 1093 364 1152 g.
380 1093 389 1136 t
404 1076 541 1152 studere,
554 1076 679 1150 docere,
696 1076 843 1150 scribere,
857 1075 977 1151 venari,
992 1075 1079 1136 ete.'..

51 1172 133 1234 Alia
142 1172 274 1233 demum
285 1178 473 1252 reputantur
482 1174 593 1245 mixta,
606 1193 660 1234 seu
670 1173 848 1248 communio,
863 1172 938 1253 quia
950 1172 1082 1252 singulis

55 1289 156 1348 aeque
178 1277 367 1348 congruunt,
389 1271 486 1332 servis
504 1272 586 1332 sicut
602 1271 721 1332 liberis.
742 1273 840 1333 Porro
859 1271 912 1332 lex
931 1270 1083 1332 canonica

56 1368 232 1446 prohibuit
244 1369 420 1446 generatim
432 1387 471 1430 ne
481 1369 592 1430 diebus
602 1369 768 1430 dominicis
779 1373 811 1429 et
821 1368 938 1429 festivis
951 1369 989 1428 de
999 1385 1082 1446 prae-

59 1455 160 1545 cepto
189 1466 268 1526 fiant
291 1485 389 1545 opera
408 1465 530 1528 aerve'leir
554 1485 562 1527 :
585 1467 670 1528 unde
694 1466 836 1547 sequitur
862 1485 941 1545 opus
971 1465 1082 1525 servile

59 1564 219 1643 praesumi
236 1564 368 1624 vetitum
384 1565 457 1643 jure
478 1565 648 1641 communi,
670 1563 730 1624 nisi
748 1564 787 1624 sit
806 1563 947 1641 legitima
967 1563 1083 1641 proba·
1182 1553 1184 1564 ’

60 1668 164 1740 taque
185 1661 380 1722 consuetudo
395 1679 465 1740 quae
479 1661 559 1722 iliud
575 1662 645 1722 fieri
658 1662 767 1722 diebus
781 1661 900 1722 festivis
917 1659 1079 1721 concedat

61 1758 172 1836 Opera
196 1776 272 1817 vero
297 1758 442 1820 liberalia
465 1759 551 1820 licita
574 1765 647 1819 sunt
669 1758 861 1836 generatim
890 1763 1086 1837 quapropter

61 1854 156 1914 nulla
172 1854 205 1914 in
224 1855 328 1934 specie
345 1857 443 1917 vetita
461 1861 706 1935 presumuntur,
723 1855 784 1916 nisi
802 1855 841 1916 de
857 1855 920 1916 iliis
938 1854 1084 1916 statuerit

65 1952 120 2013 lex
135 1951 255 2034 aiiqua,
272 1972 326 2013 seu
341 1954 468 2014 firmata
482 1954 687 2017 consuetudo.

125 2051 160 2110 2⁰
180 2051 249 2110 Non
269 2051 385 2111 sufficit
402 2051 500 2130 igitur
524 2040 694 2112 advertisse
712 2056 860 2112 naturam
877 2050 1083 2111 intrinsecam

66 2165 213 2228 operm,
229 2148 291 2208 nisi
306 2148 402 2209 simul
416 2149 617 2210 attendamus
636 2149 677 2208 ad
690 2148 777 2227 leges
792 2149 971 2222 canonicas,
988 2153 1085 2228 atque

68 2246 110 2306 ad
125 2247 369 2307 consuetudines
384 2246 545 2325 probatas.
563 2246 648 2324 Opus
664 2246 778 2306 servile
798 2251 852 2306 aut
863 2245 993 2308 liberale
1008 2264 1084 2306 cen·

69 2346 155 2403 setur
170 2361 209 2402 ex
222 2362 281 2403 usu
295 2344 417 2424 patriae,
435 2343 661 2421 communique
680 2342 847 2403 hominum
861 2342 1080 2404 aestimatione.

74 2461 89 2498 u
103 2439 185 2500 Fieri
200 2441 294 2502 etiam
316 2447 432 2520 potest,
456 2446 588 2502 annotat
608 2441 768 2520 sapienter
785 2440 929 2516 Billuart,
948 2445 983 2499 ut
1000 2439 1083 2499 idem

74 2560 88 2594 α
106 2538 210 2617 operia
225 2557 324 2616 genus
337 2539 546 2600 diversimode
560 2540 690 2612 sactum,
714 2538 754 2598 sit
773 2538 884 2598 servile
899 2543 930 2598 et
945 2555 1009 2597 non
1023 2555 1086 2597 ser-

73 2658 88 2690 «
103 2635 180 2710 vile;
197 2655 228 2698 v.
246 2653 291 2713 g.,
306 2637 422 2715 piscari
435 2635 641 2697 recreationis
654 2655 749 2697 causa
764 2654 835 2696 oum
851 2635 1016 2708 arundine,
1032 2639 1085 2694 aut

74 2758 88 2787 «ι
107 2732 169 2794 levi
190 2739 268 2807 rete,
289 2751 353 2794 non
377 2738 525 2795 censetur
543 2734 674 2808 servile3
694 2734 810 2814 piscari
823 2751 899 2794 vero
914 2752 953 2794 ex
968 2732 1082 2804 officio,

75 2854 89 2886 (ι
102 2849 174 2892 oum
187 2849 304 2908 magno
320 2837 476 2911 apparatu
491 2837 523 2894 et
537 2832 658 2907 labore,
673 2837 818 2893 censetur
827 2831 949 2892 servile.
966 2854 982 2888 »

130 2928 211 2990 Sunt
226 2929 321 2989 etiam
331 2925 428 3008 opere
442 2928 587 2990 liberalia
601 2947 672 3009 quae
687 2930 828 3012 Ecclesia
840 2927 1004 3008 prohibuit
1016 2928 1085 2989 fieri

76 3025 183 3086 diebus
199 3027 364 3088 dominicis
379 3032 411 3087 et
423 3022 552 3101 festivis,
573 3027 648 3105 quia
665 3027 759 3088 nimis
772 3033 921 3089 amovent
944 3026 1085 3088 animum
1180 3035 1182 3040 '

76 3141 94 3184 a
106 3123 165 3201 piis
177 3125 281 3186 cuitus
295 3125 392 3185 divini
407 3125 574 3198 exercitiis,
587 3123 724 3186 seilicet:
740 3135 888 3188 mercatus
900 3130 931 3185 et
945 3125 1085 3202 artusjo-

76 3218 201 3282 dictales.
227 3223 292 3283 Sub
312 3222 441 3282 nomine
459 3226 617 3284 mercatus
634 3222 807 3298 generatim
831 3222 893 3282 tria
919 3220 1083 3282 eontinen—

75 3320 124 3378 tur
145 3335 153 3378 :
177 3319 209 3377 1⁰
234 3327 323 3380 aetus
342 3319 458 3398 privati
477 3319 603 3380 emendi
623 3325 654 3380 et
675 3319 847 3392 vendendi3
874 3323 906 3378 2⁰
927 3323 1087 3378 mercatus

77 3415 189 3494 publici
203 3419 259 3497 qui
268 3419 350 3478 fiunt
361 3418 571 3480 communiter
581 3418 713 3495 singulis
724 3417 918 3496 septimanis,
928 3416 969 3476 ad
979 3415 1084 3494 quoti-

78 3513 181 3576 dianas
195 3515 409 3591 necessitates,
420 3516 461 3576 ad
472 3533 550 3593 quos
562 3515 754 3576 conveniunt
764 3513 953 3575 hominesde
961 3512 1084 3588 vicino;

77 3611 106 3670 3ο
126 3611 273 3674 nundina
301 3631 372 3693 quae
397 3617 471 3673 sunt
494 3611 685 3692 plerumque
709 3614 748 3674 de
776 3613 869 3673 rebus
895 3611 1080 3688 majoribus,

76 3705 151 3769 fiunt
162 3711 259 3772 semel
274 3716 329 3772 aut
343 3728 417 3771 raro
429 3728 486 3790 per
499 3710 660 3773 annumin
675 3711 789 3773 eodem
801 3703 885 3784 locu,
903 3715 935 3771 et
950 3707 990 3770 ad
1005 3726 1086 3787 quas
