2568 4272
223 285 275 339 302
559 293 635 342 alas
655 293 690 340 11.
712 291 899 342 dodonaeus·

221 407 320 486 cibus,
341 427 413 488 quae
429 409 476 470 illi
492 410 524 470 in
546 415 685 470 mentem
708 413 857 470 revocent
876 409 1013 488 primam
1025 410 1225 485 vocationem,

219 525 354 588 eumque
372 511 520 569 tueantur
539 512 651 585 contra
670 507 813 587 pericula
833 508 954 570 mundi.
978 509 1037 582 oui
1051 527 1118 590 non
1140 514 1227 570 staret

218 605 450 668 conditionibus
468 606 634 686 impositis,
651 624 742 667 suam
757 606 982 670 conscientiam
1002 607 1144 686 graviter
1164 625 1226 668 one-

137 703 139 706 ’
219 710 313 766 reret.
402 737 405 743 ·

277 803 348 867 487.
365 839 404 849 -
418 805 471 878 ΙΨ
490 801 597 866 Utrum
609 802 987 884 religiosicongregatione
997 804 1093 886 ejecti
1104 805 1227 866 ecamen-

219 909 269 960 (αν
282 900 513 989 obligationibus
527 899 792 984 statueretque?
823 979 826 988 .

198 1025 200 1028 ’
277 1001 300 1062 l.
317 1000 375 1074 Qui
394 1000 561 1080 ejiciuntur
578 1019 595 1060 e
615 999 806 1072 monasterio
827 1019 883 1062 scu
904 989 1154 1081 congregatione
1166 1007 1226 1080 post

217 1105 291 1162 vota
308 1099 472 1180 simplicia,
495 1099 676 1160 exImuntur
696 1100 906 1161 communiter
926 1100 965 1160 ab
977 1100 1227 1178 'obligationibus

217 1203 316 1260 status
330 1198 480 1276 religiosi,
495 1198 559 1258 sive
575 1202 677 1261 avoto
691 1197 756 1260 sive
771 1217 790 1259 a
810 1199 927 1279 regulis
943 1198 1132 1280 procedant,
1151 1204 1182 1260 et
1193 1199 1226 1260 ad

217 1298 314 1358 vitam
326 1296 510 1358 saecularem
526 1295 730 1358 reducuntur.

275 1395 503 1474 Excipiandum
512 1399 618 1455 tamen
628 1394 908 1468 votumcastitatia
919 1395 945 1456 si
954 1395 1225 1478 illudperpetuum

217 1491 376 1552 emiserint
390 1491 545 1566 absolute,
562 1492 775 1556 abstrahendo
792 1494 1083 1574 astatureligioso.

202 1635 204 1639 a
276 1591 314 1651 II.
329 1589 479 1668 Religioni
489 1589 580 1669 ejecti
589 1595 661 1670 post
669 1596 744 1652 vota
753 1591 918 1674 solemma,
929 1596 1224 1658 remanentobnoxii
1247 1589 1249 1596 ’

218 1687 462 1766 obligationibus
482 1689 530 1750 sui
547 1695 658 1764 status,
677 1690 885 1770 quoadusque
906 1691 1104 1760 obtinuerint
1128 1693 1222 1754 indul-

217 1791 283 1846 tum
302 1786 522 1865 apostolicum,
537 1786 576 1848 de
596 1806 659 1867 quo
680 1807 777 1868 supra
797 1807 804 1849 :
827 1796 1024 1870 quapropter
1039 1797 1070 1852 1ο
1087 1797 1224 1854 tenentur

216 1903 249 1946 sc
264 1886 443 1960 emendare,
459 1891 495 1946 ut
518 1885 634 1947 iterum
651 1891 835 1965 mereantur
848 1887 980 1950 admitti
993 1890 1025 1950 in
1042 1895 1224 1952 conventum

216 1985 367 2059 fretrum;
385 1987 417 2046 2⁰
440 1985 562 2066 interea
575 1984 766 2063 obligantur
788 1985 852 2048 suis
870 1987 962 2061 votis,
980 2007 1052 2050 cum
1066 2008 1113 2052 co
1134 1990 1222 2050 solum

216 2083 394 2145 dIscrimine
407 2084 493 2163 quod
506 2089 616 2146 votum
631 2085 817 2148 obedientiae
826 2091 957 2146 seruent
969 2087 1150 2150 obediendo
1164 2089 1223 2167 lipi-

216 2200 311 2262 soopo
333 2181 395 2244 loci
413 2181 446 2242 in
466 2200 528 2261 qno
549 2184 684 2261 degunt;
709 2189 740 2245 et
757 2184 890 2264 possint,
907 2183 970 2246 nori
991 2185 1140 2250 obstante
1159 2192 1221 2250 voto

216 2281 424 2363 paupertatis,
446 2282 621 2362 acquirere,
650 2283 836 2362 possidere,¹
855 2289 1060 2361 commutare,
1091 2287 1221 2366 aliosque

216 2385 305 2442 actus
324 2380 517 2442 necessarios
536 2381 638 2442 fecere
661 2381 702 2442 ad
725 2382 774 2442 sui
795 2383 1073 2460 sustentationem
1104 2386 1137 2446 3⁰
1161 2389 1220 2444 sunl

215 2479 358 2561 suspensi
377 2499 399 2540 a
416 2479 629 2540 functionibus
648 2480 806 2556 ordInum‚
821 2485 852 2544 et
871 2481 1004 2544 vetitum
1019 2483 1098 2561 ipsis
1111 2483 1168 2544 fuit
1179 2483 1219 2542 in-

215 2579 310 2639 duere
323 2577 468 2640 habitum
481 2595 547 2643 sum
561 2577 733 2657 religionis,
750 2579 928 2659 usquedum
946 2587 1183 2645 reassumantur
1194 2581 1218 2640 in

215 2693 307 2736 suum
328 2679 528 2738 conventum.
549 2666 671 2758 (Gonst.'
686 2677 865 2758 Apostola'cae
882 2675 982 2741 Sedis.
1010 2680 1129 2742 Bened.
1152 2680 1217 2750 XIII,

214 2773 250 2834 de
265 2773 400 2854 Speculo,
415 2775 469 2838 lib.
487 2776 567 2852 XIII,
584 2794 654 2857 cap.
669 2793 714 2852 x1,
728 2775 766 2837 nr.
787 2778 895 2840 20-27.
912 2778 1062 2853 Ferraria,
1079 2786 1112 2844 v⁰
1126 2776 1220 2859 Ejeeta'

176 2865 179 2870 ’
215 2871 401 2952 rereligione,
416 2871 455 2933 na
478 2874 594 2956 lodo).
716 2944 718 2950 ¹

292 3078 464 3140 Aarrennus
487 3093 527 3140 va.
551 3111 590 3124 -
610 3079 655 3139 ltu
677 3079 828 3140 Rnerurns
849 3093 1145 3164 sraeusznnareuosr.

244 3265 246 3268 ’
273 3269 342 3330 lea.
361 3267 531 3329 -Ultima
546 3285 642 3349 quam
660 3267 863 3346 aggredImur
881 3269 1015 3349 queastio
1030 3271 1160 3350 requirit
1169 3287 1212 3330 ac·
1261 3279 1262 3306 l

214 3373 356 3430 curatam
371 3365 628 3446 explanationem
636 3363 717 3444 juris
730 3366 886 3442 canonici,
903 3367 935 3428 1⁰
950 3367 990 3430 de
1003 3363 1157 3448 potestate
1168 3387 1210 3428 su·

213 3467 373 3546 pariorum
394 3465 588 3544 regularium
608 3463 640 3522 in
659 3463 803 3525 ordinem
819 3482 913 3544 quem
928 3473 1044 3546 regunt
1058 3469 1135 3532 etin
1150 3467 1211 3528 reli·
1261 3469 1262 3540 I

214 3565 317 3642 giosos
337 3565 392 3644 qui
410 3564 470 3625 sibi
494 3562 685 3637 subduntur;
708 3566 741 3627 2⁰
761 3563 801 3626 de
823 3563 1042 3642 jurisdictione
1067 3565 1210 3647 Episcopis

214 3667 413 3741 competente
433 3663 466 3723 in
480 3662 658 3740 regularem
676 3663 709 3722 3ο
731 3647 860 3727 tandem
872 3663 1097 3750 deflprivilagiis
1112 3665 1209 3746 quibus
1261 3679 1262 3756 ἐ

214 3760 268 3822 SS.
283 3760 585 3822 Pontifiecsordincs
597 3759 793 3837 regularium
807 3760 978 3839 donarunt,
993 3769 1029 3826 ut
1040 3764 1110 3826 illos
1123 3763 1207 3842 ajuro
1261 3757 1262 3798 ³
