2642 4268
244 249 297 316 502
347 301 365 318 ,,
486 299 497 308 .
509 258 586 341 elus
605 257 653 310 111.
675 259 731 314 RES
751 257 991 334 scutellasrton.
1024 285 1039 326 ‚¹

246 401 262 437 u
281 373 401 463 pendia,
417 374 481 438 alio
491 383 580 458 purte
593 375 972 458 stipendiisibi-retenta...
988 375 1067 450 Quia
1081 393 1156 438 vero
1170 382 1250 438 recta

246 498 262 531 ιι
285 475 365 538 ratio
386 492 448 536 non
466 475 597 556 patitur,
619 495 658 540 ex
679 477 881 558 eleemosyna
898 476 940 539 ab
960 475 1117 556 Episcopo
1137 479 1249 553 taxata

247 597 263 629 «
285 591 356 653 quaa
378 573 494 652 exigua
515 593 582 652 esse
601 574 693 652 solet,
715 574 835 656 aliquid
857 574 982 637 detrahi
1002 574 1035 634 in
1055 575 1252 636 commodum

136 696 138 699 v
247 695 263 730 ιι
284 670 442 740 Ecclesiae·
461 671 728 738 eulministrantis
756 672 912 736 sacerdoti
942 685 1033 734 sacra
1059 671 1251 746 indumenta,

247 793 263 826 u
285 769 410 849 aliaque
432 769 594 846 utensilia
614 771 654 834 ad
676 771 778 836 Missae
803 771 1049 839 celebrationem
1070 769 1253 842 necessaria,

248 893 263 925 ιι
284 868 346 930 hac
364 868 404 930 de
421 886 518 932 causa
531 870 677 932 Urbanus
690 871 757 936 VIII
772 869 913 934 decrevit
929 868 1010 934 nihil
1027 886 1065 929 ex
1085 867 1254 947 eleemosy-
1307 911 1308 966 ,

248 991 263 1024 ιι
285 967 341 1028 nis
340 961 547 1035 manualibus
559 987 626 1030 esse
641 987 678 1033 eo
694 968 822 1030 nomine
838 943 1081 1030 detrahendum.
1097 987 1113 1028 ιι
1131 964 1190 1048 (Oe
1200 963 1308 1047 Sy

246 1063 336 1141 eodo,
348 1065 404 1138 lib.
417 1068 536 1160 V,oop
550 1084 595 1143 ts,
607 1067 651 1131 n¹⁸
664 1069 694 1140 3,
705 1066 950 1146 I.)Gonstitutio
963 1063 1149 1150 Apostolr’cae
1162 1062 1255 1132 Sede.

245 1182 353 1227 recens
373 1163 588 1245 promulgata,
609 1165 751 1229 declarat
768 1163 1165 1228 excommunicationem¹
1155 1181 1257 1224 incur-

245 1281 314 1358 rere
340 1265 373 1331 S.
402 1263 548 1330 Pontifici
576 1269 766 1328 reservatam
791 1288 807 1322 «
832 1264 1024 1344 colligentes
1045 1263 1258 1342 eleemosynas

248 1385 265 1419 ιι
287 1361 416 1442 majoris
439 1368 510 1442 pret
511 1362 533 1424 ii
556 1382 614 1442 pro
636 1363 736 1425 Missis
760 1370 793 1424 et
815 1381 855 1424 er
876 1363 914 1424 iis
935 1362 1061 1424 lucrum
1085 1365 1257 1440 captantes,

248 1487 264 1521 «
285 1460 431 1526 iaciendo
451 1479 504 1524 aas
523 1461 704 1529 celebrari
695 1482 728 1526 ιιι
739 1461 824 1530 locis
844 1461 906 1526 ubi
918 1460 1087 1527 Missarum
1108 1458 1259 1586 stipendia

200 1623 202 1626 .
245 1553 263 1617 ‘u
286 1559 415 1623 minoris
430 1559 605 1639 pretiiesse
621 1561 766 1624 solent».
840 1595 843 1600 ,
871 1597 872 1604 ι
1308 1525 1309 1572 t

258 1657 598 1728 .Excommunicatio
613 1659 833 1739 restringenda
845 1665 891 1722 est
906 1659 947 1725 ad
959 1659 1071 1720 llissas
1086 1657 1257 1734 manuales,
1308 1673 1309 1678 ¹

244 1761 283 1839 ut
282 1775 294 1817 1
269 1756 507 1822 tconcluditur
521 1777 560 1820 ex
569 1754 908 1841 BullaBenedictiXIII
919 1777 958 1819 ex
974 1775 1039 1837 qua
1049 1757 1123 1820 haec
1135 1775 1260 1818 censura

246 1861 351 1918 ortum
371 1855 471 1933 duxit,
487 1861 520 1921 et
538 1874 578 1918 ex
595 1856 700 1921 verbis
719 1855 898 1937 rolle'qeetes.
918 1857 1042 1918 -Non
1060 1855 1163 1919 aflicit
1175 1855 1258 1916 illum

149 1966 154 1978 ’
247 1951 303 2036 'qui
319 1953 412 2016 unius
426 1959 481 2016 aut
495 1943 671 2035 paucorum
685 1940 915 2035 stipendiorum
931 1958 1175 2038 parte-retenta,
1189 1952 1259 2013 llis·

247 2071 315 2124 scm
328 2059 419 2116 curat
432 2053 473 2114 ab
488 2051 589 2116 altero
602 2051 764 2116 sacerdote
779 2052 952 2128 celebrari;
966 2053 1066 2122 verba
1081 2051 1163 2134 enim
1176 2049 1252 2124 rolli-

245 2161 347 2240 geates
375 2151 603 2233 eleemosynas,
630 2151 771 2220 indicare
800 2152 948 2219 videntur
976 2131 1100 2231 a'givde
1130 2149 1256 2231 quadam

218 2285 221 2294 Δ
247 2249 376 2330 copiosa
398 2250 573 2332 quantitate
597 2249 828 2332 stipendiorum
851 2249 1040 2332 colligenda,
1056 2267 1133 2330 usn,
1147 2265 1257 2310 merca·

249 2355 340 2423 tura,
354 2348 395 2410 ad
410 2354 531 2412 certum
542 2349 667 2414 luorum
683 2331 876 2416 faciendum.
890 2351 1005 2412 —Nec
1020 2347 1122 2410 efficit
1137 2364 1259 2410 censura

248 2466 301 2510 eos
313 2447 368 2530 qui
380 2447 532 2526 coIIIgnnt
544 2447 762 2530 eleemonysas
777 2449 946 2521 missarum
957 2453 990 2510 et
1000 2465 1056 2510 cas
1071 2445 1153 2508 alibi
1166 2451 1258 2508 trans·

248 2545 388 2622 miltunt,
412 2549 447 2607 ut
467 2563 630 2609 excessum
651 2546 839 2628 Impendent
859 2546 893 2608 in
913 2564 989 2610 usus
1007 2543 1089 2626 pios,
1112 2543 1258 2623 siquidem

248 2642 281 2706 in
294 2643 519 2707 constitutione
532 2644 695 2726 pontificia
705 2645 745 2707 dc
755 2645 805 2706 bis
816 2645 920 2708 solum
930 2642 1102 2724 agiturqui
1116 2642 1259 2722 colligunt

250 2741 290 2802 ad
308 2740 432 2804 lucrum
453 2742 643 2804 iaciendum.
661 2777 701 2790 -·-
715 2745 763 2806 An
778 2743 989 2810 necessarium
1004 2742 1055 2818 sit,
1071 2747 1110 2804 ut
1125 2741 1259 2804 incurra-

249 2844 301 2900 tur
315 2858 458 2916 censura,
475 2841 629 2922 stipendia
648 2841 823 2907 transmitti
840 2860 857 2903 e
876 2842 947 2904 Ioco
966 2841 1023 2903 ubi
1041 2839 1181 2907 collecta
1198 2843 1260 2898 sunt

249 2937 283 2999 in
305 2937 410 3020 aliurn*
424 2939 542 3020 Iocum,
562 2959 627 3009 non
648 2940 849 3018 consentiunt
867 2940 1056 3021 interpretes
1075 2938 1191 3004 surra.
1209 2934 1260 2998 Ilii

250 3042 381 3116 negant,
403 3037 478 3118 quia
490 3039 572 3104 ratio
588 3045 620 3102 et
636 3038 707 3104 finis
725 3039 804 3118 legis
824 3039 959 3102 suadent
977 3037 1100 3102 nullum
1116 3053 1187 3098 esse
1202 3033 1261 3096 dis·

251 3137 369 3204 crimen
395 3137 603 3200 substantiale
631 3144 777 3218 respectu
805 3136 879 3200 loci.
904 3135 967 3198 Alii
993 3134 1171 3209 affirmant,
1196 3131 1261 3214 quia

251 3229 349 3306 verba
363 3235 441 3316 legis
454 3233 594 3316 furiendo
612 3235 760 3308 celebrari
775 3236 808 3298 irc
823 3235 895 3300 locis
912 3232 968 3296 ubi
977 3231 1132 3314 stipendio
1146 3231 1261 3294 minoris

247 3332 422 3415 pestilerae
439 3334 544 3411 solent,
565 3335 701 3399 innuunt
720 3335 773 3414 agi
792 3334 831 3396 de
850 3332 926 3398 Iocis
946 3330 1077 3398 diversis
1095 3331 1140 3392 ab
1159 3347 1197 3392 eo
1215 3327 1261 3390 ubi

253 3431 397 3494 collectio
423 3433 508 3495 lacta
531 3438 588 3495 est.
612 3435 659 3495 Ita
679 3433 843 3496 AvanzIni.
866 3433 945 3494 Cum
967 3430 1000 3514 ia
1022 3427 1135 3490 odrbsis
1156 3428 1209 3490 Iex
1228 3426 1261 3486 sit

254 3529 408 3593 sumenda
430 3531 579 3618 strictiori
603 3549 706 3606 sensu,
730 3530 804 3592 Iruic
824 3527 1084 3609 interpretatIoni
1104 3527 1259 3590 adbaerere

255 3623 381 3690 lieet-In
399 3629 501 3709 praxi.
522 3631 587 3692 Lex
606 3630 733 3710 attingit
753 3629 841 3711 quod
861 3628 896 3688 su
919 3627 1108 3708 plerumque
1131 3631 1164 3692 et
1184 3621 1266 3704 quod

257 3724 357 3804 magis
369 3725 497 3808 praeiert
509 3727 645 3807 speeiem
657 3729 758 3818 turpis
771 3732 971 3791 mercatura.
