2582 4278
224 272 275 326 lot
593 277 667 324 PARS
687 275 722 325 11.
743 273 869 324 cusaldi.

100 379 114 392 ³
223 395 282 472 gia
315 393 501 470 dogmaticae
541 398 572 453 et
600 392 750 464 moralis,
787 390 936 468 liturgia,
970 391 1151 454 traditionis
1180 392 1231 454 SS.

222 495 364 567 Patrum,
380 491 519 553 historiae
534 490 790 553 ecclesiasticae...

282 590 352 652 374.
369 623 409 636 -
421 590 459 651 ll.
476 589 680 650 Universitati
693 592 807 668 praeest
824 587 1031 649 cancellarius
1047 593 1102 650 aut
1116 593 1231 650 rector:

222 688 352 768 singulis
375 687 577 748 facultatibus
602 690 744 765 praesunt
769 685 893 760 decani,
919 684 1013 763 juxta
1039 685 1232 766 singularum

222 785 462 848 Academiarum
477 789 604 845 statuta.
785 793 787 798 “

281 883 424 960 Exempli
443 900 538 942 causa
553 881 683 942 citemus
698 880 925 943 Universitates
940 879 1129 943 constitutas
1146 882 1180 942 in
1195 881 1234 942 di·

221 981 308 1043 tione
324 981 491 1060 temporali
504 982 535 1042 S.
552 981 651 1054 Sedis,
669 979 778 1059 quales
793 979 951 1041 ordinavit
964 981 1027 1042 Leo
1042 981 1096 1040 Xll
1111 999 1171 1060 per
1183 979 1233 1039 lit-

222 1085 305 1140 teras
320 1079 509 1158 apostolicas
525 1077 610 1153 Quod
631 1076 735 1138 divina
748 1078 910 1158 sapientia,
929 1097 982 1140 an.
1012 1079 1099 1138 lael.
1122 1079 1231 1151 Porro,

222 1177 426 1239 distinctione
436 1178 520 1238 facta
534 1177 616 1236 inter
629 1175 797 1255 primarias
812 1179 844 1236 et
859 1175 1061 1236 secundarias
1076 1175 1233 1238 Universi-

222 1279 312 1351 tateS,
334 1274 483 1335 statuitur
506 1274 674 1354 presidem
696 1275 845 1334 Romana
861 1273 1078 1336 Universitatis
1105 1291 1173 1335 esse
1189 1292 1235 1332 ar-

222 1371 511 1447 chicancellarium,
527 1372 581 1451 qui
596 1371 706 1432 titulus
721 1370 855 1431 collatus
875 1377 923 1431 est
946 1370 1105 1433 Cardinali
1122 1373 1232 1431 Came-

221 1470 326 1543 rario;
366 1475 398 1530 et
424 1469 649 1530 cancellarium
687 1468 928 1529 universitatum
971 1469 1131 1529 minorum
1150 1503 1152 1508 ·
1169 1487 1234 1528 essa

104 1642 106 1646 Α
221 1537 502 1646 Archiepiscopuin
517 1567 568 1628 vel
587 1567 777 1646 Episcopum
793 1566 937 1627 civitatis.
958 1565 1236 1627 archicancellarii

222 1669 253 1726 et
276 1665 458 1726 cancellarii
477 1665 597 1744 optimo
617 1665 862 1725 Universitatum
877 1663 1023 1742 regimini
1047 1663 1234 1742 advigilent.

223 1768 254 1823 ct
278 1763 356 1823 daut
379 1778 508 1842 operam
537 1767 572 1823 ut
595 1762 835 1823 constitutiones
859 1767 890 1824 et
914 1762 1033 1842 regulae
1057 1766 1234 1822 serventur.

224 1859 610 1939 Habentjurisdictlonem
630 1861 662 1920 vi
678 1859 767 1939 cujus
781 1865 915 1939 possunt
930 1859 1182 1920 animadvertere
1203 1859 1237 1918 in

222 1975 276 2018 eos
303 1959 359 2036 qui
387 1958 471 2018 intra
494 1958 572 2018 [ines
597 1958 843 2018 Universitatum
870 1957 986 2018 delicta
1009 1957 1235 2018 commiserint.

220 2057 365 2116 Praesunt
386 2056 532 2116 electioni
547 2055 771 2135 professorum,
788 2055 924 2134 publica
940 2055 1097 2134 graduum
1120 2054 1235 2116 acade-

221 2153 375 2214 micorum
389 2153 563 2228 collationi‚
579 2173 615 2215 ac
629 2153 833 2232 praemiorum
847 2153 1071 2215 distributioni.

279 2253 398 2314 Praetcr
420 2251 734 2313 archicancellarium
749 2269 802 2310 seu
823 2251 1058 2326 cancellarium,
1082 2251 1189 2313 existit
1202 2251 1237 2310 in

219 2349 350 2427 singulis
362 2349 624 2411 Universitatibus
638 2353 752 2424 rector,
768 2347 857 2426 cujus
871 2367 986 2410 munus
1001 2355 1049 2410 est
1063 2348 1234 2429 providere

219 2465 258 2507 ne
293 2446 461 2526 disciplina
491 2466 509 2508 a
537 2445 777 2526 professoribus
812 2445 1011 2508 auditoribus
1039 2451 1071 2507 et
1105 2446 1238 2508 famulis

218 2545 364 2620 tenenda,
374 2545 523 2620 vloletur;
536 2543 751 2605 calendarium
763 2544 837 2604 anni
848 2545 1029 2606 scholastici
1040 2545 1184 2620 conficit,
1199 2563 1235 2606 ac

179 2647 181 2649 ’
217 2641 456 2720 praelectionum
480 2642 575 2703 horas
595 2641 818 2703 conuenienter
841 2643 1029 2704 distribuere
1054 2643 1170 2720 debet,
1203 2649 1238 2703 ut

218 2738 351 2816 quilibet
364 2739 543 2801 auditorum
557 2739 662 2801 valeat
673 2739 736 2799 illis
745 2739 897 2800 interesse
916 2758 988 2820 quae
1005 2740 1066 2820 ipsi
1088 2741 1239 2820 praescri·
1287 2739 1288 2782 l

217 2835 335 2896 buntur
361 2836 401 2896 ad
428 2836 543 2915 gradus
568 2836 788 2915 capessendos.
813 2837 956 2898 Primum
979 2837 1086 2898 locum
1108 2837 1235 2900 obtinet
1287 2867 1288 2912 i

159 2945 160 2948 ’
217 2937 321 3021 rector
332 2939 404 3012 post
421 2934 654 3008 cancellarium,
671 2940 702 2994 et
717 2933 743 2994 si
766 2934 973 2996 cancellarius
992 2935 1074 2996 absit
1097 2939 1153 2996 aut
1175 2935 1234 2994 im·
1287 2925 1288 2998 l

217 3030 374 3110 pediatur,
391 3031 474 3092 vices
488 3031 572 3092 illius
587 3032 667 3108 gerit
677 3049 749 3092 cum
760 3033 872 3094 eadem
888 3033 1086 3095 auctoritate.

223 3191 227 3198 ,
278 3128 453 3209 Unicuique
475 3129 618 3190 facultati
643 3136 758 3209 praest
775 3130 925 3205 decanus,
943 3131 1083 3208 quicum
1098 3148 1165 3192 suae
1186 3133 1236 3192 fa·

218 3227 344 3288 cultatis
356 3225 500 3305 collegio,
518 3231 612 3306 atque
625 3226 756 3288 servatis
771 3227 887 3308 regulis
901 3227 1090 3302 constitutis,
1108 3245 1148 3289 ca
1162 3247 1237 3308 pro·

217 3325 302 3387 videt
316 3343 386 3405 quae
398 3325 439 3386 ad
448 3325 600 3404 regimen,
616 3326 723 3400 decus,
733 3330 828 3403 atque
841 3326 1084 3405 prosperitatem
1099 3326 1236 3388 faculta-
1287 3321 1288 3388 l

219 3422 257 3482 tis
285 3424 472 3486 conducant.
502 3423 623 3502 Scopus
650 3427 681 3483 et
708 3421 849 3482 officium
878 3424 1002 3503 collegii
1028 3423 1081 3484 est
1102 3423 1235 3504 insuper

218 3521 364 3582 examina
378 3522 507 3598 habere,
525 3527 557 3582 et
571 3520 721 3598 suffragia
738 3521 819 3580 ferre
834 3520 866 3596 in
878 3521 1055 3599 deligendis
1070 3522 1233 3601 professo·
1287 3519 1288 3566 i

217 3616 305 3678 ribus
320 3624 350 3679 et
361 3620 528 3681 collatione
543 3619 723 3679 laurearum
732 3617 1100 3698 aliorumquegraduum
1115 3622 1231 3681 acade-
1287 3645 1288 3708 i

217 3713 382 3778 micorum.
410 3751 450 3764 -
475 3719 573 3778 Nemo
595 3716 627 3777 in
647 3714 814 3796 collegium
829 3715 1015 3778 facultatum
1033 3716 1231 3792 adsciscitur,
1287 3731 1288 3824 p
