2588 4276
146 229 148 234 ·
234 210 285 263 234
570 216 646 264 eles
668 217 701 263 ll.
724 215 910 264 anselinus.

234 321 364 394 quantes
381 315 593 394 querimonias
611 315 651 374 ad
670 334 759 376 suam
783 315 896 376 Sedem
918 315 1048 376 delatas.
1081 337 1095 373 u
1111 317 1178 393 Nos,
1194 318 1228 376 in-

237 439 251 468 «
267 413 345 492 quit,
362 430 456 493 super
467 413 528 474 hoe
546 413 710 491 providere
726 415 878 488 volentes
891 413 953 475 hoc
965 420 1121 494 perpetuo
1134 415 1226 494 probi·

235 536 250 568 «
263 513 374 573 bemus
384 511 499 585 edicto,
511 530 551 572 ne
562 512 709 590 deinceps
725 512 850 592 aliquis,
862 513 913 574 vel
927 510 1025 592 aliqui
1036 513 1075 574 de
1086 513 1229 593 praedietis

237 635 251 666 «
269 610 558 692 (praedicatoribus,¹
572 611 754 687 Minoribus
773 617 803 672 et
814 612 969 690 religiosis
985 611 1054 673 aliis
1069 613 1229 699 blendiean·

238 736 252 765 «
268 707 375 789 tibus),
395 709 646 788 quibuscumque
660 729 755 790 super
770 710 830 771 hoc
850 710 1021 788 privilegiis
1039 710 1156 771 muniti
1168 712 1229 771 exis-

238 833 251 862 «
268 813 345 882 tant,
362 807 396 868 in
410 809 517 887 aliqua
531 807 671 882 civitate,
693 797 807 884 castro,
827 809 903 870 villa
923 827 976 870 seu
998 809 1070 871 loco
1093 827 1228 888 quocum·

237 925 339 986 «que,
365 908 475 968 domos
496 907 537 967 ad
562 907 784 981 habitandum,
811 908 862 968 vel
882 909 953 970 loca
974 926 1183 987 quaecumque
1203 908 1230 968 de

236 1028 250 1060 a
263 1023 345 1066 novo
366 1007 518 1086 recipere,
542 1023 597 1068 seu
617 1005 771 1068 hactenus
793 1011 921 1086 recepta
943 1009 1109 1070 mutare...
1132 1005 1230 1084 absque

236 1126 252 1158 «
266 1103 453 1182 Apostolicae
473 1103 561 1164 Sedis
579 1103 706 1164 licentia
725 1105 855 1184 speciali
875 1105 1002 1184 plenam
1017 1109 1050 1166 et
1070 1122 1230 1184 expressam

235 1225 249 1257 e
265 1202 456 1264 mentionem
481 1201 614 1262 faciente
639 1202 860 1282 prohibitionis
885 1203 1088 1282 hujusmodi;
1114 1203 1139 1262 si
1161 1221 1231 1264 secus

237 1321 252 1358 u
265 1300 398 1378 egerint,
414 1299 539 1360 irritum
553 1300 767 1362 decernentes.
788 1325 803 1356 »
819 1301 908 1383 (Gap.
934 1299 1010 1363 Cum
1025 1320 1065 1362 ea
1079 1320 1125 1377 eo,
1142 1303 1233 1364 uelli·

190 1439 195 1448 ·
232 1415 373 1462 cessreus
389 1415 600 1474 PRAELATORUM,
619 1399 653 1459 in
671 1399 739 1477 v10).
761 1401 834 1462 Haec
854 1401 992 1480 decreta,
1009 1399 1130 1480 quibus
1145 1400 1180 1461 de
1192 1419 1231 1460 or-

159 1505 161 1510 '
233 1496 360 1557 dinibus
369 1497 619 1560 Mendieantibus
636 1499 805 1560 Pontifices
820 1504 1005 1575 statuerant,
1023 1499 1230 1560 extensadein.

189 1597 191 1600 ’
234 1596 456 1674 cepsluerunt‚
477 1595 570 1676 praxi
587 1601 618 1656 et
634 1595 886 1676 jurisprudentia
906 1598 1006 1660 Guriae
1027 1601 1187 1670 Romana,
1201 1597 1230 1656 ad

233 1693 312 1754 alios
326 1693 461 1770 ordines,
475 1694 735 1774 congregationes
746 1701 777 1756 et
787 1696 953 1757 societates
969 1695 1109 1776 cujusvis
1122 1695 1230 1756 alterius

231 1791 367 1852 instituti
376 1797 450 1852 vota
464 1792 618 1854 solemnia
632 1793 798 1868 habentis3
816 1800 911 1874 atque
925 1794 1032 1872 etiam,
1051 1801 1088 1856 ut
1102 1798 1231 1874 putamus

232 1890 272 1950 ad
285 1896 455 1952 conventus
466 1891 652 1953 Monialium
668 1894 707 1954 de
723 1894 838 1972 quibus
851 1913 915 1955 non
926 1893 1083 1973 agebatur
1096 1893 1129 1954 in
1144 1893 1230 1954 decre·

232 1988 272 2049 tis
282 1988 397 2050 allatis.

291 2088 369 2150 iura
394 2087 474 2154 nibil
499 2093 677 2150 statuerunt
706 2089 743 2150 de
771 2090 1076 2168 Congregationibus
1102 2094 1229 2151 votorum

231 2185 436 2265 simplicium,
455 2188 509 2248 sed
527 2207 585 2248 usu
601 2193 633 2248 et
647 2188 860 2249 decisionibus
876 2191 907 2251 S.
924 2189 1015 2251 Sedis
1029 2187 1192 2269 praeveluit
1203 2192 1228 2244 ut

229 2285 342 2346 demus
365 2285 477 2346 saltem
506 2285 676 2347 novitiatus
703 2305 766 2347 non
789 2288 930 2366 erigatur
956 2289 1022 2348 sine
1051 2305 1177 2350 recursu
1198 2283 1228 2343 ad

230 2385 261 2446 S.
280 2385 563 2462 Congregationem
579 2385 682 2464 Episo.
701 2390 732 2446 et
748 2386 859 2463 Regul.

289 2483 528 2561 Beneplaeitum
546 2469 764 2562 'Apostolieum
784 2484 956 2563 requiritur
971 2485 1067 2546 etiam
1083 2485 1115 2546 in
1132 2483 1228 2544 funda-

230 2581 316 2642 tione
330 2579 405 2641 novi
426 2586 598 2643 conventus
620 2581 761 2661 ejusdem
777 2583 895 2644 ordinis
910 2584 942 2643 in
958 2583 1084 2645 civitate
1104 2585 1167 2663 jam
1182 2581 1227 2641 ad-

230 2679 334 2752 missi;
354 2680 611 2759 quandoquidem
626 2681 706 2741 ratio
719 2681 797 2760 legis
815 2687 915 2742 estne
931 2681 1151 2761 praejudicium
1164 2679 1225 2740 atie·
1262 2745 1263 2762 χ

231 2781 319 2836 ratur
333 2777 540 2838 conventibus
555 2784 648 2839 antea
664 2780 787 2854 erectis,
802 2798 839 2840 ae
852 2780 945 2840 simul
958 2785 992 2841 ut
1007 2782 1228 2858 praeeaveantur

230 2873 860 2954 rixaquaeexaemulationeintervieinos
871 2883 1044 2939 conventus
1055 2877 1225 2958 quandoque
1262 2883 1263 2892 ’

230 2978 435 3049 enascuntur3
450 2973 519 3034 haee
531 2980 638 3036 autem
654 2976 773 3036 motiva
788 2981 913 3054 urgent,
928 2976 991 3037 sive
1004 2975 1145 3056 ejusdem
1156 2969 1226 3033 insti-

228 3071 289 3132 tuti
301 3071 366 3133 sive
381 3072 509 3133 alterius
524 3073 598 3134 novi
611 3079 783 3135 conventus
799 3074 963 3154 erigantur
977 3075 1000 3135 ¹.
1262 3081 1263 3152 i

291 3172 322 3233 S.
343 3170 438 3232 Sedes
452 3189 515 3232 non
531 3172 693 3232 consuevit
705 3173 781 3234 dare
795 3173 992 3250 regularibus
1005 3173 1162 3234 licentiam
1175 3166 1224 3229 eri·

229 3269 325 3348 gendi
341 3287 441 3331 novos
460 3275 644 3344 conventus,
667 3270 780 3332 saltem
800 3289 872 3332 eum
886 3270 1060 3350 privilegiis
1080 3264 1223 3332 ordinariis
1262 3321 1263 3334 2

231 3367 438 3447 exemptionis
449 3387 467 3428 a
471 3367 689 3446 jurisdictione
700 3369 1009 3449 Episcoporum‚nisi
1018 3369 1080 3430 sint
1091 3370 1128 3430 ad
1138 3365 1222 3428 minus
1237 3425 1242 3432 x
1262 3355 1263 3362 '

230 3465 397 3526 duodecim
412 3484 543 3527 numero
556 3466 712 3546 religiosi3
731 3468 804 3547 quia
824 3468 1000 3546 perieulum
1016 3474 1063 3530 est
1079 3486 1117 3528 ne
1131 3465 1220 3527 obser·

276 3619 299 3665 t.
315 3617 462 3680 Pignstelli‚
471 3619 556 3669 tomi
571 3617 806 3680 Constructionem,
820 3621 939 3672 Consult.
950 3624 1003 3672 179.
1020 3648 1048 3659 -
1060 3611 1218 3672 Mattheuceb

232 3692 359 3757 officialis
373 3694 451 3743 eurise
460 3694 647 3756 ecclesiastiea,
658 3709 715 3759 cap.
730 3711 782 3758 xiu,
794 3705 825 3746 n⁰
842 3700 864 3746 5.
1262 3707 1263 3710 ’
