2568 4272
243 269 294 324 356
506 278 582 327 PARS
602 281 650 328 111.
674 281 730 330 RES
749 283 989 331 ucctsslssrms.

238 392 358 471 judicio
373 395 518 482 Ecclesiae
534 399 708 459 constiterit
721 401 760 460 de
772 399 900 460 illorum
915 401 1093 462 sanctitate.
1110 400 1250 463 Sufficie-
1281 407 1282 446 ³

242 492 299 553 bat
319 492 395 553 olim
414 495 584 555 auctoritas
600 497 749 576 Episcopi
771 496 826 576 qui
847 497 931 558 huuc
953 498 1120 571 honorem,
1145 498 1181 557 in
1203 518 1254 558 sua

242 589 375 669 quisque
390 592 539 669 Ecclesia,
555 593 716 655 deferebat
731 593 768 654 iis
781 595 835 673 qui
851 601 984 656 mortem
1000 615 1060 675 pro
1073 614 1172 656 causa
1185 595 1252 655 fidei

184 713 186 717 ’
242 687 438 767 pertulerant
453 695 507 750 aut
521 691 632 750 saltem
652 691 768 752 eximio
782 692 936 752 virtutum
955 692 1101 772 exemplo
1120 693 1251 752 emicue-

242 790 329 858 rant3
347 792 379 846 et
396 787 428 846 in
441 784 566 864 signuln
581 789 683 849 cultus
703 789 822 868 publici
843 790 1024 868 erigebatur
1045 791 1145 851 altare
1164 808 1252 868 super

242 881 371 945 illorum
380 903 504 962 corpus.
522 887 599 946 llum
613 905 688 948 uero
701 887 837 948 multum
849 887 974 948 intersit
989 889 1029 948 ad
1041 888 1250 965 integritatem

244 979 346 1042 cultus
369 982 477 1055 divini,
500 989 535 1043 ut
556 984 781 1064 circumspecte
803 986 863 1047 hac
885 986 971 1046 inre
994 987 1119 1064 agatur,
1143 986 1250 1046 Sancta

240 1079 338 1141 Sedes
354 1080 496 1158 pluribus
512 1081 627 1142 abhinc
643 1083 764 1143 saeculis
776 1083 836 1143 sibi
850 1083 1020 1144 reservavit
1035 1083 1191 1161 judicium
1205 1100 1247 1142 so-

242 1176 345 1237 lemne
356 1178 394 1238 de
404 1180 569 1240 sanctitate
580 1199 742 1241 servorum
751 1182 818 1254 Dei,
827 1182 929 1260 deque
940 1181 1027 1242 cultu
1040 1180 1246 1240 iisreddendo.

242 1274 353 1336 Exstat
376 1276 409 1335 in
436 1277 572 1355 Corpore
596 1278 677 1357 juris
701 1280 884 1352 constitutio
910 1279 1082 1340 Alexandri
1103 1280 1156 1354 lll,
1181 1277 1247 1337 data

212 1365 214 1370 ’
243 1389 285 1432 an
313 1372 402 1448 1170,
428 1393 498 1452 quae
528 1375 631 1436 innuit
657 1377 739 1442 hanc
772 1377 971 1457 disciplinam
1001 1382 1076 1438 tunc
1105 1375 1247 1454 temporis

244 1468 419 1547 vigentem
440 1471 484 1531 sic
509 1472 592 1532 enim
615 1474 775 1536 concludit
793 1459 940 1536 Pontifex
964 1475 1133 1537 occasione
1155 1473 1246 1534 cultus
1282 1469 1283 1554 l

244 1566 384 1648 indebite
400 1568 498 1629 soluti
515 1570 610 1630 alicui
624 1572 773 1635 defuncto
791 1590 798 1633 :
819 1597 834 1630 «
850 1574 942 1634 Illum
961 1592 1037 1652 ergo
1056 1592 1121 1633 non
1136 1589 1244 1651 prasu-

246 1688 263 1721 «
278 1665 372 1726 matis
387 1666 425 1726 de
445 1673 560 1728 caetero
581 1670 684 1730 colere
699 1689 706 1731 :
721 1689 793 1731 cum
809 1672 933 1733 etiamsi
947 1690 1003 1751 per
1015 1689 1089 1731 eum
1103 1668 1244 1731 miracula

245 1785 261 1818 «
278 1762 400 1838 fierent,
417 1783 481 1826 non
497 1765 604 1826 liceret
615 1760 705 1828 vobis
720 1769 823 1846 ipsum
838 1788 896 1848 pro
910 1774 1029 1844 sancto,
1049 1769 1166 1845 absque
1179 1785 1244 1826 auc-

245 1882 261 1916 «
281 1861 406 1922 toritate
432 1865 580 1925 Romanae
609 1865 766 1941 Ecclesiae,
788 1866 942 1926 venerari.
967 1889 982 1920 »
1011 1865 1102 1945 (Gap.
1128 1863 1240 1924 Audaci·

245 1967 328 2031 mus,
337 1976 360 2035 1,
376 1978 414 2021 uu
429 1963 587 2030 Rsurouus
602 1963 800 2038 Ssucronuu,
817 1961 873 2022 lib.
888 1964 929 2023 Ill
944 1963 1083 2041 Decret.)

304 2059 345 2120 Ut
364 2059 529 2138 disciplina
546 2061 716 2122 constituta
734 2065 886 2134 servetur,
904 2061 1050 2122 Urbanus
1064 2060 1133 2121 Vlll
1144 2056 1236 2138 prohi-

244 2155 313 2216 buit
325 2175 365 2218 ne
377 2157 472 2218 etiam
485 2160 643 2237 aprivatis
652 2159 731 2220 fiant
741 2163 829 2219 actus
843 2159 898 2239 qui
908 2159 946 2219 ad
961 2157 1126 2237 publicum
1136 2156 1237 2217 cultum

245 2255 432 2330 referantur,
452 2256 502 2317 vel
517 2257 665 2317 inducere
683 2257 804 2336 possint
821 2258 931 2318 fideles
948 2257 981 2316 in
1006 2273 1156 2317 errorem.
1178 2251 1237 2312 Tria

244 2354 419 2431 praesertim
433 2355 568 2414 indixit:
587 2355 618 2414 1⁰
633 2374 672 2415 ne
684 2355 838 2434 imagines
858 2371 1021 2415 servorum
1040 2351 1100 2414 Dei
1120 2351 1234 2430 pingan-

244 2454 297 2509 tur
311 2468 382 2511 cum
396 2452 553 2526 laureolis,
571 2458 625 2514 aut
638 2452 874 2532 splendoribus3
891 2469 969 2512 neve
984 2451 1016 2511 in
1030 2450 1177 2522 altaribus
1187 2465 1234 2524 pu-

245 2545 335 2607 blicis
358 2554 413 2608 aut
434 2549 574 2628 privatis,
597 2551 692 2611 etiam
710 2551 775 2611 sine
797 2549 981 2628 hujusmodi
1001 2547 1173 2626 insignibus
1192 2562 1235 2621 ap·

140 2698 144 2706 .
246 2651 421 2722 ponantur;
449 2647 598 2709 laureolae
627 2648 857 2709 beatitudinem
888 2646 1087 2724 significant3
1120 2641 1234 2704 retentio

246 2745 352 2801 autem
370 2742 515 2820 imaginis
537 2763 632 2824 supra
655 2746 766 2818 altare,
792 2731 840 2804 e'st
868 2743 993 2822 signum
1023 2739 1231 2806 venerationis

245 2840 278 2898 2⁰
291 2855 331 2898 ne
346 2840 387 2900 ad
402 2842 570 2919 sepulchra
584 2861 745 2903 servorum
758 2842 814 2903 Dei
828 2843 1044 2904 accendantur
1062 2839 1179 2906 lumina
1191 2840 1232 2896 aut

245 2936 359 2997 votiva
376 2938 500 2999 tabellae
514 2941 745 3018 suspendantur
765 2940 901 3021 (tabellae
913 2940 1027 3014 oblata
1043 2933 1233 2998 custodienda

246 3039 319 3094 sunt
332 3033 364 3093 in
377 3034 447 3096 loco
463 3037 503 3096 ab
516 3038 655 3099 Ecclesia
668 3042 825 3117 separato,
837 3056 868 3097 v.
886 3055 929 3116 g.,
941 3036 974 3096 in
990 3033 1154 3112 sacrario);
1167 3033 1194 3092 3⁰
1205 3046 1233 3088 11ss

246 3131 393 3208 edantur,
411 3133 477 3195 siue
495 3136 723 3214 approbatione
743 3135 912 3211 Ordinarii,
935 3133 1008 3195 libri
1025 3132 1146 3212 quibus
1160 3127 1234 3190 conti·

246 3236 361 3292 nentur
381 3231 524 3308 virtutes,
548 3234 756 3326 revelationes
775 3238 806 3294 et
826 3233 981 3293 miracula
1002 3246 1164 3290 servorum
1181 3224 1233 3286 uei.

246 3329 442 3408 Approbatio
458 3336 565 3392 autem
581 3332 661 3393 libro
676 3350 835 3405 concessa,
853 3331 949 3392 etiam
964 3328 1152 3390 auctoritate
1166 3339 1235 3402 apos·

247 3426 353 3501 tolica,
369 3446 434 3488 non
447 3428 512 3488 vim
524 3429 678 3508 majorem
695 3429 806 3490 tribuit
819 3427 1054 3490 narrationibus
1072 3423 1193 3486 relative
1204 3418 1234 3480 ad

247 3539 428 3600 processum
453 3525 696 3588 beatificationis
723 3533 753 3588 et
779 3524 1044 3599 canonizationis,
1068 3541 1127 3583 nec
1149 3535 1235 3582 conse·

249 3626 381 3698 quenter
399 3622 558 3684 ullatenus
578 3625 686 3686 eximit
702 3643 721 3686 a
735 3624 918 3686 necessitate
936 3621 1159 3702 probationum
1171 3616 1235 3678 ulte·

248 3716 376 3778 riorum.
395 3719 525 3798 (Const.
543 3720 675 3783 Coelestt‘s
690 3721 867 3796 Jerusalem,
884 3740 935 3783 an.
952 3717 1057 3798 1624.)
