2642 4268
282 273 351 324 Anr.
372 273 416 322 111.
439 273 590 324 conlatura
612 271 771 324 suentana
789 271 904 321 Ellllllf.
1048 261 1100 316 475

58 385 151 449 dire
167 395 272 468 potest
286 397 317 452 ct
329 392 424 454 debet
438 412 477 454 ne
491 393 641 455 inserviat
656 392 764 453 usibus
776 388 927 470 profanis,
941 387 992 450 vel
1005 405 1098 448 caere·

64 487 201 548 moniis
228 489 384 569 religiosis
412 491 542 553 alterius
570 493 672 553 cultus
698 509 734 552 ac
761 487 908 551 catholici
934 505 942 550 z
968 485 1104 567 percipit

68 591 218 647 cunctos
232 587 372 650 redditus
392 608 431 651 ex
445 589 602 652 locatione
618 589 773 664 sedilium,
790 586 841 648 vel
860 585 923 646 alio
943 584 1046 658 titulo,
1064 601 1103 644 ex

72 681 296 766 eleemosynis
314 692 347 749 et
363 688 576 752 oblationibus
596 687 827 769 provenientes,
844 685 976 747 servatis
994 688 1103 745 tamen

78 782 208 864 regulis
226 783 259 844 in
278 786 417 848 sectione
437 787 642 868 subsequenti
661 784 885 865 preficiendis.
903 782 1007 844 Habet
1019 799 1103 861 prae·

78 887 174 942 terea
186 882 238 962 jus
258 883 296 944 de
312 885 422 946 eadem
438 885 576 948 Ecclesia
590 883 789 965 disponendi,
805 883 1003 944 observando
1017 881 1103 959 leges
1134 938 1136 942 .

81 980 257 1042 canonicas
285 983 324 1044 de
351 983 541 1046 alienatione
566 984 723 1047 bonorum
749 981 1043 1045 ecclesiasticorum.
1070 977 1103 1039 Si

80 1095 213 1138 sacrum
238 1079 407 1142 aedificium
438 1101 512 1143 casu
536 1083 727 1155 destruatur,
753 1078 907 1160 parochia
928 1076 1103 1139 dominium

80 1175 202 1238 retinet
221 1177 283 1239 loci
301 1179 333 1239 in
352 1197 414 1259 quo
434 1181 528 1243 situm
548 1186 627 1253 erat,
644 1187 676 1242 et
694 1179 848 1260 lapidum,
865 1181 1101 1248 camentorum,

81 1274 302 1354 lignorum...,
320 1298 384 1341 uno
398 1280 506 1358 verbe,
524 1280 676 1342 materiae.

148 1375 281 1448 Quando
294 1377 447 1457 parocbia
459 1397 523 1440 non
536 1355 635 1441 habet
647 1377 822 1440 dominium
835 1374 993 1448 Ecclesia,
1009 1372 1105 1435 habet

82 1473 309 1553 nihilominus
326 1495 364 1537 ex
379 1481 543 1538 contractu
562 1475 713 1556 implicite
727 1475 806 1538 inito
820 1474 1011 1554 Episcopum
1025 1472 1108 1534 inter

84 1577 118 1632 et
134 1573 326 1650 gubernium
342 1574 431 1635 civile
449 1593 509 1645 seu,
518 1574 738 1654 municipium,
754 1570 1059 1635 administrationem
1074 1574 1106 1631 et
1143 1589 1149 1606 ¹

84 1671 321 1732 usumfructum
337 1672 478 1750 plenum.
496 1672 690 1734 Gubernium
706 1671 808 1749 civile,
825 1689 878 1732 seu
894 1668 1104 1732 communitas

84 1767 190 1829 civilis
201 1769 337 1830 comitiis
347 1771 592 1852 municipalibus
602 1789 723 1850 suoque
734 1769 921 1848 magistratu
930 1785 1104 1847 repraesen-

84 1871 167 1944 tata,
188 1885 226 1928 eo
246 1867 315 1947 ipso
334 1870 421 1948 quod
439 1869 612 1931 Ecclesiam
633 1869 698 1930 suis
716 1868 894 1947 sumptibus
912 1865 1102 1928 aedificatam

84 1969 118 2024 et
138 1970 285 2027 ornatam
305 1968 436 2029 tradidit
455 1969 621 2049 Episcopo,
642 1973 679 2028 ut
696 1966 803 2028 divino
823 1965 922 2028 cultui
940 1964 1101 2038 inserviat,

84 2062 249 2125 abdicavit
277 2065 452 2128 dominium
481 2067 569 2142 utile,
595 2065 899 2127 administrationem
925 2063 1043 2124 scilicet
1072 2068 1103 2123 et

84 2179 180 2222 usum
206 2163 342 2241 aedificii,
369 2169 491 2227 retento
515 2165 716 2227 solummodo
740 2162 881 2224 'dominio
909 2163 1013 2235 nudo;
1038 2178 1102 2222 non

83 2265 192 2339 potest
208 2261 339 2340 proinde
352 2281 389 2324 eo
405 2264 464 2339 uti,
476 2264 540 2326 sive
554 2284 613 2344 pro
627 2264 713 2325 cultu
729 2262 833 2323 alieno
846 2266 938 2324 sectae
954 2259 1100 2339 cujusvis,

83 2359 151 2420 sive
167 2378 224 2438 pro
241 2361 437 2422 celebrandis
453 2363 588 2424 comitiis
603 2363 817 2436 saecularibus
831 2361 906 2442 ,quia
919 2361 988 2422 haec
1004 2359 1099 2420 dede·

84 2463 157 2519 cent
170 2459 370 2522 sanctitatem
384 2460 447 2522 loci
460 2463 556 2523 sacris
569 2462 680 2524 ritibus
690 2464 755 2523 Deo
766 2459 872 2533 dicati,
886 2464 916 2521 et
926 2458 1099 2538 Episcopus

84 2575 123 2617 ea
143 2557 323 2620 conditIone
341 2560 479 2640 suscepit
498 2561 665 2622 aedificium
685 2578 774 2621 sacro
795 2558 893 2620 cultui
913 2556 1094 2626 dicandum.

82 2653 138 2715 Est
150 2655 248 2733 igitur
263 2662 454 2731 contractus,
468 2658 501 2719 vi
516 2657 603 2738 cujus
613 2659 787 2738 Episcopus
799 2655 934 2736 spondet
945 2654 1098 2734 tempium

83 2752 300 2814 adhibendum
319 2756 398 2830 fore,
415 2756 456 2816 ad
475 2757 695 2836 praecriptum
710 2755 910 2818 sanctionum
926 2753 1095 2816 canonica·

84 2869 164 2925 rum,
181 2856 215 2912 ut
228 2852 378 2914 inserviat
392 2854 573 2931 catholicis3
590 2859 621 2916 et
634 2855 771 2916 vicissim
786 2854 1000 2932 magistratus,
1014 2851 1098 2912 vices

84 2967 194 3026 gerens
213 2950 359 3026 civitatis,
376 2943 533 3030 promittit
551 2971 583 3013 sc
602 2951 682 3014 nihil
702 2959 859 3028 acturum,
877 2970 935 3012 nec
954 2948 1096 3031 postula-

83 3053 198 3125 turum,
214 3049 299 3128 qued
313 3049 352 3110 sit
365 3051 559 3112 contrarium
573 3051 777 3112 destinationi
788 3051 864 3113 iadis
878 3065 987 3114 sacrae.

139 3146 176 3207 il.
205 3147 294 3219 Quod
318 3148 358 3207 ad
383 3149 597 3209 coemeterium
623 3150 747 3221 attinet,
773 3149 854 3210 ratio
878 3148 1026 3210 habenda
1048 3151 1095 3208 est

82 3263 153 3304 usus
168 3244 340 3323 spiritualis
356 3250 387 3307 et
401 3252 613 3326 proventuum
627 3247 863 3329 temporalium.

138 3343 169 3400 l⁰
180 3343 337 3404 Perochia
351 3343 448 3404 habet
458 3363 551 3405 usum
562 3345 759 3424 spiritualem
773 3345 968 3407 exclusivum
981 3363 1095 3407 coemc·

81 3439 148 3501 terii
159 3441 199 3501 ad
211 3441 426 3520 sepeliendum
440 3460 575 3522 corpora
588 3443 738 3520 fidelium,
753 3444 806 3524 qui
821 3444 853 3504 in
869 3444 1094 3506 commuuione

81 3537 224 3598 Ecclesiae
250 3541 412 3602 catholicae
435 3541 576 3602 defuncti
598 3548 681 3616 sunt,
706 3542 731 3603 si
755 3540 843 3603 loeus
867 3543 907 3603 sit
928 3540 985 3602 sub
1010 3540 1094 3601 iilius

81 3635 228 3697 dominio.
246 3637 279 3700 Si
294 3640 471 3718 proprietas
485 3640 547 3700 loci
560 3641 632 3720 jure
648 3627 804 3719 pertineat
823 3640 863 3700 ad
882 3639 1092 3702 communita·

81 3741 139 3794 tem
166 3733 301 3809 civilem,
325 3737 454 3800 deberet
477 3739 631 3800 reservari
655 3739 802 3802 Ecclesiae
826 3737 991 3800 catholicae
1017 3757 1091 3818 pars
