2604 4274
29 253 112 300 ΒΗΤ.
131 251 187 301 111.
210 215 397 310 QUAES’HONES
413 257 602 308 nantuacus
619 259 816 310 retirement}
832 260 955 308 orrlctl.
994 251 1045 308 4il

32 368 203 432 mediam
215 377 342 434 noctem
352 374 607 454 subsequentem,
618 377 740 456 integre
750 377 961 456 persolvatur,
974 377 1049 457 quia

30 474 208 530 servatur
228 471 407 534 substantie
425 475 587 554 praecepti.
609 498 625 531 »
649 475 729 537 Hinc
749 481 876 537 sanctus
894 475 991 555 Alph.
1006 476 1048 536 de

29 565 158 643 iguori
180 569 343 632 concludit
363 571 507 633 sufficere
527 573 671 651 quamvis
695 591 823 636 causam
845 573 967 651 utilem,
992 591 1048 634 scu

29 669 210 740 onestam,
228 671 273 740 ut,
287 667 371 730 intra
384 668 446 730 hoc
460 674 596 749 tempus,
613 670 684 749 quis
700 671 799 750 possit
811 671 985 750 anticipare
997 671 1048 732 vel

29 767 223 841 ostponere
242 765 460 828 recitationem
483 769 652 830 Horarum.
676 761 795 830 Eadem
815 769 930 830 decisio
955 769 1049 832 datur
1121 828 1127 836 .

29 877 69 920 ro
91 860 321 924 celebratione
335 863 501 926 Missarum
516 855 590 926 ante
604 866 801 944 persolutum
814 867 953 928 officium
970 884 1046 928 noc-

29 976 167 1032 rrnum,
194 961 454 1041 quandoquidem
475 963 661 1024 interversio
678 963 734 1026 illa
754 964 886 1038 ordinis,
902 969 1047 1044 respectu

29 1056 177 1118 ratutini
195 1063 227 1118 et
239 1059 352 1134 lllissae,
369 1079 433 1121 non
444 1061 568 1122 videtur
580 1062 707 1140 gravior
716 1079 814 1141 quam
829 1067 974 1140 respectu
989 1061 1046 1124 ho·

29 1172 131 1216 arum
147 1155 237 1218 inter
250 1175 295 1220 se.
311 1159 429 1220 Causas
443 1159 635 1221 sufficientes
645 1178 703 1238 pro
716 1159 941 1239 anticipatione
954 1159 1048 1221 hora·

29 1271 91 1312 'um
115 1259 252 1333 reputat
272 1261 399 1318 sanctus
422 1257 561 1336 liguori,
585 1257 770 1319 concionem
793 1257 969 1336 parandam
996 1257 1047 1318 vel

29 1350 236 1426 rudiendam,
261 1353 437 1432 periculum
458 1354 709 1434 supervenientis
728 1355 956 1432 occupationis,
977 1373 1045 1416 ma·

31 1466 127 1510 orem
138 1450 343 1516 devotionem
355 1452 420 1514 sive
431 1453 579 1532 quietem,
596 1460 722 1532 tempus
733 1453 774 1514 ad
787 1453 927 1513 studium
943 1453 1047 1532 aptius

29 1551 52 1606 a
67 1546 123 1608 his
141 1548 268 1610 similia.
286 1551 396 1622 Quoad
411 1551 658 1612 celebrationem
677 1551 791 1628 Missae,
812 1549 881 1612 heac
898 1550 1048 1629 exempla

29 1645 121 1706 affert
137 1663 145 1706 τ
161 1646 281 1708 sidens
305 1649 539 1728 eleemosynam
556 1648 694 1728 postulet
715 1653 750 1708 ut
771 1647 916 1709 sacerdos
941 1647 1047 1708 stetim
1164 1665 1165 1668 ’

29 1742 179 1812 celebret,
196 1745 223 1804 si
239 1751 385 1824 expectet
398 1746 545 1826 populus,
563 1747 590 1806 si
603 1746 699 1806 instet
714 1742 923 1806 commoditas
936 1744 1042 1826 studii,

29 1840 187 1902 itineris...
210 1841 289 1922 (Lib.
303 1845 359 1918 tv,
382 1845 579 1918 n0173;lib.
602 1845 641 1905 Vl
657 1849 695 1902 'n‘'
716 1842 786 1919 347,
806 1841 968 1922 Tteolcpt'a
982 1861 1044 1903 mo·

29 1937 131 2019 rale's.)

89 2037 121 2096 3⁰
137 2035 215 2098 Ordo
226 2037 392 2100 secandus
403 2039 466 2101 duo
477 2038 697 2118 complectitur
710 2055 718 2099 :
733 2039 779 2098 l¹¹¹³¹
799 2042 834 2097 ut
846 2037 987 2100 officium
997 2055 1047 2099 re·

31 2133 147 2194 citetur
158 2153 215 2212 pro
225 2135 357 2214 singulis
372 2137 483 2198 diebus
496 2137 664 2210 indictum,
680 2140 776 2214 prout
784 2135 820 2196 fit
831 2135 1046 2211 dedominica,

32 2231 177 2306 detesto,
196 2233 234 2295 de
250 2234 341 2308 feria,
353 2239 431 2309 etc.;
446 2236 508 2296 llum
538 2223 574 2295 ut
599 2235 771 2295 recitentur
793 2233 925 2310 singula
944 2233 1045 2302 horse,

33 2329 153 2408 absque
164 2329 399 2408 interversione,
415 2333 509 2412 juxta
528 2333 659 2394 modum
676 2331 752 2410 ipsis
772 2331 903 2390 affixum
918 2330 951 2390 in
970 2331 1047 2391 Bre-

33 2426 143 2490 viario.
436 2425 437 2428 ’

94 2527 181 2588 Circa
194 2529 240 2590 1¹²¹n
257 2532 327 2589 orta
342 2533 389 2589 est
404 2529 619 2590 controversia
633 2529 715 2590 inter
728 2528 909 2606 theologos,
926 2545 967 2587 an
978 2544 1048 2604 gra·

36 2622 81 2684 vis
108 2624 147 2685 sit
172 2624 321 2704 obligatio
350 2626 505 2688 recitandi
533 2626 674 2688 officium
705 2627 836 2687 affixum
864 2625 929 2686 diei
955 2623 1048 2702 juxta

38 2723 160 2800 regulas
175 2723 384 2786 rubricarum.
400 2725 541 2797 Quatuor
560 2725 748 2804 prodierunt
767 2724 943 2804 opiniones,
966 2740 1046 2802 qua·

41 2839 110 2881 rum
124 2819 251 2900 singulae
269 2839 288 2882 a
308 2821 491 2884 doctoribus
505 2841 570 2884 non
589 2822 667 2884 levis
684 2823 884 2884 auctoritatis
902 2821 1048 2883 admissae

43 2922 121 2979 sunt.
139 2918 241 2979 ffiima
254 2920 399 2982 absolute
416 2921 543 2998 negavit
557 2939 625 2982 esse
639 2926 806 3000 peccatum
821 2919 955 2980 mortale
980 2937 1048 2978 mu·

44 3021 108 3078 tare
127 3016 261 3078 cilicium
279 3017 341 3078 diei
358 3003 397 3079 in¹
417 3018 504 3079 aliud
518 3020 657 3091 brevius,
677 3019 737 3080 nisi
753 3025 860 3080 tamen
875 3017 946 3098 quis
962 3034 1047 3096 prae-

47 3119 176 3176 sumeret
194 3115 332 3177 officium
353 3116 504 3196 paschale
527 3123 583 3178 aut
600 3119 803 3179 Pentecostes
821 3115 954 3176 recitare
978 3114 1048 3174 loco
1072 3195 1076 3203 .

49 3211 408 3290 officiidiciPalmarum,
423 3220 478 3276 aut
489 3215 566 3295 quid
581 3215 692 3276 simile.
705 3213 885 3276 Alexander
893 3212 948 3274 Vll
962 3211 1048 3271 dem-

49 3308 129 3370 navit
146 3311 390 3390 propositionem
413 3329 421 3373 :
442 3311 481 3372 In
498 3311 546 3372 die
564 3310 742 3372 Pctmorum
763 3311 894 3370 recitans
913 3307 1048 3388 officium

48 3405 176 3487 paschale
188 3409 337 3488 sctr'ssocit
346 3417 506 3490 precepto.
524 3408 669 3470 Secunda
676 3406 783 3486 opinio
793 3407 895 3466 tenuit
906 3423 971 3466 non
979 3415 1053 3482 pec·'

55 3522 120 3566 carc
127 3505 257 3584 graviter
267 3507 321 3587 qui
331 3510 434 3567 mutat
445 3506 626 3569 officiumin
638 3504 761 3584 aequale
776 3505 903 3564 autlere
913 3501 1047 3581 aequale.
1167 3576 1170 3582 .

57 3603 180 3664 Tertiae
194 3605 352 3666 contrario
372 3604 480 3666 docuit
494 3622 561 3665 esse
581 3608 748 3684 peccatum
762 3601 896 3662 mortale
910 3599 1049 3661 officium
1091 3631 1093 3635 ,

56 3707 166 3764 mutare
179 3702 272 3764 etiam
288 3703 318 3763 in
335 3703 470 3782 aequale,
492 3703 551 3764 etsi
565 3694 672 3802 semel.
689 3703 807 3775 Quarta
823 3700 952 3762 demum
969 3697 1051 3760 dixit
