2632 4260
274 200 342 248 nur.
365 198 412 246 111.
434 197 649 248 OBbldA'llebS
669 196 871 246 occultantis.
1043 189 1079 246 47

121 316 192 378 340.
208 317 299 379 -11.
314 313 429 378 Clerici
447 315 545 378 sacris
563 315 730 377 ordinibus
749 315 877 394 initiati,
892 313 943 376 vel
956 313 1079 376 benefi-

67 414 135 476 ciati
151 418 302 476 tenentur
316 419 440 494 gestare
461 413 607 475 habitum
622 413 787 494 proprium
801 413 850 474 sui
864 417 974 490 status,
986 412 1081 492 juxta

66 511 318 593 prescriptiones
334 511 577 593 Episcoporum,
594 531 650 574 seu
662 512 805 574 locorum
820 510 1077 585 consuetudines,

66 609 349 673 determinandum.

120 709 281 770 Probatur
296 729 336 770 ex
350 709 557 789 conciliorum
569 710 714 790 decretis,
726 727 841 790 nempe
850 707 1037 772 Viennensis
1048 713 1081 772 et

23 803 27 814 '
68 805 252 868 Tridentini.
281 809 377 870 Cone.
404 797 594 884 viennense,
622 827 690 888 cap.
721 797 926 884 0111111111,
948 805 1082 868 nevira

67 920 101 964 nr
115 905 302 966 Heunsrnra
317 922 501 970 1111111111
519 905 711 986 (filomeni),
726 904 867 968 declarat
878 904 970 966 illum
989 927 1004 959 1
1015 902 1080 984 qui,

67 1024 80 1055 1
95 1000 229 1079 abjectis
241 1003 381 1064 vestibus
393 1005 528 1084 proprio
545 1003 793 1084 congruentibus
806 1003 920 1078 ordini,
937 1001 1015 1074 alias
1029 1020 1076 1062 su·

68 1120 80 1153 1
95 1116 179 1160 mere
198 1104 232 1160 et
249 1100 284 1162 in
298 1101 429 1180 publico
449 1108 590 1182 portare,
610 1101 794 1164 rationabili
811 1119 907 1162 causa
926 1103 1079 1171 cessante,
1173 1125 1175 1129 ·

69 1219 81 1250 1
95 1198 272 1276 praesumit,
298 1219 331 1260 se
356 1199 442 1262 illius
466 1200 590 1263 ordinis
610 1198 823 1281 prerogativa
848 1199 979 1260 reddere
1006 1195 1083 1258 indi-
1114 1185 1117 1191 ¹

70 1319 82 1348 «
96 1313 194 1372 gnum
215 1315 252 1372 »;
277 1304 483 1378 quapropter,
504 1299 606 1374 illum,
628 1298 654 1360 si
672 1297 880 1360 beneficiatus
899 1296 948 1371 sit,
971 1293 1081 1356 statuit

69 1411 250 1472 suspensum
263 1396 330 1456 lore
342 1415 399 1476 per
412 1415 467 1458 sex
477 1415 602 1459 menses
615 1396 845 1476 aperceptione
858 1397 1019 1456 lructuum
1029 1393 1081 1454 be·

71 1491 183 1564 neficii;
211 1493 238 1552 si
267 1499 376 1556 autem
395 1514 460 1557 non
478 1495 519 1557 sit
534 1495 749 1570 beneficiatus,
777 1493 868 1556 illum
895 1490 1081 1574 pronuntiat

72 1588 239 1650 inhabilem
268 1610 325 1670 per
351 1592 434 1653 idern
455 1597 581 1672 tempus
597 1593 637 1654 ad
651 1592 839 1654 beneficium
860 1589 1078 1652 obtinendum.

72 1709 84 1740 «
98 1689 126 1746 2⁰
137 1687 205 1748 Etsi
222 1689 352 1750 habitus
366 1709 431 1752 non
448 1691 526 1754 facit
541 1690 744 1766 monachum,
762 1691 807 1752 ait
822 1689 990 1752 concilium
1011 1685 1080 1748 Tri·

74 1807 86 1836 1
100 1783 276 1862 dentinum,
301 1794 429 1868 oportet
449 1793 557 1851 tamen
580 1789 709 1852 clericos
722 1794 833 1874 'vestes
852 1786 979 1867 proprio
1005 1803 1081 1846 con·
1131 1825 1133 1828 -

73 1906 86 1937 «
98 1889 248 1960 gruentes
261 1886 367 1947 ordini
377 1906 503 1966 semper
515 1887 697 1962 deferrent
706 1906 764 1968 per
770 1886 947 1948 decentiam
953 1883 1081 1946 habitus

74 1981 278 2058 «extrinseci,
298 2002 424 2045 morum
448 1985 649 2046 honestatem
669 1985 873 2046 intrinsecam
893 1982 1079 2056 ostendant,

75 2100 84 2132 1
98 2084 185 2141 tanta
199 2085 310 2142 eutem
327 2083 423 2144 hodie
442 2083 621 2162 aliquorum
636 2083 767 2162 inolevit
780 2081 940 2143 temeritas
953 2079 1080 2158 religio-

76 2195 87 2232 11
101 2176 210 2257 nisque
225 2184 439 2260 contemptus,
453 2186 489 2242 ut
498 2181 661 2260 propriam
680 2180 867 2260 dignitatem
881 2185 912 2240 et
926 2178 1082 2240 honorem

76 2296 87 2326 1
100 2274 274 2338 clericalem
285 2278 563 2358 parvipendentes,
575 2284 679 2342 vestes
694 2279 790 2339 etiam
800 2278 943 2338 deferant
954 2275 1081 2355 publice
1115 2287 1117 2290 ’

73 2371 235 2448 «laicales,
256 2376 353 2454 pedes
371 2377 405 2437 in
428 2377 562 2438 diversis
586 2381 750 2457 ponentes,
776 2395 875 2437 unum
897 2375 930 2434 in
954 2372 1080 2447 divinis,

21 2525 22 2544 ,
75 2469 232 2532 1111111111
255 2473 289 2534 11
311 2474 507 2536 carnalibus.
532 2477 705 2561 Propterea
728 2491 837 2536 ornnes
863 2471 1081 2536 ecclesiastice

21 2623 22 2626 ,
43 2631 45 2634 ,
78 2587 89 2622 11
100 2586 253 2648 personae,
275 2578 568 2655 quantumcumque
588 2578 755 2653 exempta,
771 2590 841 2652 quae
862 2570 968 2634 autin
986 2568 1082 2630 saeris

21 2739 22 2744 γ
75 2686 87 2718 1
101 2666 229 2744 suerint,
242 2670 411 2732 autofficie
423 2678 478 2733 aut
490 2671 645 2733 beneficia
660 2670 862 2744 obtinuerint,
876 2669 904 2730 si
913 2673 1082 2749 postquam

75 2785 87 2818 1
102 2763 138 2824 ab
157 2766 316 2847 Episcopo
336 2789 404 2843 suo,
427 2769 522 2830 etiam
541 2788 598 2849 per
618 2769 755 2830 edictum
775 2767 950 2847 publicum,
971 2765 1081 2828 monit‘

76 2862 228 2938 «inerint,
252 2864 423 2929 honestum
446 2868 592 2930 habitum
617 2866 806 2942 clericalem,
828 2865 956 2927 illorum
981 2863 1085 2925 ordini

79 2965 132 3020 ret
145 2961 296 3042 dignitati
316 2971 557 3044 congruentem,
575 2971 607 3026 et
617 2965 710 3044 juxta
724 2965 823 3046 ipsius
840 2964 989 3044 Episcopi
1004 2961 1085 3024 ordi·

21 3093 22 3124 1
81 3076 93 3112 11
104 3059 264 3123 nationem
274 3064 502 3127 etmandatnm
513 3063 767 3135 nondetulerint,
779 3082 836 3143 per
846 3061 1086 3142 suspensionem

77 3206 331 3272 remaneremus
350 3217 443 3265 temen
457 3229 504 3279 per
515 3218 615 3266 terram
627 3215 758 3278 trabatur,
774 3228 836 3266 cum
846 3215 905 3265 haee
919 3225 974 3262 non
990 3211 1088 3262 hones·

79 3284 120 3345 tas,
135 3285 181 3336 sed
194 3289 364 3351 superfluitas
378 3294 405 3340 et
422 3291 579 3342 indecentia
588 3295 737 3342 censentur.
747 3309 760 3336 a
774 3291 848 3355 (Gap.
861 3304 888 3339 u.
905 3287 1004 3350 Labbe,
1019 3289 1086 3338 tom.

21 3407 22 3420 ,
77 3356 116 3420 Xl,
130 3361 279 3427 1111711.)
295 3365 377 3416 Juxta
392 3380 568 3418 communem
585 3368 766 3432 disciplinam,
778 3379 834 3417 non
849 3363 916 3415 alios
926 3363 1036 3421 clericos
1047 3363 1089 3414 uti

81 3440 187 3496 syrmate
200 3437 237 3502 (id
252 3443 292 3490 est
307 3445 382 3492 veste
399 3443 466 3494 adeo
490 3443 589 3494 diffuse
604 3457 666 3510 qum
684 3443 752 3493 talos
766 3443 846 3506 longe
863 3439 982 3501 excedat)
992 3444 1089 3503 praeter

78 3507 232 3577 cardinales,
249 3519 275 3566 et
287 3515 435 3582 Episcopes
450 3519 479 3570 11
497 3521 614 3584 propriis
634 3519 805 3578 dioeeesibus,
821 3517 932 3566 annotat
943 3515 1089 3580 Rigantiin

79 3584 147 3638 11111
161 3583 397 3645 de'Protonotariis
406 3595 572 3660 1111111111,
583 3597 688 3650 dissert.
701 3609 756 3650 vnr.
771 3594 812 3659 (V.
823 3593 930 3646 Decreta
938 3591 1090 3644 autbentica
1198 3655 1201 3659 Ι

83 3658 198 3731 11111,
215 3667 250 3718 na
267 3669 367 3722 266611
384 3673 465 3737 2673.)
