2568 4272
269 259 339 307 altr.
358 258 425 308 vm.
447 260 623 310 rntvltttolt
646 259 854 310 stabulatori.
1019 251 1071 306 3³5

39 373 186 436 centiori
204 378 296 436 atae
315 375 480 436 concessis.
499 377 690 438 Referuntur
704 377 745 438 ad
757 375 971 455 indulgentias
987 393 1066 456 quas

40 473 224 550 Regulares
245 471 361 534 lucrari
378 479 525 553 possunt;
552 475 593 536 ad
616 475 783 536 facultates
804 474 880 554 ipsis
905 492 1070 535 concessas

39 569 162 631 missas
177 569 318 650 privatas
334 570 471 646 dicendi,
487 572 629 634 officium
648 571 790 633 divinum
807 572 964 633 recitandi
993 576 1066 633 ante

16 713 19 720 .
40 667 146 728 horas
160 667 235 747 jure
250 669 411 730 communi
429 670 590 748 praellxas,
611 674 690 745 etc.;
712 669 898 732 absolvendi
910 689 930 730 a
942 669 1068 730 casibus

39 783 142 844 papae
163 766 341 841 reservatis,
371 767 511 847 exceptis
528 772 637 830 tamen
660 767 843 843 nonnullis;
867 767 1069 847 dispensandi

41 882 145 943 super
167 864 262 938 votis,
285 871 316 926 ct
339 866 431 927 certis
452 865 578 944 legibus
596 866 769 942 canonicis,
793 872 867 942 etc,
891 866 930 927 de
953 866 1069 946 quibus

43 961 177 1024 disserit
190 963 223 1024 S.
239 962 368 1041 Liguori
381 964 414 1026 iu
427 964 509 1026 libro
524 963 562 1026 da
574 963 761 1045 Priazlcaiis.

106 1060 182 1122 Alia
189 1066 262 1122 sunt
272 1061 436 1141 privilegia
446 1062 597 1144 specialia
605 1063 765 1125 nonnullis
780 1063 962 1125 ordinibus:
975 1083 1006 1124 v.
1022 1081 1066 1141 3.,

41 1158 253 1238 privilegium
279 1160 389 1221 datum
409 1160 626 1241 superioribus
653 1160 779 1222 Ordinis
802 1162 937 1222 fratrum
961 1162 1068 1222 Reatae

42 1255 155 1318 Marisa
167 1257 207 1318 de
221 1257 327 1319 Monte
337 1258 494 1337 Garmclo,
505 1258 722 1332 benedicendi,
735 1277 792 1338 per
806 1277 840 1320 se
855 1259 906 1320 vel
920 1257 1069 1338 paralius

44 1370 63 1412 a
84 1373 120 1415 sa
146 1354 358 1434 deputandos,
379 1375 490 1436 parcos
517 1355 648 1431 dubitas,
674 1373 729 1418 seu
750 1355 925 1438 scapularia
947 1354 1065 1435 gestari

43 1450 144 1513 solita
158 1471 178 1512 a
193 1452 407 1514 confratribus
423 1453 720 1515 confraternitatum
735 1453 774 1513 de
789 1453 896 1516 Monte
912 1453 1066 1528 Garmelo,

43 1547 240 1629 ubicumque
265 1555 452 1628 erectarum,
473 1551 523 1612 vel
543 1551 784 1629 erigendarum,
803 1585 844 1596 --
865 1549 1067 1632 privilegium

45 1645 160 1707 datum
175 1647 328 1726 magistro
348 1649 489 1728 generali
508 1649 632 1710 Ordinis
647 1649 907 1722 Praedicatorum,
925 1647 1067 1725 erigendi

44 1744 214 1806 societates
228 1746 411 1808 sanctissimi
421 1746 556 1820 Rosarii,
570 1752 601 1806 et
623 1745 743 1806 litteras
760 1745 953 1807 concedendi
969 1745 1066 1806 facul·
1108 1761 1116 1769 ’

45 1842 171 1917 tativas,
190 1843 254 1906 sive
267 1845 477 1922 regularibus,
489 1845 554 1918 sive
567 1843 782 1918 saecularibus,
797 1848 843 1918 ut,
859 1843 896 1904 de
911 1861 1066 1904 consensu

46 1939 200 2001 ordinarii
209 1941 366 2016 locorum,
378 1942 479 2002 dictas
495 1940 661 2003 societates
676 1937 798 2019 erigere
811 1940 954 2002 valeant:
966 1975 1006 1986 -·
1019 1942 1033 2000 f
1051 1971 1067 1986 ·

46 2037 148 2098 cultas
163 2057 312 2101 concessa
330 2040 474 2103 Ministro
490 2038 630 2119 generali
644 2037 769 2100 Ordinis
783 2038 942 2100 Minorum
958 2044 989 2099 et
1003 2041 1064 2099 Re-

46 2135 210 2212 gularibus
235 2139 285 2198 ab¹
303 2156 341 2199 eo
367 2137 629 2218 dependentibus,
659 2135 812 2214 erigendi,
841 2135 996 2215 privative
1024 2136 1065 2197 ad
1133 2150 1138 2160 ·

46 2233 205 2311 quoslibet
215 2235 304 2311 alios,
317 2236 398 2297 azam
412 2234 531 2311 Crucis,
542 2235 584 2296 'dc
597 2251 752 2296 consensu
763 2233 931 2306 Ordinarii,
944 2233 977 2293 in
987 2232 1065 2294 locis

46 2331 100 2392 ubi
113 2332 221 2394 existit
235 2333 319 2396 Ordo
330 2333 483 2396 Miseram
499 2332 688 2396 Obseruantia
699 2332 732 2396 S.
748 2330 916 2394 francisci.

86 2427 197 2492 Nota.
218 2465 256 2479 -
277 2433 409 2504 Quando
427 2431 633 2493 facultatibus
653 2429 810 2492 sacerdoti
825 2428 971 2492 seculari
989 2445 1064 2489 con·
1133 2419 1136 2428 ’

46 2526 137 2588 cessis
148 2529 320 2607 adponitur
333 2530 482 2603 conditio,
497 2528 766 2608 quadclimitatur
777 2527 818 2588 ad
830 2528 902 2588 loca
915 2525 970 2587 ubi
983 2524 1064 2586 Orda

46 2622 79 2684 S.
92 2623 309 2688 Dominiaisea
322 2625 483 2690 Francisci
492 2646 551 2688 non
566 2627 678 2702 ear'stit,
703 2623 842 2687 conditio
856 2624 1065 2703 intelligenda

46 2727 89 2782 est
106 2723 216 2785 stricto
236 2743 341 2797 seusu,
363 2726 422 2786 sub
440 2743 537 2804 poeua
555 2723 737 2786 nullitatis:
761 2723 890 2798 erectio,
913 2722 940 2782 si
967 2740 1063 2802 quam

46 2819 144 2882 facere
166 2827 372 2901 presumeret
396 2823 566 2897 societatis,
583 2823 639 2884 viae
656 2822 769 2896 crucis,
786 2827 860 2898 eta,
878 2821 975 2882 etiam
990 2839 1063 2882 cum

28 2909 33 2922 '
45 2935 173 2981 assensu
183 2919 232 2980 sui
241 2921 399 3002 Episcopi,
414 2921 634 2982 nonobstante
649 2921 706 2981 illa
718 2919 861 2982 clausula
873 2919 1061 2996 restrictiva,

45 3016 220 3081 vicareret.
237 3009 392 3082 Gaeterum
400 3019 485 3082 Ordo
497 3037 562 3080 uon
577 3024 723 3083 censetur
733 3017 865 3079 existere
876 3017 936 3078 nisi
949 3017 981 3077 in
992 3017 1062 3079 loco

46 3113 95 3174 ubi
109 3121 285 3177 conventus
297 3117 406 3178 habet.
424 3116 511 3178 Nihil
526 3116 654 3196 quidem
668 3117 775 3192 refert,
792 3133 833 3176 en
848 3115 911 3175 sint
924 3113 1063 3193 exempti

45 3227 61 3272 a
71 3211 292 3292 jurisdictione
304 3215 522 3294 Episcopivel
534 3213 676 3294 ejusdem
688 3211 902 3291 jurisdictioni
914 3210 1061 3272 subordi-

45 3311 119 3390 nati,
137 3311 295 3392 siquidem
321 3314 391 3375 haec
407 3311 576 3393 privilegia
599 3330 663 3372 non
687 3309 809 3370 habent
830 3309 870 3370 ab
892 3309 1060 3390 Episcopo

45 3409 96 3468 sed
111 3409 153 3469 ab
166 3410 348 3489 Apostolica
367 3411 464 3484 Sede;
479 3428 590 3471 verum
611 3425 738 3473 necesse
753 3410 800 3467 est
815 3411 845 3467 ct
860 3405 977 3466 suflicit
990 3404 1062 3466 illos

45 3511 233 3567 conventum
242 3508 276 3568 in
288 3508 358 3569 loco
372 3508 521 3568 fundasse
536 3523 610 3568 cum
629 3503 830 3583 beneplacito
852 3503 884 3564 S.
904 3501 1063 3583 pontilicis

45 3609 75 3664 ct
85 3604 213 3667 licentia
226 3606 384 3687 Episcopi.
403 3605 451 3686 (Νι
478 3605 549 3680 449,
566 3605 637 3680 450,
652 3603 724 3676 sal,
738 3608 761 3663 t.
784 3603 823 3677 II,
839 3622 871 3681 p.
899 3600 1060 3681 mill.)

103 3703 173 3765 Non
186 3704 260 3769 sinit
266 3705 347 3767 ratio
361 3703 463 3766 nostri
472 3701 619 3777 instituti,
631 3706 666 3762 ut
674 3704 789 3762 cuncta
801 3699 1063 3779 privilegiaregu·
