2642 4270
237 277 287 330 578
503 281 576 328 Plus
597 279 642 328 lll.
664 283 719 328 RES
739 283 987 330 escanelasslcm

235 427 249 454 «
272 405 410 480 epoques
429 397 602 476 indiquees,
623 397 652 458 le
672 399 790 458 eonseil
804 400 842 459 de
861 400 1007 477 fabrique
1027 399 1079 460 n'a
1098 377 1157 479 pas
1176 419 1248 480 pro·

237 519 251 555 u
272 497 347 558 cede
371 515 432 557 aux
456 495 616 571 electioris,
642 480 790 576 l'l'lveque
812 497 972 558 diocesain
999 517 1167 559 nommera
1189 499 1246 559 lui·

127 627 128 630 ¹
234 619 249 650 n
273 598 386 655 meme.
407 619 422 648 n

293 694 344 754 lll.
370 693 479 752 Plures
500 692 573 752 inde
598 691 792 752 concludunt
814 694 1006 772 Episcopum
1025 713 1117 772 posse
1140 713 1250 754 omnes

232 791 427 852 consiliarios
447 790 574 851 fabricae
592 790 719 866 eligere,
738 790 763 849 si
782 808 840 868 per
854 791 1041 850 sexennium
1055 791 1177 851 fabrica
1191 811 1247 852 ne-

232 889 366 968 glexerit
380 886 548 948 electiones
569 887 609 947 ed
626 889 847 967 praescriptum
864 887 942 968 legis
960 905 1125 949 renovare.
1142 892 1248 950 Potest

230 985 351 1064 utique,
368 991 528 1046 transacto
543 986 647 1064 primo
661 985 808 1059 triennio,
826 985 990 1046 dimidiam
1005 991 1129 1064 partem
1144 988 1246 1046 consi-

229 1084 392 1144 liariorum
419 1083 551 1160 eligere,
582 1082 758 1162 supplendo
786 1083 1012 1162 negligentiam
1040 1085 1185 1159 fabricae;
1215 1085 1246 1144 id

230 1182 387 1260 expressis
405 1181 509 1242 verbis
529 1182 639 1244 statuit
654 1181 793 1241 edictum
813 1182 901 1240 1825.
921 1181 954 1243 Si
971 1200 1046 1243 vero
1061 1201 1126 1242 non
1141 1187 1247 1242 utatur

226 1279 298 1356 jure
319 1297 388 1353 suo,
410 1286 441 1339 et
460 1263 547 1339 aliud.
566 1279 738 1339 triennium
757 1279 898 1358 elapsum
918 1281 958 1339 sit
975 1282 1052 1358 quin
1072 1280 1168 1340 etiam
1187 1280 1246 1341 hac

229 1378 297 1437 vice
312 1377 435 1436 fabrica
449 1377 487 1436 de
507 1377 659 1437 electione
677 1377 843 1450 curaverit,
863 1396 927 1437 non
943 1381 1000 1446 est,
1016 1378 1170 1460 inquiunt,
1189 1395 1247 1438 cur

175 1555 177 1558 Ι
229 1475 402 1552 Episcopus
416 1493 480 1534 non
494 1474 602 1534 valeat·
614 1473 747 1535 alteram
761 1481 884 1554 partem
900 1493 1072 1550 assumere,
1091 1481 1121 1535 et
1136 1493 1243 1536 conse-

230 1577 364 1649 quenter
377 1571 536 1647 integrum
551 1571 645 1631 simul
662 1573 827 1632 consilium
842 1590 1005 1633 renovare.

287 1669 378 1729 Multi
391 1668 481 1729 aliter
495 1669 667 1748 opinantur
682 1688 688 1728 :
704 1675 849 1730 asserunt
861 1689 974 1748 nempe
986 1670 1018 1730 id
1034 1670 1138 1730 solum
1150 1671 1246 1731 luisse

229 1785 412 1827 concessum
431 1767 591 1846 Episcopo·
605 1772 640 1826 ut
659 1769 815 1846 suppleat,
837 1769 906 1828 loco
921 1769 1060 1840 fabrica,
1078 1768 1246 1829 electiones

175 1919 176 1922 ,
228 1865 378 1945 partiales
395 1883 473 1943 quas
487 1866 557 1944 ipsa
570 1865 691 1926 fabrica
706 1866 916 1944 praetermisit,
935 1885 999 1926 non
1013 1885 1089 1926 vero
1105 1872 1140 1926 ut
1153 1865 1248 1926 fabri·

229 1981 299 2023 eam
321 1963 503 2036 constituat,
527 1963 654 2040 quando
675 1963 842 2024 consilium
861 1963 978 2038 deficit,
1002 1965 1081 2024 adeo
1101 1969 1137 2024 ut
1158 1963 1248 2023 nulla

229 2060 366 2138 amplius
378 2058 498 2120 fabrica
514 2057 678 2134 subsistet3
696 2061 784 2138 atqui
798 2061 823 2119 si
838 2061 980 2139 elapsum
993 2061 1033 2120 sit
1045 2061 1245 2136 sexennium,

229 2157 319 2218 nulla
335 2158 566 2236 jure-superest
582 2157 719 2231 fabrice;
743 2163 789 2218 est
809 2157 1030 2218 constituenda
1049 2177 1089 2219 ex
1106 2157 1245 2236 integro,

228 2257 315 2334 quod
332 2255 401 2315 fieri
415 2275 479 2316 non
494 2259 606 2334 potest,
627 2255 667 2315 ad
682 2256 901 2335 praescriptum
916 2256 1005 2334 legis,
1022 2257 1082 2316 nisi
1097 2257 1138 2316 ah
1154 2257 1244 2336 Epis-

227 2372 307 2433 copo
321 2354 413 2414 simul
427 2359 458 2413 et
470 2354 660 2432 apraefecto.
675 2387 714 2398 -
726 2351 904 2414 Gonsultins
914 2355 980 2431 agit
991 2355 1166 2433 Episcopus
1178 2373 1245 2416 rem

228 2451 447 2512 constituendo
462 2453 526 2510 una
541 2451 634 2510 simul
649 2469 722 2510 cum
736 2451 887 2528 praefecto
898 2461 921 2512 ¹.

287 2551 357 2609 698.
374 2585 413 2592 -
427 2548 577 2623 Quomodo
592 2550 790 2608 constituatur
804 2547 959 2609 consilium
971 2547 1108 2628 fobta'cae,
1123 2549 1246 2631 quando

226 2656 387 2707 concentus
403 2643 533 2707 lrabeat?

286 2744 455 2806 Consilium
471 2743 600 2804 fabricae
615 2743 703 2822 eligit
721 2727 781 2804 sifai
795 2745 959 2824 praesidem
979 2750 1010 2805 et
1027 2746 1241 2819 secretarium,

226 2841 356 2919 singulis
383 2841 488 2914 annis,
517 2841 550 2900 in
578 2843 714 2902 sessione
742 2859 813 2921 quae
837 2841 1030 2902 dominicam
1056 2843 1241 2923 paschalem

224 2939 368 3018 proxime
387 2938 537 3014 sequitur.

284 3039 308 3098 l.
322 3035 570 3098 controvertitur
580 3036 666 3114 apud
669 3035 868 3116 jurisperitos
878 3043 986 3100 utrum
996 3039 1159 3100 Parochns
1168 3038 1245 3116 eligi

224 3133 323 3216 possit
337 3135 369 3195 in
382 3133 559 3214 praesidem,
572 3137 603 3194 et
613 3133 724 3195 eadem
736 3135 868 3214 quaestio
879 3142 1024 3198 movetur
1037 3139 1076 3221 de
1090 3135 1244 3216 praefecto

229 3233 325 3296 urbis.
366 3273 368 3278 -
965 3293 967 3299 ,

283 3329 482 3393 Probabilius
491 3328 616 3390 videtur
625 3329 804 3390 Parochum
818 3331 893 3412 eligi
905 3351 1008 3412 posse,
1024 3333 1179 3412 siquidem
1190 3332 1244 3392 lex

269 3521 291 3566 l.
305 3513 343 3564 Cl.
355 3513 434 3574 Mire,
448 3514 488 3562 tit.
505 3527 524 3574 1,
536 3511 613 3575 chap.
627 3527 654 3574 n,
668 3513 932 3566 Renouvcllementde
946 3513 1119 3581 lofabtiqae3
1130 3518 1242 3566 -Gau-

222 3591 280 3654 dry,
293 3595 312 3639 t.
329 3591 374 3650 lll,
388 3589 423 3638 nis
449 3591 504 3650 987,
520 3590 576 3650 999,
587 3591 643 3640 900.
659 3615 689 3624 -
705 3588 844 3641 Sententia
861 3593 996 3642 contrarie
1010 3595 1199 3656 propugnatur
1213 3593 1239 3640 in

213 3666 500 3804 (ἐῗὲετὲῖὲίἓῗίἒᾳυειω
514 3665 628 3715 inseruit
640 3663 755 3716 diarium
767 3667 881 3718 Journal
892 3667 937 3718 des
948 3667 1089 3734 febriquea
1110 3671 1177 3719 tom.
1196 3667 1241 3728 lV,
