2642 4270
539 421 768 538 INDEX

218 647 337 714 Pluris
359 649 524 717 SECUNDAE
545 646 816 712 inminentium
836 645 1078 753 ttiuulcluuil

143 927 255 970 Asterisco
268 929 372 971 notantur
380 929 515 983 quastioues
529 939 583 982 quas
597 928 708 982 pracipue
720 929 815 970 uastare
825 926 921 980 expedit,
932 927 971 969 ubi
982 929 1069 981 tempus
1081 926 1158 970 lectiu-

182 980 248 1023 nibus
257 981 314 1036 juris
325 984 426 1024 canonici
438 982 612 1037 impendendum
623 993 668 1023 non
680 981 733 1023 sinit
745 983 770 1022 ut
782 984 867 1023 caeterae
881 993 958 1023 omues
970 981 1116 1035 exponantur.

580 1135 723 1151 W

178 1339 186 1366 t
585 1299 670 1365 PARS
693 1300 720 1365 Il

535 1445 583 1497 De
604 1443 766 1497 Perennis.

145 1559 246 1610 Divisio
258 1573 435 1624 personarum
450 1560 478 1609 in
493 1559 585 1622 laicos,
598 1561 709 1611 clericos
727 1565 753 1610 et
769 1560 907 1625 regulares
909 1597 1099 1612 ........
1148 1565 1159 1612 1
1215 1577 1217 1582 ’

530 1715 643 1766 suerio
659 1717 772 1767 PRIMA.

571 1839 609 1878 ns
629 1839 729 1880 arcels,

145 1940 200 1988 397.
219 1938 271 1998 Qui
285 1939 338 1989 sint
354 1939 413 1989 laici
426 1940 473 2004 qui
485 1940 540 2004 juri
552 1939 682 1990 canonico
697 1937 877 2002 subjiciuntur
879 1975 1094 1990 .........
1145 1942 1158 1990 3

144 2015 200 2064 398.
218 2013 341 2064 infideles
344 2050 1094 2066 .............................
1143 2019 1157 2068 3

144 2091 200 2140 399.
219 2091 407 2140 Catachumeni
411 2124 1093 2142 ...........................
1145 2095 1159 2142 5

144 2168 199 2216 319.
218 2165 329 2216 Fideles.
354 2201 1093 2218 .............................
1145 2171 1160 2218 6

223 2242 292 2300 Quid
307 2243 341 2290 de
357 2243 475 2305 parvulis
490 2242 640 2292 infidelium
651 2242 791 2305 baptizatis
804 2245 932 2291 statutum
946 2243 981 2290 sit
982 2277 1093 2292 .....
1143 2245 1158 2294 8

143 2319 199 2366 311.
218 2317 351 2377 Haeretici,
367 2317 537 2367 schismatici.
565 2351 1094 2368 .....................
1129 2321 1157 2369 11

144 2393 198 2442 313.
218 2392 282 2452 Quae
311 2393 366 2442 sint
392 2393 570 2462 obligationes
599 2393 743 2454 laicorum,
765 2393 914 2458 praesertim
943 2392 1095 2456 principum

221 2469 437 2528 christianorum,
453 2483 516 2533 erga
530 2469 676 2520 Ecclesiam
694 2505 1094 2520 ................
1128 2473 1156 2521 11

143 2545 198 2596 313.
217 2546 282 2606 Quae
295 2545 348 2594 sint
362 2544 423 2608 jura
437 2545 566 2595 laicorum
581 2546 609 2595 in
626 2545 745 2596 Ecclesia
747 2578 1093 2596 ..............
1127 2548 1157 2597 13

570 2705 681 2756 seculo
700 2707 733 2755 11.

532 2816 575 2856 un
597 2815 770 2858 cucumis.

144 2918 198 2966 311.
216 2916 286 2967 Ordo
301 2905 481 2981 quaestionum
494 2930 554 2981 quae
570 2917 602 2966 dc
615 2916 718 2966 clericis
733 2916 924 2980 expenduntur
926 2951 1092 2968 .......
1126 2921 1156 2970 13

291 3061 346 3097 ΑΜ.
364 3061 428 3096 1.<-
445 3061 477 3096 ΒΕ
493 3060 666 3100 PROHOVENDIS
686 3060 710 3096 lit
727 3059 820 3097 suarum
839 3060 1002 3096 ennuicannnt.

143 3177 198 3225 313.
216 3176 267 3234 Qui
280 3178 428 3240 generatim
442 3179 619 3241 promovendi
634 3180 688 3229 sint
701 3178 729 3228 i'n
739 3181 837 3228 statum
853 3176 1012 3226 clericalem.
1032 3212 1038 3226 .
1058 3212 1064 3226 .
1086 3213 1092 3227 .
1127 3181 1156 3230 15

142 3253 198 3301 316.
216 3252 285 3310 Quid
299 3253 334 3302 sit
346 3253 450 3304 vocatio
464 3255 499 3304 ud
512 3258 611 3305 statum
627 3253 777 3304 clericalem
787 3255 814 3302 ct
829 3252 927 3316 quibus
943 3251 1026 3314 signis
1038 3265 1095 3301 ma·

221 3328 364 3379 niicstctur
366 3363 1093 3382 .............................
1128 3331 1157 3378 16

142 3404 198 3455 317.
216 3403 297 3467 Signa
316 3405 463 3456 vocationis
481 3407 579 3458 divinae
582 3439 1093 3458 ....................
1127 3406 1156 3455 18

143 3480 199 3530 318.
216 3479 311 3530 Utrum
321 3481 426 3531 vocatio
438 3482 561 3546 imponat
573 3481 759 3532 necessitatem
772 3479 902 3532 moralem
913 3479 1094 3544 amplectendi

220 3559 319 3607 statum
332 3557 482 3608 clericalem
485 3589 1092 3610 ........................
1127 3555 1157 3604 19

141 3633 196 3683 319.
215 3632 297 3684 Casus
311 3632 340 3682 in
354 3647 407 3699 quo
423 3637 487 3685 sunt
503 3638 612 3687 tuntum
627 3635 704 3700 signa
720 3633 875 3686 communia
876 3667 1091 3684 .........
1124 3630 1155 3680 20

971 3735 1016 3789 ac.
1068 3797 1071 3805 .
