2582 4278
203 314 272 364 ΛΒΤ.
293 313 314 362 l.
336 313 458 362 aaroni
476 315 515 362 ΕΤ
535 314 731 364 ccusrlrurlo
751 315 968 365 ctrlrunouuu.
1045 311 1095 366 117

72 431 212 505 confert,
236 436 268 491 et
288 430 428 509 aliquam
450 431 766 506 administrationem,
793 432 859 494 sine
877 432 1096 512 jurisdictione

74 529 207 610 proprie
222 528 308 590 dicta
321 546 329 590 :
344 528 527 607 hujusmodi
539 534 586 590 est
599 529 786 610 plerumque
802 531 942 592 officium
954 549 1096 613 praecen-

75 627 168 702 toris,
192 627 426 710 sacristae,etc.
452 627 594 708 Officium
620 628 754 709 simplex
775 629 873 690 hahet
893 629 1095 692 administra-

77 725 215 801 tionem,
238 725 305 786 sine
328 725 569 804 praeeminentia
590 731 622 786 et
639 725 857 806 jurisdictione
882 727 917 790 in
940 729 1096 808 capitulo,

75 823 176 902 quale
190 841 258 884 csse
272 827 376 901 potest
393 823 532 884 osticium
546 823 736 902 theologalis
750 830 782 884 et
798 825 1035 904 poenitentiarii.

139 923 210 982 Non
229 920 274 981 ita
290 921 381 982 facile
396 927 445 981 cst
462 920 683 995 determinare,
703 922 736 981 in
756 923 871 1002 specie,
892 923 1022 1002 quinam
1038 924 1099 984 sint

75 1017 164 1079 tituli
180 1019 235 1098 qui
249 1019 431 1097 dignitates,
448 1025 647 1098 personatus,
664 1024 719 1080 aut
733 1019 873 1100 officium
889 1020 1024 1100 simplex
1038 1021 1098 1082 dici

75 1107 237 1191 debcant3
262 1116 352 1177 nulla
371 1116 526 1195 siquidem
548 1121 595 1178 est
616 1117 728 1195 regula
747 1118 902 1195 generalis
922 1118 982 1180 hac
1006 1120 1044 1180 de
1065 1138 1099 1179 re

76 1215 265 1288 constituta,
286 1215 341 1274 sed
358 1214 482 1274 statutis
500 1213 697 1292 singulorum
717 1215 928 1294 capitulorum
943 1221 974 1276 et
989 1216 1098 1277 liccle·

76 1312 200 1372 siarum
216 1312 437 1372 consuetudini
447 1312 480 1372 id
493 1312 691 1391 relinquitur.
712 1313 950 1388 «Consuetudo,
965 1314 1010 1373 ait
1021 1315 1097 1392 Bere
1208 1335 1210 1342 ’

80 1433 97 1466 a
114 1410 214 1485 bosa,
240 1409 414 1490 plurimum
442 1415 593 1490 operatur
619 1411 659 1470 ad
689 1411 937 1488 dignoscendum
963 1429 1034 1490 quae
1060 1413 1100 1471 sit

80 1531 97 1563 «
112 1509 220 1587 prima
234 1507 371 1587 dignitas
383 1509 415 1566 in
431 1508 539 1586 aliqua
552 1507 702 1579 Ecclesia,
722 1513 753 1569 et
767 1509 838 1570 ideo
854 1509 1026 1570 attenditur
1040 1528 1099 1588 po-

78 1630 96 1660 «
111 1605 176 1666 tius
193 1605 322 1666 solitum
338 1605 437 1685 ipsius
454 1605 613 1680 Ecclesiae,
633 1623 728 1686 quam
741 1605 794 1685 jus
811 1625 989 1668 commune.
1007 1630 1023 1662 n
1044 1605 1100 1688 (De

80 1701 255 1779 Conouicis,
272 1722 342 1783 cap.
359 1720 402 1777 rv,
422 1703 469 1769 n¹t
481 1705 510 1777 8,
528 1705 571 1776 9.)
587 1703 761 1782 Dignitates
778 1703 896 1784 ubique
911 1709 1100 1783 reputantur

79 1801 368 1876 archidiaconatus,
387 1801 724 1881 archipresbyteratus,
741 1807 772 1863 et
788 1803 928 1864 officium
945 1802 1030 1863 illius
1044 1803 1099 1881 qui
1186 1867 1188 1872 Α

79 1903 178 1978 caput
193 1903 241 1959 est
255 1899 397 1978 capituli,
413 1917 613 1978 quocumque
629 1899 755 1960 nomine
770 1900 909 1961 officium
923 1900 1001 1960 illud
1015 1900 1098 1961 desi-

77 2003 206 2074 gnetur.
225 1999 347 2058 Gaetera
361 2016 380 2057 a
395 1997 674 2058 consuetudinibus
689 2002 719 2058 et
735 2017 754 2058 a
768 1999 893 2060 statutis
907 1999 1057 2078 pendent.

138 2095 177 2156 11.
192 2095 349 2167 Ouaeritur
360 2095 442 2155 inter
454 2095 599 2156 doctores
612 2099 720 2155 utrum
730 2095 899 2172 dignitates
911 2095 974 2156 sint
983 2096 1022 2157 de
1033 2115 1099 2157 cor·
1150 2129 1152 2132 ·

78 2211 157 2272 pore
170 2181 315 2273 capituli,
329 2211 369 2254 an
383 2199 472 2254 extra
483 2212 595 2273 corpus
611 2193 784 2272 capitulare
798 2199 997 2256 censeantur.

143 2312 159 2348 c
177 2292 214 2351 ln
233 2290 374 2352 Ecclesia
392 2291 547 2366 saeculari,
568 2291 612 2352 ait
626 2291 717 2352 Gard.
736 2293 840 2364 Petra,
862 2291 990 2352 nomine
1010 2292 1098 2370 capi-

78 2413 94 2442 «
109 2388 171 2449 tuli
190 2389 298 2450 venire
312 2395 436 2451 tantum
457 2391 625 2451 canonicos
641 2389 829 2468 regulariter
848 2395 895 2450 est
910 2389 1096 2464 dicendum3

81 2511 94 2540 o
110 2487 197 2547 unde
211 2487 423 2548 excluduntur
434 2487 615 2566 dignitates,
631 2507 702 2567 quae
716 2507 782 2548 non
796 2487 945 2548 dicuntur
959 2487 998 2547 de
1013 2487 1100 2566 capi·
1187 2542 1190 2559 ,

77 2583 191 2658 «tulo,
213 2585 274 2645 nisi
294 2584 385 2646 aliter
401 2586 483 2646 ferat
502 2585 707 2647 consuetudo.
728 2588 826 2647 Extra
844 2585 969 2647 ltaliam
987 2585 1100 2665 regula

78 2687 215 2743 «estut
238 2683 407 2760 dignitates
428 2702 492 2743 non
514 2683 577 2745 siut
599 2683 638 2744 de
659 2683 818 2764 capitulo;
842 2683 875 2743 in
898 2683 990 2745 ltalia
1010 2700 1097 2761 vero,

82 2797 96 2835 a
112 2780 201 2858 quod
212 2778 290 2855 sint,
306 2784 441 2860 utraque
451 2786 560 2842 tamen
571 2781 683 2860 regula
695 2780 917 2842 limitationem
927 2780 1098 2859 recipiente

81 2899 95 2930 (ι
111 2895 150 2938 ex
167 2879 327 2940 contrario
339 2897 409 2955 usu,
422 2879 448 2938 si
459 2879 540 2939 forte
550 2879 653 2940 aderit
665 2881 772 2960 quoad
785 2886 885 2940 certas
900 2878 1066 2940 Ecclesias.
1079 2900 1094 2936 n

79 2972 318 3051 (Commentario
332 2976 483 3038 inconst.
499 2979 547 3036 lam
557 2979 588 3039 S.
601 2977 726 3052 Leonis,
740 2983 814 3038 sect.
831 2995 867 3052 11,
879 2986 914 3037 n⁰
926 2979 956 3054 9,
969 2977 1099 3054 tomi.)

78 3072 146 3132 -Non
165 3073 212 3134 ita
230 3073 358 3134 difficile
378 3081 425 3135 est
442 3075 601 3154 explicare
621 3094 677 3136 cur
694 3075 817 3137 diversa
835 3075 931 3136 fuerit
950 3093 988 3134 ea
1007 3075 1046 3134 de
1064 3092 1098 3133 re

82 3170 294 3231 Ecclesiamm
313 3172 490 3251 disciplina.
512 3173 678 3234 Nonnullae
699 3172 818 3234 scilicet
836 3191 874 3233 ex
891 3171 1099 3251 dignitatibus

83 3271 112 3326 et
128 3268 240 3330 officiis
256 3273 326 3348 quae
345 3289 427 3331 nunc
446 3269 605 3331 hahentur
619 3271 652 3330 in
670 3271 826 3350 capitulla,
846 3275 937 3330 erant
953 3269 1099 3347 primitus

84 3364 369 3428 administrationes
391 3373 424 3428 et
448 3368 664 3447 delegationes
690 3367 901 3430 revocabiles!
921 3367 999 3427 Cum
1023 3383 1098 3426 vero

85 3460 214 3524 decursu
237 3469 417 3544 temporum
440 3467 596 3527 evaserint
616 3467 650 3526 in
675 3465 814 3526 officium
836 3464 959 3538 stabile,
980 3481 1098 3524 novum

86 3557 159 3619 illud
170 3561 334 3640 dignitatis
346 3563 467 3624 stabilis
475 3563 706 3626 incrementum
716 3564 809 3642 plura
822 3562 961 3641 capitula
972 3561 1098 3622 induxit

87 3655 126 3714 ad
138 3657 196 3717 sibi
209 3659 244 3718 in
258 3659 342 3720 idenr
358 3679 471 3740 corpus
484 3681 537 3722 eos
550 3662 765 3740 cooptandum
777 3678 857 3739 quos
870 3659 910 3720 ad
923 3659 980 3720 illa
994 3657 1099 3720 officia

89 3761 317 3833 promoverant,
336 3757 459 3820 durnin
479 3759 548 3820 aliis
563 3758 712 3820 Ecclesiis
728 3762 817 3819 vetus
832 3757 949 3819 mansit
967 3775 1098 3819 consue-

927 3877 954 3928 7.
