2588 4276
226 278 279 334 248
530 317 533 322 .
562 284 637 332 rins
657 284 692 332 11.
714 252 897 331 asenniam.

226 403 299 464 liter
313 401 390 462 certi
403 418 510 461 sumus
526 400 755 474 devocatione,
772 417 829 460 nos
845 399 878 458 in
894 398 985 476 gravi
997 398 1139 479 periculo
1151 399 1221 461 salu·
1275 389 1276 402 ἢ

226 502 266 560 tis
290 499 486 579 conjicimus,
510 498 537 558 si
552 497 682 577 Spiritui
706 500 822 560 Sancto
847 497 1221 566 attrahentiresistarnus.
1273 483 1274 496 ³

227 599 349 659 Etenim
361 600 392 656 l⁰
403 597 526 659 Sanctis
537 597 718 679 doctoribus
732 615 856 675 semper
867 615 1054 675 persuasum
1064 595 1126 657 fuit
1135 597 1224 676 plures

18 719 21 784 J
124 713 125 717 ’
227 696 342 758 salvari
354 696 389 756 in
403 696 566 776 religione,
580 695 636 774 qui
649 695 793 756 damnati
806 695 940 755 fuissent
948 695 1031 754 inter
1044 695 1154 754 saeculi
1162 699 1226 755 tem·

227 800 363 875 pestates
377 813 414 856 ac
425 813 574 856 sensuum
583 794 761 866 illecebras;
775 793 860 854 unde
876 795 909 855 S.
922 793 1093 871 Gregorius
1108 793 1225 872 Magnus
1273 817 1274 822 ¹

227 897 417 973 conquestus
431 899 478 954 est
497 893 582 972 apud
599 892 781 955 Mauritium
795 891 1022 970 imperatorem
1038 891 1161 970 delego
1176 910 1226 971 qua

227 992 379 1052 militibus
399 991 648 1052 interdicebatur
668 991 812 1068 ingressu
836 989 1031 1066 monasterii,
1061 991 1153 1068 quasi
1176 989 1225 1050 hac

226 1090 295 1166 lege
311 1088 454 1168 pluribus
468 1089 584 1149 ooelum
599 1089 710 1148 fuisset
724 1087 866 1148 clausum
883 1107 891 1150 :
909 1111 924 1142 u
942 1085 1035 1165 Sunt,
1053 1086 1226 1148 aitsanctus

229 1188 380 1262 «doctor,
404 1186 456 1266 qui
476 1187 540 1247 cici
559 1187 659 1248 omnia
682 1185 871 1267 reliquerint,
895 1183 1014 1246 salvari
1035 1184 1122 1266 apud
1144 1183 1225 1246 ram

229 1309 244 1343 «
259 1284 428 1346 nullatenus
443 1294 577 1365 possunt.
603 1309 618 1339 »
641 1287 674 1344 2⁰
690 1285 748 1356 Qui
767 1289 875 1343 manet
893 1285 925 1343 in
945 1284 1074 1358 saeculo,
1097 1283 1225 1363 quamvis

227 1403 259 1446 se
271 1383 378 1444 divina
391 1383 598 1462 inspiratione
612 1382 727 1443 sentiat
742 1386 913 1443 attractum
925 1381 970 1441 ad
982 1386 1102 1443 statum
1118 1381 1224 1460 religio·

182 1543 183 1550 ,
227 1501 307 1556 sum,
324 1499 388 1542 non
404 1481 535 1541 habebit
547 1481 604 1541 illa
618 1479 796 1540 efficaciora
811 1479 920 1557 gratiae
941 1479 1071 1556 auxilia,
1091 1496 1160 1558 quae
1177 1479 1226 1558 ipsi

191 1647 193 1650 ,
227 1583 309 1641 Deus
327 1579 359 1638 in
377 1578 438 1640 hoc
457 1583 541 1639 statu
559 1579 767 1658 praeparavit;
785 1577 900 1638 ntideo
915 1577 952 1638 iis
972 1577 1142 1638 destitutus
1155 1575 1223 1636 diffi-

228 1678 330 1739 culter
344 1676 574 1738 tentationibus
590 1677 726 1751 resistet,
746 1682 776 1737 et
793 1695 888 1754 grave
908 1676 1088 1756 periculum
1110 1675 1222 1737 damna·

227 1776 322 1837 tionis
340 1775 490 1836 incurret.
509 1775 593 1836 Nihil
612 1781 679 1836 lam
697 1775 985 1854 pertimescendum
1004 1774 1130 1836 homini
1144 1793 1224 1854 quam

228 1893 268 1934 ne
282 1876 364 1935 Deus
378 1873 424 1934 ita
441 1873 648 1953 providentiae
667 1891 731 1935 suae
748 1893 857 1934 curam
874 1878 905 1934 et
923 1873 1042 1934 auxilia
1056 1873 1165 1953 gratiae
1181 1871 1225 1931 im·

228 1972 367 2046 minuat3
385 1991 443 2032 nec
462 1973 637 2052 quidquam
652 1978 699 2033 ost
714 1973 792 2033 adeo
810 1972 943 2033 sollicite
958 1973 998 2034 ab
1015 1991 1052 2033 eo
1068 1969 1224 2052 petendum

229 2089 325 2150 quarn
346 2075 382 2130 ut
402 2087 473 2130 eam
493 2070 684 2130 auxiliorum
703 2087 885 2131 mensuram
905 2069 995 2130 nobis
1015 2070 1158 2130 conferat
1175 2085 1226 2147 qua

228 2167 317 2230 novit
335 2186 393 2228 nos
412 2167 527 2228 certius
546 2168 734 2242 salvandos;
756 2169 817 2228 lioc
837 2173 894 2242 est,
912 2173 948 2228 ut
965 2168 999 2227 in
1018 2167 1164 2228 omnibus
1179 2183 1225 2225 nos

228 2271 386 2346 protegat,
403 2266 527 2341 excitet,
545 2267 671 2345 dirigat,
688 2267 769 2328 sicut
790 2267 879 2328 novit
896 2267 990 2328 saluti
1007 2274 1124 2328 nostras
1144 2281 1225 2344 expe-

229 2365 297 2428 dire
311 2365 344 2424 ¹?
602 2377 605 2383 “

286 2475 357 2536 455.
374 2507 413 2518 -
430 2475 472 2534 ll⁰
488 2472 617 2548 Quinam
632 2473 707 2554 jure
729 2473 933 2553 r'rnpcdr'antur
951 2473 988 2534 ab
1007 2473 1146 2554 inpressu
1162 2469 1222 2532 reli-

228 2568 349 2651 proriis?

288 2677 362 2740 Jure
385 2677 601 2757 impediuntur
623 2679 663 2739 ab
683 2679 826 2757 ingressu
851 2679 1042 2757 religionis:
1067 2674 1223 2756 conjugati,

229 2794 292 2838 aere
316 2775 419 2835 alieno
439 2775 572 2852 gravati,
593 2777 766 2837 ratiociniis
785 2777 953 2837 reddendis
974 2777 1114 2850 obnoxii,
1133 2771 1223 2835 crimi-

229 2874 308 2948 nosi,
326 2872 417 2933 liberi
432 2890 566 2951 quorum
580 2880 728 2954 parentes
740 2875 773 2934 in
786 2880 931 2936 extrema
944 2875 996 2936 vel
1008 2876 1098 2953 gravi
1110 2869 1225 2934 necessi-

229 2977 293 3033 tate
311 2976 486 3046 versantur,
504 2978 649 3051 parcntes
664 2992 800 3052 quorum
814 2992 912 3054 opera
928 2973 1020 3035 liberi
1037 2973 1176 3052 indigent
1192 2966 1223 3028 ad

230 3089 319 3131 suam
332 3071 562 3146 educationem,
576 3071 733 3150 Episcopi.

289 3179 312 3238 l.
333 3176 856 3258 Coojcpaiz'impedlunturvinculo
866 3199 930 3258 quo
943 3179 1122 3240 alteralteri
1132 3167 1223 3252 alliga·

229 3283 291 3338 tur.
308 3279 372 3338 Lex
387 3282 492 3337 tamen
508 3276 648 3355 conjugii
660 3295 724 3337 non
739 3296 863 3358 semper
882 3279 986 3339 obstat
1005 3274 1181 3339 admissioni
1193 3271 1218 3330 in
1275 3311 1276 3324 l

230 3375 383 3454 religione
400 3393 407 3436 :
424 3373 474 3434 vel
490 3374 573 3434 enlm
590 3375 829 3436 matrimonium
849 3383 895 3438 est
910 3377 1111 3437 solummodo
1123 3378 1220 3440 ratum,

232 3479 266 3534 ut
281 3475 379 3546 aiunt,
392 3472 443 3534 vel
458 3492 516 3532 usu
532 3479 798 3536 consummatum.
856 3483 858 3486 ’

292 3571 324 3631 Si
340 3572 400 3644 1³³¹,
421 3571 556 3631 liberum
571 3577 618 3633 est
633 3573 787 3648 alterutri,
802 3573 915 3643 relicta,
926 3579 1100 3655 camparte,
1119 3562 1221 3648 ingredi
1275 3653 1276 3666 χ

1275 3683 1276 3722 l

280 3760 303 3806 l.
317 3757 432 3820 lessius,
447 3756 494 3809 lor.
510 3758 563 3822 cit,
576 3745 615 3810 nn
628 3761 668 3823 98,
682 3761 728 3822 993
741 3787 771 3798 -
785 3762 810 3812 S.
824 3761 941 3824 Liguori,
955 3759 1002 3810 lib.
1020 3761 1061 3822 IV,
1077 3767 1108 3808 n⁰
1124 3761 1157 3808 78.
1275 3751 1276 3822 l
