2582 4278
196 248 251 302 tit
321 283 324 292 ι
390 279 391 284 =
562 253 644 304 1³th
659 253 694 302 11.
715 253 845 302 cesalai.

198 370 287 430 fuere
300 368 437 440 realiter,
454 375 510 430 aut
523 374 694 449 prasentes
713 369 807 432 fuisse
824 374 1011 450 reputantur
1029 387 1068 430 ex
1083 366 1227 428 fictione

194 465 288 547 juris.
313 461 486 529 Concilium
515 466 735 528 Tridentinum
758 460 862 546 jussit,
889 467 1121 530 adferendam
1150 464 1229 524 dili·

199 559 337 644 gentiam
353 565 588 641 canonicorum,
600 565 677 626 utin
688 565 818 643 singulis
829 565 968 626 ecelesiis
980 563 1228 626 cathedralibus

199 669 234 723 et
247 661 434 740 collegiatis
450 662 505 722 ubi
525 657 772 724 deessent‘b'ona
789 662 951 743 speciatim
974 663 1136 741 assignata
1159 659 1229 720 dis-

197 759 424 820 tributionibus
442 759 648 840 quotidianis,
670 755 899 840 Episcoporum
921 779 996 823 cura
1019 759 1115 821 etiam
1143 762 1228 817 tan-

201 876 297 937 quam
322 857 509 936 Apostolicae
537 859 627 920 Sedis
655 858 884 937 delegatorum,
913 861 1113 937 separaretur
1143 872 1229 934 pars

156 1009 159 1018 ,
199 954 295 1015 tertia
311 953 470 1016 fructuum
494 955 752 1033 Praehendarum‚
769 973 839 1035 quae
859 955 1027 1016 dividenda
1051 954 1111 1016 erit
1134 953 1231 1012 inter

200 1051 369 1130 dignitates
383 1057 414 1113 et
429 1053 597 1114 canonicos
613 1053 725 1114 officiis
743 1052 855 1113 divinis
875 1053 1106 1128 interessentes,
1122 1050 1230 1130 juxta

199 1149 437 1228 proportionem
457 1151 498 1210 ab
512 1150 624 1211 iisdem
644 1150 808 1230 Episcopis
829 1151 1079 1211 determinatam.
1100 1149 1231 1210 Sancta

198 1246 297 1308 Sedes
318 1265 504 1329 promovere
527 1247 648 1308 studuit
670 1247 932 1308 instaurationem
947 1246 1121 1326 disciplinae
1149 1244 1228 1305 Tri·

199 1344 354 1419 deminae,
370 1346 497 1425 quando
520 1351 701 1424 opportuna
721 1345 845 1407 occasio
870 1363 903 1406 se
924 1341 1021 1406 dedit.
1048 1347 1083 1404 ln
1103 1340 1229 1404 litteris

197 1441 387 1521 Apostolieis
407 1441 521 1521 quibus
535 1448 677 1503 recenter
691 1448 802 1504 erectae
818 1448 891 1502 sunt
908 1442 997 1503 sedes
1012 1438 1228 1522 Episcopales

199 1539 233 1599 in
249 1539 367 1614 Galliis,
379 1539 473 1618 jussit
488 1544 524 1600 ut
539 1558 579 1600 ex
593 1540 740 1601 omnihus
754 1540 994 1610 canonicatibus
1009 1537 1162 1600 Ecclesiae
1175 1555 1229 1598 ea-

111 1655 113 1658 ·
200 1636 364 1713 thedralis,
385 1637 478 1698 tertia
495 1657 568 1717 pars
583 1637 829 1718 uniuscujusque
845 1637 1024 1718 praehendae
1043 1652 1227 1697 secernere-

200 1741 266 1807 tur,
281 1753 319 1794 ex
339 1735 439 1812 iisque
455 1735 632 1796 communis
652 1755 757 1797 massa
771 1736 993 1797 efformaretur
1009 1735 1043 1794 in
1058 1733 1226 1816 quotidia-

200 1851 258 1892 nas
280 1831 517 1894 distributiones
546 1833 707 1894 canonicis
732 1833 941 1911 assignandas
966 1832 1022 1912 qui
1045 1832 1083 1892 in
1100 1831 1171 1892 dies
1195 1835 1228 1890 et

202 1927 297 1990 horas
309 1929 477 1990 canonicas
491 1936 662 2010 presentes
677 1930 837 1992 adfuerint
848 1935 868 1992 ¹.

205 2073 207 2076 .
263 2025 394 2097 Quando
406 2027 502 2089 liceat
512 2027 745 2108 canonicis,qui
759 2046 823 2089 non
839 2027 955 2088 tuerint
964 2031 1139 2106 praesentes
1149 2024 1225 2086 offi-

99 2131 103 2134 “
203 2121 271 2196 ciis,
285 2123 424 2202 recipere
441 2123 677 2187 distributiones
691 2125 894 2206 quotidianas
909 2143 966 2187 suo
989 2127 1059 2188 loeo
1079 2124 1227 2185 dicemus

204 2217 347 2300 (ntddti).

255 2318 315 2380 ill.
343 2317 578 2383 Dz'strr'butioaes
600 2319 753 2383 manuales
774 2321 923 2382 dicuntur
947 2320 1130 2382 oblationes.
1152 2333 1226 2396 quae

202 2415 283 2476 fiunt
297 2415 456 2478 interdum
472 2419 632 2480 canonicis
644 2421 684 2480 ob
698 2437 788 2480 suam
801 2418 1014 2480 assistentiam
1029 2415 1226 2496 quibusdam

203 2513 1225 2596 officiisextraordinariis,utng.ohsequiis,anniversariis,ete,

203 2609 245 2669 ad
259 2629 331 2688 quae
344 2631 408 2672 non
421 2618 569 2675 tenentur
583 2615 615 2675 vi
629 2615 677 2675 sui
690 2615 784 2676 tituli.

264 2706 281 2742 *
294 2709 366 2770 383.
382 2743 421 2756 -
435 2711 489 2773 111⁰
506 2711 654 2786 Ouidsz'at
664 2712 827 2792 dipnitates
840 2722 869 2775 et
878 2711 985 2793 osfior‘o
998 2705 1226 2792 capitulorum?

263 2805 288 2864 Ι.
305 2807 424 2867 Praeter
433 2807 602 2886 decanum,
612 2816 669 2871 aut
680 2807 897 2888 prepositum,
910 2809 951 2870 de
961 2827 1025 2888 quo
1035 2824 1132 2887 supra
1143 2806 1227 2866 dioe-

203 2899 327 2978 bamus,
354 2909 427 2964 sunt
449 2907 657 2968 communiter
678 2907 748 2969 aliae
772 2906 952 2984 dignitates,
980 2909 1172 2985 personatus
1196 2906 1227 2962 et

204 2997 326 3071 officia,
353 3000 467 3079 quibus
494 3005 699 3082 provideatur
725 3003 904 3084 splendori,
931 3002 1097 3081 regimini,
1127 3006 1226 3080 atque

203 3096 379 3158 commodis
394 3098 534 3178 capituli.

263 3193 407 3273 Dipeitas
419 3203 466 3258 est
478 3199 618 3260 officium
628 3200 792 3262 conferens
802 3199 895 3260 simul
905 3197 1183 3279 praeminentiam
1196 3199 1228 3256 et

200 3287 454 3367 jurisdictionem
473 3296 593 3358 infore
613 3303 754 3371 externo,
778 3296 811 3356 id
830 3302 877 3358 est
896 3301 1088 3376 potestatem
1107 3293 1225 3374 guber·

205 3388 301 3448 nandi
323 3409 394 3451 cum
417 3393 527 3472 aliqua
547 3395 720 3458 coactione.
743 3393 930 3455 Percennius
951 3390 1225 3473 praeeminentiam

210 3517 211 3524 ἵ
254 3544 887 3616 tidpraescriptumlagiturinLitterisquibus
902 3549 1225 3614 erectafuitsedesEpis-

206 3617 308 3679 copalis
325 3623 497 3688 Guidoraltis,
513 3641 556 3677 an.
574 3630 647 3690 5855,
665 3632 691 3678 et
704 3629 825 3679 Ecclesia
840 3627 1026 3678 Rhedonensia
1043 3626 1071 3688 in
1089 3627 1223 3686 Metropc·
1289 3649 1290 3702 p

206 3692 316 3744 titanam
328 3702 430 3770 evecta,
448 3714 491 3751 an.
512 3703 581 3755 1859.
737 3725 745 3736 ·
988 3733 995 3740 -
