2642 4270
229 214 281 270 570
494 221 568 271 PARS
586 222 634 272 111.
655 224 711 272 1le
731 223 984 274 noctemnoctem.

228 335 433 400 nemetum
445 338 661 417 prohibitione
676 319 992 418 geueraiianmandi
1005 341 1115 404 ionae
1129 343 1245 402 eraeer

228 447 336 498 ossum
357 453 453 516 supra
475 437 667 516 expositum,
686 455 749 516 quo
769 437 888 500 scilicet
907 440 1045 518 pecunia
1062 443 1249 519 comparata

230 532 290 594 luit
309 551 349 594 ex
368 534 548 596 venditione
567 535 614 598 rei
637 535 808 596 immobilis
829 542 865 596 ut
886 536 972 599 aliud
996 537 1164 601 immobile
1179 538 1246 598 Ioco

127 634 129 637 ’
228 630 344 711 prioris
358 635 492 706 emetur,
509 633 564 694 alii
578 651 669 694 casus
683 651 767 712 siepc
781 633 943 708 eveniunt,
962 636 1002 696 de
1016 636 1134 715 quibus
1151 633 1247 696 dubi·

195 807 199 814 Ι
228 727 290 789 tari
303 733 422 808 potest;
438 729 573 792 scilicet:
591 731 621 790 l⁰
637 731 663 790 si
676 730 813 810 pecunia
828 732 1004 794 destinetur
1018 751 1058 794 ex
1072 731 1249 794 intentione

232 825 423 890 donatorum
444 827 486 889 sd
506 827 746 907 acquisitionem
767 829 813 890 rei
835 829 1023 901 immobilis,
1047 831 1099 891 vel
1124 828 1250 892 mobilis

228 923 389 1002 pretiosae;
401 926 434 984 2⁰
446 924 472 986 si
486 926 625 1004 pecunia
635 926 792 988 collocate
805 927 845 988 sit
855 927 941 1007 apud
953 927 1135 1000 hannones,
1151 926 1205 988 rel
1218 927 1248 988 iu

229 1020 430 1084 societatibus
445 1024 728 1094 commercialibus.
745 1029 779 1084 ut
791 1024 891 1104 possit
903 1024 1019 1092 exinde
1034 1025 1158 1086 retrahi
1172 1043 1245 1086 ven·

232 1117 351 1180 ditione
375 1119 552 1196 titulorum,
576 1120 603 1182 si
625 1121 706 1183 forte
730 1139 811 1202 opus
834 1121 889 1197 sit,
918 1127 949 1184 ct
975 1123 1100 1184 interea
1125 1123 1245 1184 fruetus
1311 1103 1312 1194 l

232 1231 355 1278 annuos
372 1217 498 1280 referat.

288 1313 391 1375 Dubia
409 1315 525 1376 resolvi
540 1315 657 1377 debent
671 1315 713 1376 ad
730 1320 869 1378 mentem
883 1315 972 1395 legis.
995 1317 1030 1377 In
1052 1317 1153 1397 priori
1173 1335 1244 1378 casu

230 1409 354 1474 videtur
362 1412 529 1492 pecuniam
538 1432 602 1475 non
612 1431 704 1493 posse
715 1414 849 1475 distrahi
859 1415 900 1476 nd
910 1413 1117 1476 alinmlinem
1125 1415 1241 1494 absque

177 1561 178 1566 ,
230 1506 433 1588 beneplacito
447 1510 633 1590 apostolico,
650 1511 805 1590 siquidem
833 1511 969 1591 pecunie
988 1512 1063 1572 data
1078 1511 1122 1572 ad
1139 1530 1243 1574 emen-

231 1605 308 1666 dum
326 1606 488 1668 immobile
508 1607 603 1669 debet
617 1608 723 1670 locum
738 1614 845 1670 tenere
859 1609 959 1689 ipsius
973 1609 1147 1671 immobilis
1162 1608 1243 1689 quod

230 1709 445 1784 representat.
460 1707 496 1768 ln
507 1702 676 1784 posteriori
690 1725 765 1768 casu
780 1707 973 1768 arbitramur
988 1707 1158 1785 pecuniam
1170 1707 1244 1768 alie-

229 1800 299 1864 nori
316 1813 419 1881 posse,
435 1802 462 1863 si
483 1802 587 1883 reipsa
604 1805 744 1884 reposita
766 1805 807 1865 sit
829 1803 870 1865 ad
892 1810 1018 1884 tempus
1039 1805 1072 1864 in
1095 1805 1245 1867 societate

229 1900 452 1976 commerciali‚
466 1919 530 1963 non
542 1901 717 1984 intentione
732 1903 821 1964 illam
836 1904 982 1964 servandi
999 1908 1034 1964 ut
1044 1902 1168 1964 bonum
1185 1907 1247 1964 sta·

128 2071 138 2082 ⁸
229 1995 304 2072 bile,
321 1997 375 2058 sed
389 1999 430 2060 ad
444 2017 547 2074 usum,
562 2001 690 2078 quondo
705 1999 913 2080 postulaverit
927 2000 1107 2062 necessitas
1127 2001 1245 2062 Omnes

229 2093 263 2154 id
276 2099 359 2158 certe
371 2095 574 2157 admitterent
585 2098 610 2158 si
619 2097 755 2176 pecunia
764 2098 804 2158 ad
819 2115 910 2158 usum
923 2097 1082 2158 destinata
1092 2096 1247 2158 collocata

231 2191 326 2254 tuerit
337 2193 369 2253 in
380 2211 454 2256 orca
466 2193 566 2256 donec
577 2194 700 2256 accidat
712 2194 835 2257 occasio
846 2213 884 2256 ea
894 2194 1018 2268 utendi3
1033 2213 1089 2256 cur
1100 2213 1167 2255 non
1177 2193 1246 2273 pari

179 2358 184 2364 ,
230 2289 353 2352 ratione
376 2290 572 2365 admittatur,
596 2292 623 2352 si
646 2293 758 2354 eadem
781 2292 917 2370 pecunia
940 2292 1037 2352 luerit
1058 2291 1099 2352 ad
1121 2297 1250 2370 tempus

231 2386 350 2450 utiliter
362 2387 500 2467 reposita
508 2389 541 2449 in
550 2389 752 2461 commercio,
765 2395 799 2448 ut
809 2390 929 2450 tructus
939 2388 1061 2450 interea
1070 2389 1247 2467 producat?
1312 2441 1313 2446 ,

232 2484 258 2546 E
276 2489 398 2563 contre,
414 2485 440 2547 si
454 2486 588 2565 pecunia
600 2486 758 2548 collocata
772 2487 822 2562 sit,
832 2492 986 2566 tanquam
1001 2485 1123 2546 bonum
1136 2485 1250 2548 stabile

232 2582 370 2644 referens
385 2601 496 2644 census
511 2602 645 2658 annuos,
663 2583 934 2664 quemadmodum
948 2583 1150 2644 communius
1163 2583 1201 2644 fit
1214 2582 1248 2642 in

233 2679 436 2742 societatibus
449 2681 606 2761 religiosis
618 2701 689 2762 quae
704 2682 897 2761 priecipuam
911 2686 1035 2762 partem
1051 2699 1179 2742 suorum
1194 2680 1251 2742 bo-

233 2791 347 2838 norum
362 2778 407 2838 ita
421 2777 605 2858 disponunt,
619 2779 752 2865 alienari
766 2797 831 2840 non
845 2784 951 2858 potest
964 2779 1057 2840 aliter
1072 2797 1169 2858 quam
1180 2795 1250 2838 ser-

231 2873 312 2935 vatis
340 2873 457 2954 regulis
481 2874 573 2953 juris.
602 2877 805 2944 Manifestum
821 2880 875 2938 ,est
901 2894 952 2936 res
978 2877 1193 2938 Ecclesiarum
1218 2878 1253 2936 et

232 2972 497 3040 communitatum
522 2975 706 3036 notabiliter
735 2973 923 3036 deteriorari
952 2993 1044 3053 posse
1067 2973 1253 3036 venditione

232 3069 414 3150 hujusmodi
426 3071 598 3147 actionum,
615 3091 767 3134 censuum
777 3078 808 3134 et
817 3071 952 3151 jurium,
967 3073 993 3133 si
1003 3073 1058 3132 liet
1071 3071 1254 3150 impruden-

233 3171 295 3243 ter3
313 3169 532 3248 quamobrem,
547 3162 611 3230 sive
626 3171 810 3230 attendatur
824 3169 865 3230 ad
880 3174 1002 3230 textum
1017 3169 1081 3230 sive
1097 3171 1139 3230 ad
1154 3170 1254 3234 finem

233 3263 323 3344 legis,
340 3266 545 3333 concludetur
557 3267 665 3329 titulos
679 3285 831 3329 censuum
844 3285 900 3329 seu
912 3267 1064 3331 octonum
1075 3269 1125 3326 vel
1138 3265 1255 3346 obliqu-

234 3362 347 3426 ti’onum
360 3382 480 3443 quae‚v.
493 3384 538 3445 g.,
560 3371 754 3445 eomparatae
771 3365 891 3426 suntin
907 3364 1111 3426 societatibus
1126 3363 1254 3424 viarum

234 3459 418 3535 ferrearum,
434 3462 575 3541 reputari
589 3463 709 3524 bonum
725 3461 842 3525 mobile
857 3463 1030 3541 pretiosum
1045 3464 1086 3522 de
1101 3479 1166 3541 quo
1183 3460 1254 3540 agi-

223 3559 285 3617 'tur
296 3557 329 3618 in
341 3558 433 3619 Bulla
445 3560 537 3620 Pauli
551 3561 589 3621 II.

292 3653 428 3716 *622.-
442 3657 490 3720 Ad
502 3661 565 3720 2⁰⁰¹:
575 3659 698 3722 Bullam
709 3659 801 3723 Peuli
813 3659 839 3724 ΙΙ
854 3665 1012 3722 servatam
1026 3677 1091 3766 non
1109 3660 1212 3723 fuisse
1222 3661 1254 3722 in
