2642 4268
266 227 341 296 san'
356 247 377 295 1.
400 247 476 296 aona
494 219 686 299 rauroasnl
706 201 861 299 accessis.
1016 242 1068 298 487

109 363 215 428 *eta
237 365 350 427 -1110
370 365 520 440 Quomodo
540 367 718 450 acquiratur
739 367 903 429 dominium
923 367 1068 430 bonorum

38 463 318 526 ecclesiasticorum
324 465 400 546 jure
410 467 549 528 canonico
561 477 592 529 ct
600 467 685 530 ciuili
690 465 705 528 i

112 563 139 627 l.
161 565 236 627 Jure
256 565 407 628 canonico
425 571 456 628 et
472 565 621 643 natarali,
634 567 782 630 Ecclesiae
802 567 970 648 acquirunt
987 567 1072 628 bona

39 662 168 725 iisdem
190 681 318 742 prorsus
336 665 447 726 mediis
461 670 492 726 et
506 665 606 726 titulis
618 666 733 747 quibus
749 666 864 745 privati
878 670 909 727 et
928 684 1071 727 eommu-

41 761 172 823 nitates
184 761 288 823 civiles
302 763 336 822 in
351 763 501 824 societate
516 763 677 838 saeculari3
702 764 820 830 seilicet
833 764 953 839 labore,
971 765 1070 827 dona·

42 859 194 920 tionibus
216 865 247 920 et
266 861 479 922 contractibus
493 861 645 941 onerosis,
668 862 746 923 adeo
767 865 801 923 ut
817 862 924 923 nullus
943 862 982 923 sit
997 881 1071 941 pro·

41 957 232 1036 prietarius,
249 959 375 1020 nullave
390 960 612 1036 communitas,
628 977 699 1041 quae
713 979 764 1021 res
783 979 855 1022 suas
874 961 934 1022 sibi
948 960 1071 1023 meliori

43 1057 124 1140 jure
141 1075 281 1119 asserere
300 1057 411 1121 valeat.
908 1047 910 1054 ’

112 1157 192 1218 Hae
201 1157 393 1219 attendenda
406 1164 490 1234 sunt,
506 1163 542 1219 ut
551 1158 713 1239 judicetur
724 1159 763 1219 de
776 1159 930 1220 inanitate
946 1157 1072 1238 sophis-

46 1259 178 1316 matum
205 1255 295 1334 queis
322 1256 469 1317 nonnulli
498 1257 582 1318 enixi
612 1263 685 1318 sunt
718 1257 928 1337 comprobare
957 1255 1074 1334 agendi

47 1353 212 1415 rationem
223 1359 395 1416 conventus
410 1355 590 1431 sationalis,
605 1355 661 1436 qui
677 1355 833 1417 Ecclesiae
848 1355 940 1416 bonis
953 1360 1075 1434 tempo-

49 1451 178 1513 ralibus
197 1452 355 1532 spoliavit.
371 1453 405 1516 Si
419 1455 515 1516 semel
529 1455 718 1516 admittatur
734 1454 856 1515 licitum
875 1454 941 1516 fore
956 1453 1072 1532 guber·

50 1551 108 1611 nio
134 1550 280 1613 saeculari
300 1551 353 1630 jus
378 1553 590 1615 aeclesiarum
621 1554 823 1628 labefactare,
852 1571 916 1614 non
943 1557 990 1614 est
1019 1571 1076 1614 cur

52 1650 271 1728 possessiones
284 1651 549 1713 communitatum
562 1651 714 1726 civilium,
730 1657 762 1712 et
776 1651 918 1731 ipsorum
932 1651 1074 1732 privato·

51 1767 127 1808 rum
137 1753 223 1809 tutas
238 1754 401 1828 putemus3
418 1767 491 1811 eum
507 1750 591 1811 enim
607 1769 672 1812 non
687 1749 749 1811 alio
765 1749 973 1811 fundamento
984 1766 1073 1830 repo·

54 1851 187 1921 nentur,
205 1846 317 1908 iisdem
337 1848 433 1912 etiam
454 1849 628 1928 principiis,
650 1867 706 1913 seu
726 1848 841 1910 rectius
866 1853 899 1910 ot
919 1847 1073 1921 dicamus,

52 1945 169 2005 iisdem
183 1945 385 2024 captionibus
399 1948 446 2007 fas
460 1946 519 2007 crit
529 1947 601 2028 jura
616 1945 864 2026 uniuscujusque
875 1965 933 2026 pro
944 1945 1075 2007 arbitrio

56 2043 219 2120 invadere,
236 2043 380 2123 nihilque
400 2044 513 2106 stabile
527 2045 724 2125 relinquetur
737 2045 770 2105 in
793 2045 953 2106 societate.

61 2163 64 2173 ¹
117 2143 190 2202 577.
204 2175 244 2186 -
258 2142 296 2204 11.
317 2142 392 2204 Jure
412 2143 496 2205 civili
515 2143 584 2206 haec
608 2143 825 2226 requiruntur,
853 2160 893 2203 ex
917 2141 1077 2203 veteribus

60 2235 173 2298 edictis
182 2235 277 2314 regiis
285 2237 486 2317 deprompta,
499 2242 535 2298 ut
545 2238 756 2299 communitas
767 2237 931 2316 acquirere
945 2235 1049 2297 valeat
1066 2252 1073 2296 :

124 2335 156 2394 l⁰
164 2335 296 2396 Necesse
305 2335 708 2398 estutcommunitasluerit
720 2337 828 2414 agnita
837 2333 1077 2415 approbataque

63 2453 82 2494 a
110 2432 275 2510 gubernio.
301 2433 494 2495 Gubernium
511 2435 701 2514 approbavit
721 2434 865 2495 instituta
887 2433 1075 2506 dioeoesana,

59 2550 177 2612 nempe
192 2531 302 2594 titulos
319 2532 526 2612 episcopales,
543 2532 903 2612 capitulallcelcsiarum
915 2531 1078 2592 cathedra-

61 2629 153 2704 lium,
163 2630 515 2692 fabricasEeclesiarum
526 2630 756 2693 cathedralium
766 2635 796 2692 et
807 2628 1078 2704 seminaria3insti·

61 2727 1087 2809 tutaparochialia,seilicetfabricasEcclesiarumparochialium,·

63 2826 1078 2910 capellasannexasriteerectas,presbyteriademumnonnullas

65 2927 308 2989 communitates
318 2926 493 3006 religiosas,
500 2927 674 3007 praesertim
682 2943 752 3008 quae
763 2927 1076 3006 hospitiorumeurae‚

64 3043 242 3106 pauperum
258 3026 476 3102 sublevemini,
488 3045 660 3106 puerorum
677 3011 856 3088 educationi
868 3025 1077 3087 destinantur.

125 3119 307 3181 Notandum
321 3121 426 3198 quoad
439 3119 561 3181 titolum
575 3119 787 3201 Episcopolcm
801 3121 972 3200 Episcopos
987 3135 1078 3198 posse

63 3219 150 3279 bona
171 3216 334 3297 acquirere
356 3218 513 3280 destinata
534 3235 599 3280 suae
619 3235 735 3279 mensae
759 3216 942 3298 episcopali,
964 3215 1079 3295 quibos

64 3317 186 3378 seilicet
206 3316 266 3377 sibi
283 3333 411 3396 suaeque
431 3317 575 3379 dioecesis
590 3315 858 3378 administrationi
874 3313 1077 3396 provideant3

64 3415 143 3476 item
162 3415 247 3476 dona
266 3420 298 3476 et
315 3415 516 3477 fundationes
543 3415 575 3476 in
596 3415 791 3476 dotationem
813 3415 926 3476 domus
947 3431 1005 3492 pro
1027 3431 1077 3474 sa·

66 3513 247 3575 cerdatibus
262 3513 349 3574 senio
363 3513 414 3575 vel
428 3513 751 3576 adversavaletudine
767 3512 921 3591 gravatis;
937 3510 1079 3572 fortassis

64 3612 161 3673 etiam
176 3630 214 3672 ea
231 3628 301 3691 quae
318 3611 470 3674 darentur
487 3617 523 3673 ut
536 3630 593 3692 pro
614 3631 671 3673 sua
693 3611 863 3692 prudentia
881 3609 930 3671 bis
945 3613 1078 3671 utantur

65 3710 97 3771 in
110 3709 279 3771 utilitatem
292 3709 417 3792 piorum
433 3709 566 3776 aliorum
581 3729 726 3791 operum,
740 3705 836 3772 modo
851 3708 920 3770 hecc
934 3706 1021 3788 ipsis,
1043 3707 1082 3768 ti-
