2582 4278
218 255 269 309 l2l
584 261 660 310 PARS
678 260 711 308 11.
732 261 858 308 cnutum.

213 395 276 456 que
291 375 415 438 statutis
428 377 568 450 inducto,
587 396 650 438 una
661 376 755 436 simul
774 377 815 438 ad
829 375 1020 456 Episcopum
1035 375 1131 436 etad
1147 376 1222 455 capi·

214 475 328 550 tulum,
345 475 423 536 adeo
436 480 483 548 ut,
498 474 549 535 vel
571 480 705 554 utraque
726 492 801 554 pars
815 493 969 535 consensu
991 478 1105 533 mutuo
1121 472 1223 532 eadem
1267 511 1268 516 κ

214 572 367 633 beneficia
382 573 540 645 conferat;
556 572 618 646 vel,
636 571 662 630 si
674 570 905 632 simultaucitas
918 571 957 631 sit
968 570 1103 630 nimium
1117 568 1222 630 diffici-

215 669 252 729 lis
269 670 301 729 in
313 669 415 748 praxi,
431 669 628 731 consentiant
638 669 813 748 Episcopus
835 673 866 729 et
890 661 1064 747 capitulum
1086 672 1124 726 ut
1142 667 1225 726 alter·

212 767 262 826 nis
274 767 396 828 vicibus
405 767 607 828 canonicatus
616 767 830 840 conferantur,
846 773 914 826 tum
924 766 965 826 ab
978 765 1150 844 Episcopo,
1164 769 1222 824 tum

215 883 234 924 a
254 865 402 944 capitulo.
428 865 603 926 canonista
633 864 827 925 arbitrantur
846 863 899 943 jus
918 863 1009 938 illud,
1031 863 1224 923 simultaneae
1268 885 1269 892 ¹

214 960 391 1022 collationis
412 963 524 1022 exinde
547 961 694 1041 primitus
718 966 823 1022 ortum
852 961 988 1035 duxisse,
1014 961 1103 1040 quod
1129 977 1224 1020 massa

213 1059 389 1118 communis
403 1059 559 1119 honorum
576 1059 689 1137 quihus
703 1059 929 1138 providebatur
944 1057 1117 1134 canonicis,
1133 1057 1224 1136 perti·

212 1157 318 1216 nuerit
332 1160 398 1216 tarn
413 1155 453 1218 ad
469 1157 643 1236 capitulum
655 1174 752 1236 quam
763 1156 803 1217 ad
813 1155 1020 1234 Episcopum3
1034 1160 1224 1234 quapropter
1269 1201 1270 1228 p

213 1269 339 1331 aequum
354 1254 455 1314 visum
467 1253 526 1313 fuit
546 1259 582 1314 ut
604 1253 711 1315 nullus
725 1253 947 1315 admitteretur
967 1253 1000 1312 in
1015 1251 1225 1333 participatio

213 1369 287 1410 nem
297 1352 455 1411 bonorum
467 1351 526 1410 nisi
539 1356 672 1429 utraque
689 1356 779 1430 parte
794 1350 993 1428 assentiente,
1010 1349 1066 1428 qui
1082 1367 1153 1410 mos
1163 1367 1223 1428 per·

212 1448 329 1507 mansit
339 1447 434 1508 etiam
447 1453 519 1527 post
537 1454 698 1526 peractam
715 1448 902 1509 divisionem
916 1467 1027 1509 massae
1040 1448 1075 1507 in
1089 1446 1224 1527 praeben·

143 1620 145 1623 ἢ
214 1544 270 1604 das
284 1545 458 1605 distinctae.
1270 1533 1271 1560 ³

271 1643 413 1703 Diximus
423 1641 477 1720 jus
489 1642 665 1704 collationis
675 1642 841 1704 inductum
856 1643 951 1704 fuisse
968 1641 1222 1705 consuetudinibus

211 1740 394 1800 autoretatis
409 1741 561 1802 locorum.
578 1741 671 1802 Nulla
685 1740 832 1820 prodiite
852 1741 994 1802 conciliis
1013 1739 1220 1816 mcumenicia
1271 1768 1272 1844 p

211 1857 270 1897 nec
294 1857 332 1898 ex
355 1839 523 1899 autoritate
548 1838 732 1918 apostolica,
749 1839 801 1901 lex
822 1838 977 1916 generalis
997 1857 1069 1918 quae
1084 1837 1220 1900 ordinem
1271 1845 1272 1870 l

212 1936 402 1997 servandum
412 1936 473 1997 hac
483 1936 516 1996 in
527 1955 560 1997 re
570 1937 729 1998 indixerit.
741 1939 858 1997 Textus
867 1937 948 2017 juris
956 1937 1011 2016 qui
1019 1938 1220 2014 allegantura

210 2033 401 2111 quibusdam
413 2034 593 2096 canonistis.
612 2053 703 2095 casus
714 2034 895 2113 propositos
909 2035 1072 2095 resolvunt
1082 2035 1116 2094 in
1131 2033 1221 2111 hypo-

209 2131 293 2191 thesi
306 2131 542 2192 consuetudinis
556 2131 693 2210 vigentis
707 2132 739 2192 in
759 2132 897 2192 Ecclesia
915 2150 973 2210 pro
996 2151 1060 2211 qua
1081 2129 1219 2193 consule·

210 2229 304 2288 hatur
319 2230 435 2290 Sancta
448 2229 544 2290 Sedes
554 2230 576 2290 ¹.
595 2232 753 2292 Caeterum
769 2248 879 2290 omnes
894 2248 984 2310 oeque
998 2230 1115 2291 docent
1130 2227 1219 2307 ratio-
1272 2219 1273 2228 ’

209 2345 282 2387 nem
296 2327 477 2388 hahendam
491 2344 560 2389 esse
576 2327 822 2401 consuetudinis,
841 2351 857 2384 «
873 2345 944 2406 quae
967 2328 1000 2387 in
1020 2308 1219 2388 electionibus

209 2447 228 2479 a
244 2425 507 2486 etbeneficiorum
516 2424 738 2485 collationibus
748 2425 921 2503 spectanda
930 2431 987 2498 est,
1003 2425 1045 2486 ait
1056 2428 1218 2504 Fagnau...

211 2543 226 2575 «
242 2521 305 2580 sive
321 2523 514 2582 consuetudo
530 2522 582 2584 det
592 2521 651 2582 soli
662 2521 796 2600 praelato
808 2522 891 2583 hanc
904 2522 1146 2584 collationem...
1161 2519 1218 2580 sire

215 2639 230 2674 c
243 2617 331 2678 illam
344 2620 397 2679 det
410 2620 549 2698 capitulo
564 2625 727 2682 tantum...
745 2621 917 2682 dummodo
932 2621 972 2681 sit
988 2621 1130 2700 legitime
1143 2633 1218 2698 prae·

210 2705 228 2769 <l
244 2715 371 2794 scripta.
392 2737 407 2774 o
430 2716 476 2796 (ln
495 2737 566 2796 cap.
589 2715 665 2786 Cum
684 2717 824 2779 Ecclesia
850 2717 1024 2792 Volteranc,
1047 2716 1085 2778 na
1103 2711 1217 2790 25-27.)

210 2813 278 2872 Non
298 2813 392 2873 aliam
412 2815 555 2892 regulam
573 2815 714 2893 assignat
732 2815 1015 2895 Schmalzgrueber
1040 2836 1047 2876 ε
1073 2839 1088 2872 «
1115 2809 1217 2888 Quoad

205 2933 224 2966 o
242 2911 302 2970 hoc
319 2911 510 2972 attendenda
524 2917 598 2973 sunt
612 2914 763 2993 specialia
777 2914 990 2976 Ecclesiarum
1004 2914 1054 2975 vel
1069 2927 1214 2994 persona·

207 3031 226 3064 1«
241 3027 311 3068 rum
347 3010 523 3088 privilegia,
555 3015 684 3086 statuta,
707 3012 959 3086 consuetudines,
986 3012 1213 3073 fundationes:

210 3131 225 3162 «
241 3125 315 3167 narn
331 3107 501 3187 aliquando
517 3108 759 3171 canonicatuum
773 3110 899 3172 collatio
914 3111 1051 3190 pertinet
1070 3111 1110 3172 ab
1131 3105 1214 3186 cpis-

211 3227 227 3260 «ι
241 3223 356 3284 copum
369 3207 584 3286 etcapitulum
601 3207 705 3283 simul,
722 3208 895 3288 aliquando
915 3209 956 3270 ad
974 3210 1077 3270 solum
1096 3206 1215 3288 lipisco·

255 3403 276 3448 l.
287 3403 325 3450 lta
335 3414 389 3464 prm
401 3403 503 3452 caeteris
513 3407 593 3467 caput
607 3403 672 3454 Com
683 3403 798 3454 Ecclesia
813 3405 963 3466 Vultcranc,
975 3408 1013 3467 31,
1028 3421 1060 3456 uc
1069 3407 1213 3460 screnus,

204 3474 253 3525 lib.
268 3476 279 3523 1
292 3477 404 3539 liceret,
418 3483 445 3528 et
458 3479 536 3528 etiam
554 3481 648 3530 nostro
657 3471 767 3544 quidem
782 3494 873 3542 sensu,
884 3483 947 3546 Cap.
958 3480 1121 3543 Postuluslic,
1135 3482 1172 3538 l5,
1183 3487 1212 3525 nr

202 3551 376 3602 concussione
392 3567 544 3616 rnnasnun,
565 3555 626 3604 licet
646 3555 737 3620 plures
760 3557 812 3607 viri
837 3571 943 3621 magna
964 3558 1130 3608 auctoritatis
1151 3549 1211 3604 illud

203 3626 284 3676 aliter
301 3627 517 3692 interpretentur.
538 3631 575 3680 Gt.
594 3631 711 3695 linguan,
729 3633 758 3682 in
775 3647 833 3697 cap.
854 3633 917 3683 Cum
933 3633 1047 3684 Ecclesia
1066 3621 1210 3685 Vellet-dnm

206 3706 242 3756 ni³
253 3710 323 3769 l-173
339 3711 366 3757 et
379 3708 407 3756 in
419 3722 477 3772 cap.
489 3709 639 3760 Poslcclcstis
653 3711 689 3760 nis
704 3713 758 3762 24.
