2588 4276
227 223 282 279 ala
455 263 457 268 .
565 229 640 279 rins
657 229 692 278 11.
713 199 902 278 associans.

227 346 418 428 simplicium
431 366 451 408 a
465 347 545 408 votis
561 346 765 421 solemnibus,
782 365 846 408 non
866 345 1065 410 consentiunt
1083 346 1222 410 doctores.
1267 357 1268 396 ἐ

227 447 303 510 Haeo
315 445 416 524 magis
432 445 746 506 lundelavidentur:

287 545 310 605 l.
328 543 491 604 Distinctio
506 543 694 606 votorumin
708 541 863 604 solemnia
873 548 904 604 et
918 542 1084 622 simplicia,
1102 529 1163 604 non
1173 542 1224 604 on'·
1267 573 1268 596 2

226 642 329 704 turab
344 647 502 721 apparatu
524 641 575 702 vel
588 641 796 714 caeremoniis,
814 646 871 702 aut
884 640 992 720 aliquo
1007 642 1068 702 ritu
1091 641 1225 702 benedic·

226 739 320 802 timis
333 757 386 800 seu
402 739 656 812 consecrationis,
670 739 725 800 sed
740 740 780 800 ab
798 739 913 800 effectu
927 739 1040 800 morali
1056 756 1151 817 quem
1164 756 1226 817 pro·
1267 801 1268 810 ,

226 836 314 899 aucit
330 841 440 898 votum
455 837 606 909 solemne,
622 843 654 897 et
668 836 724 916 qui
737 855 809 898 non*
825 836 975 898 tribuitur
994 840 1067 896 voto
1092 835 1225 914 simplici.
1267 861 1268 864 ¹

225 934 318 996 Ratio
340 939 386 994 est
410 934 495 1014 quod
523 934 660 995 existant
682 934 851 1012 religiones
874 935 907 996 in
932 935 1047 1013 quihus
1068 933 1226 994 certissime
1267 955 1268 1020 p

226 1031 413 1094 emittuntur
425 1037 501 1093 vota
514 1031 681 1107 solemnia,
697 1031 775 1112 quin
791 1030 875 1092 ullus
888 1032 1079 1093 adhibeatur
1094 1031 1171 1090 ritus
1184 1048 1225 1090 so·
1267 1109 1268 1112 Ἴ

225 1127 350 1203 lemnis,
375 1130 477 1190 ullave
502 1130 701 1191 consecratio
720 1147 776 1192 seu
789 1129 978 1203 benedictio,
1000 1133 1031 1189 at
1054 1127 1225 1190 vicissimin
1267 1157 1268 1208 ,

225 1227 386 1288 nonnullis
398 1227 698 1306 congregationibus
711 1233 786 1290 vota
798 1227 954 1307 simplicia
966 1227 1155 1288 emittuntur
1167 1242 1225 1286 cum
1267 1217 1268 1250 ³

225 1341 342 1402 magno
357 1330 514 1404 apparatu
529 1325 803 1388 caeremoniarum.

251 1493 253 1496 ¹
285 1423 324 1484 ll.
341 1422 478 1482 Effectus
493 1423 546 1483 illc
561 1423 691 1484 moralis
710 1441 775 1485 non
790 1423 966 1503 procedite
989 1422 1058 1485 sola
1078 1421 1225 1484 voluntate

129 1532 132 1540 ⁴
224 1519 379 1593 voventis,
396 1519 451 1580 sed
472 1521 633 1600 praecipua
656 1540 676 1582 a
701 1519 861 1583 voluntale
882 1521 1029 1582 ll'colesiae
1055 1527 1164 1582 volum
1181 1536 1223 1580 ac·

161 1611 163 1613 ’
225 1616 390 1695 captantis.
405 1617 501 1678 Proh.
517 1617 705 1680 auctoritate
718 1623 750 1680 et
761 1619 892 1680 ratione.
911 1621 942 1678 i⁰
954 1619 1151 1696 Legimusin
1165 1634 1221 1694 cap.

181 1784 183 1797 Ι
226 1710 435 1789 Quadratum,
452 1731 490 1775 aa
512 1717 611 1792 Varo,
626 1716 658 1776 in
675 1723 718 1778 vr
737 1734 744 1776 :
765 1739 782 1772 a
803 1717 897 1788 Quod
920 1723 1027 1778 votum
1048 1716 1114 1778 dici
1127 1715 1224 1776 debeat
1266 1767 1268 1780 ,

162 1881 164 1886 Α
227 1809 435 1874 «solemne...
453 1829 510 1874 nos
529 1815 693 1875 consulere
710 1814 841 1876 voluisti·
855 1833 862 1875 :
878 1847 918 1862 -·
933 1817 996 1876 Nos
1016 1814 1116 1893 igitur
1134 1817 1222 1873 atten-
1267 1807 1268 1826 l

227 1931 243 1962 u
257 1908 367 1970 dentes
382 1910 467 1988 quod
481 1910 546 1972 voti
558 1910 740 1976 solemnitas
755 1913 878 1974 ansolo
893 1911 1119 1974 constitutione
1130 1909 1224 1972 Eccle-

226 2025 243 2060 c
258 2005 312 2068 siae
325 2012 372 2066 est
386 2007 552 2072 inventa...
572 2010 737 2088 praesentis
750 2010 984 2072 declarandum
1004 2010 1152 2071 duximus
1163 2023 1221 2066 ora·

227 2103 330 2165 ceule
341 2105 521 2181 sanctionis,
538 2106 617 2168 illud
627 2107 847 2170 solumvoium
859 2109 1046 2170 dieiuencre
1057 2109 1220 2168 solemne...
1266 2157 1267 2172 2

226 2223 242 2256 u
257 2202 344 2281 quod
367 2203 607 2264 solemnizatum
622 2205 717 2267 fuerit
731 2207 1034 2286 parsumeptionem
1053 2203 1170 2268 ordinis
1180 2219 1220 2262 sa·
1266 2209 1267 2212 ’

225 2321 242 2356 c
255 2299 312 2377 cri,
327 2305 383 2361 aut
397 2319 455 2381 per
468 2301 698 2380 professionem
707 2321 890 2382 cupressum
905 2305 955 2366 vel
973 2304 1219 2366 tacitamlaetam

223 2419 244 2452 α·
254 2396 350 2458 alicui
369 2397 407 2459 de
431 2399 713 2480 religionibus-per
737 2403 851 2464 Saulem
878 2401 1094 2482 apostolicam
1119 2413 1220 2478 appro-

225 2516 241 2549 «
255 2493 349 2569 batis.
367 2519 382 2550 »
400 2497 579 2558 Bonifaoius
594 2499 673 2575 Vlll,
694 2504 805 2560 auctor
818 2499 915 2579 hujus
933 2499 1076 2579 epistolae
1099 2498 1222 2564 decreta·
1265 2513 1266 2520 ¹

222 2588 273 2662 lis,
287 2594 441 2671 expressis
455 2595 561 2656 verbis
582 2596 713 2670 indioat,
738 2615 803 2658 non
829 2602 943 2658 natura
968 2615 1085 2668 rerum,
1105 2611 1159 2656 nec
1179 2607 1219 2650 vo

222 2685 343 2750 luntale
361 2692 555 2767 voventium,
573 2695 628 2754 scu
646 2695 716 2755 sola
730 2695 962 2758 consiioitione
973 2693 1121 2756 Ecclesiae
1143 2684 1219 2752 inniti

222 2783 456 2849 solemnitatem
478 2790 554 2863 voti,
573 2797 729 2870 quatenus
748 2793 862 2854 avotis
880 2793 1104 2855 communibus
1118 2788 1218 2854 differt.

222 2885 255 2944 2⁰
269 2884 302 2946 si
314 2885 443 2947 effectus
456 2889 598 2962 moralis,
615 2909 678 2970 quo
695 2895 805 2952 votnm
822 2891 997 2953 solemnes
1017 2887 1149 2970 simplici
1168 2882 1216 2945 dil·

221 2982 294 3057 fert,
315 2985 543 3063 procedereta
566 2987 642 3049 sola·
662 2989 825 3050 voluntate
854 2990 1048 3064 voventium,
1065 2984 1217 3050 dicendum

222 3081 359 3142 essetab
378 3085 561 3144 eorumdem
579 3085 892 3167 voluntate-pendere
907 3087 992 3167 quod
1008 3105 1066 3147 sua
1085 3090 1155 3146 vota
1166 3080 1217 3141 sint

220 3178 374 3242 solemnia
398 3187 453 3242 aut
475 3180 640 3261 simplicia,
666 3191 698 3246 et
722 3187 810 3264 qnod
830 3185 890 3264 ipsi
911 3184 1068 3248 inhabiles
1094 3184 1167 3244 flunt
1184 3173 1216 3236 ad

221 3281 323 3339 certos
345 3284 434 3339 acius
460 3279 509 3340 de
523 3280 753 3360 quibusmode
774 3283 890 3344 dioturi
907 3301 1021 3346 sumus
1041 3300 1049 3343 ε
1066 3278 1151 3361 atqui
1166 3275 1217 3334 hoe

220 3380 390 3454 utrumque
403 3382 451 3439 est
465 3383 576 3440 contra
588 3398 713 3442 sensum
729 3399 930 3443 communem
946 3381 1174 3442 canonistarum
1189 3371 1216 3430 el

220 3478 333 3534 contra
341 3471 541 3561 disciplinam
556 3478 799 3540 eeclesiastica-
808 3499 823 3552 ςλ
832 3497 908 3559 crgo
922 3479 1052 3541 effectus
1066 3479 1117 3538 ille
1130 3468 1213 3554 potis·

220 3568 335 3632 simum
346 3574 490 3651 procedit
500 3573 540 3636 ab
554 3577 741 3639 auctoritate
755 3582 789 3639 et
800 3577 963 3639 voluntate
978 3576 1133 3638 Ecclesia.

280 3669 333 3731 lll.
347 3671 484 3734 Effectus
504 3691 599 3754 quem
610 3675 752 3738 Ecclesia
762 3675 985 3739 votosolsmni
1001 3670 1154 3754 religionis
1165 3661 1212 3726 Μ’·
