2568 4272
201 229 253 286 336
538 237 613 288 elus
633 237 666 286 ΙΙ.
688 236 879 286 esseillius.

200 356 315 418 larium
339 356 372 417 in
393 356 497 435 specie
523 357 712 430 referamus3
744 355 902 416 nonnulla
925 355 1048 430 citasse,
1087 353 1238 434 exempli

201 473 307 530 causa,
325 454 416 515 nobis
431 454 506 514 satis
521 455 590 515 erit.
725 517 729 530 ,

258 552 355 613 Plura
365 553 518 630 abrogata
527 553 615 612 fuere
629 571 649 612 a
661 551 795 614 concilio
810 551 993 613 Tridentino
1002 557 1036 613 et
1045 552 1114 614 SS.
1128 550 1239 612 Ponti·

139 720 141 724 Α
200 651 295 710 ticum
323 649 598 711 constitutionibus
625 668 632 711 :
671 649 734 710 alia
754 667 911 728 expresse,
942 649 1083 710 decretis
1115 649 1239 728 quibus

201 747 310 808 addita
322 753 369 807 est
384 747 529 808 clausura
541 747 754 810 revocatoria:
770 745 841 808 Non
851 746 1037 808 obstantibus
1048 744 1239 828 pm'oilepti's

202 855 234 906 in
254 846 440 904 contrarium
462 854 515 905 unt
535 843 746 906 consuetudine
767 845 857 906 etiarn
881 843 1150 918 immemorabili;
1176 843 1239 903 alia

202 942 367 1022 implicite,
384 943 474 1004 editis
489 943 611 1021 legibus
626 963 697 1022 quae
712 942 884 1024 privilegiis
898 943 1102 1022 regularium
1117 941 1238 1002 adver·

203 1045 323 1102 santur.
338 1041 488 1100 Nonnulli
500 1040 576 1101 olim
586 1045 868 1120 propugnaverunt
881 1039 1003 1100 licitum
1018 1058 1093 1102 esse
1105 1039 1238 1116 regula·

203 1139 290 1199 ribus
299 1138 382 1198 utiin
393 1139 461 1199 foro
471 1138 776 1218 internoprivilegiis
785 1139 880 1198 etiam
889 1157 1037 1218 expresse
1050 1137 1233 1211 revocatis,

204 1255 300 1316 quam
315 1237 516 1297 temerariam
539 1237 722 1316 opinionem
745 1236 930 1315 proscripsit
948 1236 1143 1298 Alexander
1167 1237 1232 1297 Vll.

202 1336 257 1394 Est
284 1335 459 1414 propositio
485 1343 592 1396 sircuvta
628 1335 711 1395 inter
733 1335 909 1408 damnatas,
933 1352 1003 1413 quoe
1028 1335 1076 1396 sic
1105 1333 1232 1394 habat:

203 1455 219 1488 (ι
243 1432 414 1510 Regulares
424 1436 556 1510 possunt
570 1433 602 1492 in
612 1433 681 1492 foro
695 1431 895 1494 conscientiae
908 1432 956 1492 uti
969 1431 1159 1511 privilegiis
1171 1431 1233 1490 suis

160 1550 164 1558 ’
206 1535 410 1608 «quaesunt
435 1548 580 1609 expresse
606 1536 755 1592 revocata
778 1549 836 1608 per
861 1530 1031 1591 concilium
1061 1527 1232 1590 Tridenti-

210 1649 225 1682 tt
247 1645 335 1689 num,
353 1651 368 1680 n

264 1724 428 1785 Difficilior
442 1729 489 1785 est
502 1725 633 1806 quaestio
647 1726 685 1786 de
697 1725 898 1787 revocatione
913 1725 1072 1805 implicita
1089 1744 1098 1786 :
1117 1743 1163 1785 an
1173 1722 1229 1783 sci·

205 1822 279 1882 licet
294 1823 484 1884 cessaverint
499 1822 664 1901 privilegia
681 1841 752 1902 quae
776 1823 910 1884 decretis
923 1822 1050 1884 concilii
1064 1820 1231 1884 contraria

207 1925 290 1996 sunt,
305 1921 431 1998 quando
444 1921 555 1982 iisdem
571 1921 703 1982 decretis
718 1922 826 1982 addita
838 1940 902 1982 non
918 1928 965 1982 est
975 1921 1128 1982 clausula
1143 1936 1228 1980 ravo

206 2019 336 2079 catoris.
348 2019 457 2079 Plures
469 2019 640 2093 affirmant,
654 2019 743 2098 quia:
753 2021 784 2079 l⁰
796 2020 965 2080 concilium
975 2039 1037 2081 non
1052 2017 1228 2098 ignorabat

144 2147 148 2152 ·
205 2115 275 2178 haec
289 2115 469 2195 privilegia;
485 2123 689 2196 quapropter,
703 2118 779 2178 dum
791 2117 931 2178 condidit
939 2117 1026 2196 leges
1035 2115 1225 2186 contrarias,

205 2219 351 2276 censetur
362 2214 498 2275 voluisse
516 2232 554 2275 ea
569 2215 740 2294 abrogare;
757 2219 790 2284 2⁰
804 2215 879 2276 Pius
894 2217 943 2289 lv,
959 2216 1067 2277 Gonst.
1084 2214 1126 2275 In
1138 2213 1224 2294 prin-

206 2313 291 2392 cipis,
305 2313 465 2373 revocavit
477 2311 685 2392 quaecumque
696 2313 863 2395 privilegia
878 2313 1013 2374 decretis
1033 2309 1227 2374 Tridentinis

207 2410 380 2484 contraria;
394 2411 426 2470 3⁰
438 2411 609 2471 Pontifices
624 2410 689 2490 qui,
702 2429 848 2472 successu
855 2416 1046 2489 temporum,
1057 2406 1224 2490 privilegia

207 2508 354 2586 quaedam
367 2509 568 2584 innovarunt,
587 2508 762 2570 clausulam
775 2508 963 2588 plerumque
980 2509 1079 2568 inseri
1094 2522 1225 2568 curave-

207 2609 305 2664 runt:
324 2605 479 2686 dnmmodo
502 2605 627 2668 decretis
650 2605 835 2668 Tridentinis
852 2626 913 2667 non
933 2605 1147 2668 adversentur,
1168 2599 1225 2662 Alii

209 2700 302 2762 aliter
316 2703 497 2780 opinantur,
512 2705 588 2782 quia
597 2703 687 2764 nulla
701 2705 764 2782 lex,
781 2704 975 2778 constitutio,
987 2721 1047 2764 nec
1062 2703 1223 2764 decretum

209 2799 412 2876 quantumvis
422 2801 611 2877 generaliter
620 2800 734 2876 latum,
746 2801 879 2880 derogat
888 2799 1138 2880 particularibus
1147 2797 1225 2856 loco·

207 2913 279 2955 rum
294 2901 350 2956 aut
363 2915 571 2975 personarum
588 2899 724 2976 statutis,
740 2899 970 2979 praerogativis,
988 2891 1221 2958 consuetudini·

207 2991 277 3067 bus,
303 2993 364 3054 nisi
387 2993 482 3055 talem
507 2995 653 3056 effectum
675 2996 833 3074 exprimat
856 2995 1045 3074 legislator:
1069 2994 1147 3072 quia
1161 2991 1222 3050 hac

207 3091 416 3168 probabiliter
425 3093 562 3170 ignorat,
575 3093 623 3154 uti
633 3093 709 3156 alibi
717 3093 854 3156 diximus
866 3093 922 3153 ubi
936 3092 972 3153 de
986 3088 1221 3153 Consuetudine¹

206 3187 253 3268 (110
267 3191 317 3266 ΞΟ,
330 3195 353 3252 t.
366 3193 390 3267 1,
403 3210 435 3270 p.
451 3192 500 3274 34)
517 3192 615 3254 Bullae
634 3194 688 3254 SS.
705 3191 895 3254 Pontificum
909 3191 1021 3252 volunt
1032 3189 1162 3268 quidem
1172 3185 1218 3245 de·

206 3292 293 3349 oreta
303 3288 428 3350 concilii
436 3289 606 3365 observari,
615 3291 670 3350 sed
681 3310 745 3352 non
753 3291 786 3350 in
796 3290 859 3351 alio
867 3309 960 3350 sensu
972 3282 1222 3368 quamvoluitip·

207 3393 344 3447 summat
355 3387 542 3462 concilium;
556 3407 737 3468 ergoquum
748 3387 989 3450 conciliumnon
998 3390 1164 3447 censeatur
1174 3396 1220 3440 vo·
1281 3429 1282 3444 t

206 3479 302 3545 luisse
316 3486 469 3566 derogare
480 3485 663 3567 privilegiis
674 3487 802 3566 quando
817 3505 882 3548 non
893 3484 1038 3546 adhibuit
1053 3478 1218 3544 clausulam

257 3627 279 3673 t.
294 3625 332 3674 ct.
345 3627 593 3694 schmalzgrueber,
608 3629 637 3680 in
650 3630 690 3680 tit.
706 3643 738 3680 un
753 3629 916 3691 inrtssus,
931 3635 966 3678 n⁰
977 3627 1101 3688 236·239;
1114 3649 1143 3662 ·-
1156 3615 1217 3672 litiis

214 3697 339 3751 lenstuer.
352 3703 388 3752 ni·
401 3706 512 3756 rat-148.
