2642 4270
205 271 259 326 586
473 281 549 329 Plus
569 281 616 329 111.
638 282 693 328 RES
713 281 952 352 accessissemus.

206 401 293 457 tutor
305 401 394 457 curat
407 413 457 456 res
472 396 602 476 pupilli;
621 402 715 475 atquc
733 395 804 457 idco
818 395 979 456 concludit
996 395 1222 457 conventiones

205 513 278 556 cum
291 495 462 556 artificibus
473 501 504 555 et
516 494 744 556 mercatoribus
757 513 815 574 pro
828 494 1034 573 acquisitione
1049 512 1159 554 rerum
1173 495 1222 555 vel

117 616 119 620 ’
206 593 354 672 operibus
370 593 574 671 praestandis3
596 597 688 654 curat
708 594 746 653 de
762 592 960 652 exsecutione
977 592 1219 666 fundationum;

206 691 299 751 solvit
313 691 482 750 honoraria
502 689 691 751 vicariorum
709 696 740 751 et
756 690 1003 769 praedicatorum
1018 691 1073 770 qui
1093 689 1219 750 invitati

203 792 279 848 sunt
295 806 352 867 pro
370 787 569 861 stationibus,
585 787 661 848 item
679 787 838 867 stipendia
857 788 1091 861 ministrorum3
1109 787 1215 866 provi·

206 885 259 946 det
278 885 468 964 quotidianae
484 885 758 960 administrationi,
778 886 957 964 prestando
970 886 1112 961 mobilia,
1129 903 1215 959 vasa,

202 988 401 1060 ornamenta,
428 1002 545 1058 cereos,
577 1001 703 1063 panem,
732 984 852 1057 vinum,
881 985 1057 1055 incensum,
1089 983 1217 1062 aliaque

204 1080 380 1142 necessaria
391 1083 431 1141 ad
445 1082 564 1142 cultum
575 1082 716 1142 divinum
730 1101 737 1156 ;
752 1082 905 1155 nominat,
921 1099 959 1142 ex
969 1089 1029 1141 art.
1043 1083 1094 1154 32,
1105 1081 1218 1159 praedi·

199 1184 343 1239 catonem
358 1180 398 1240 ad
412 1180 549 1240 Parocbi
562 1180 852 1260 praesentationem,
870 1179 996 1258 quando
1011 1179 1134 1240 fabrica
1147 1197 1215 1240 cer·

202 1284 267 1337 tam
291 1295 447 1338 summam
470 1295 529 1357 pro
549 1275 827 1357 predicationibus
854 1277 1113 1338 extraordinariis
1136 1277 1215 1338 assi-

202 1380 289 1450 gnat.
313 1374 399 1454 (Hoc,
422 1376 496 1435 satis
514 1375 669 1436 absonum
690 1382 720 1436 et
735 1395 754 1436 a
772 1376 887 1436 nostris
903 1375 1044 1435 moribus
1061 1375 1210 1447 alienum,

161 1533 165 1548 Ἴ,
203 1490 267 1532 non
282 1473 483 1547 observatur;
501 1473 613 1534 electio
627 1475 712 1533 enim
729 1478 761 1535 et
778 1473 952 1534 nominatio
971 1472 1212 1552 praedicatorum

203 1568 242 1628 ad
253 1570 431 1629 Parochum
442 1569 598 1631 exclusive
608 1571 778 1650 pertinent,
792 1572 877 1632 salvo
886 1572 958 1651 jure
974 1570 1102 1630 fabricae
1117 1569 1214 1630 deter-

202 1668 344 1727 minandi
358 1668 549 1747 stipendium
569 1670 655 1748 quod
674 1689 713 1729 cx
731 1670 880 1730 thesauro
897 1669 1058 1748 parochiae
1079 1685 1214 1744 erogan-

202 1765 277 1825 dum
292 1765 375 1846 erit.)
389 1765 537 1827 Nominat
551 1771 582 1826 et
596 1774 733 1844 revocat,
749 1768 789 1828 ad
800 1767 1050 1846 propositionem
1065 1765 1214 1840 Parochi,

198 1864 396 1940 organicum,
414 1882 576 1944 campanae
590 1866 795 1943 pulsatorem,
812 1863 954 1941 bidellos,
972 1869 1002 1924 et
1014 1868 1144 1924 caeteros
1158 1861 1217 1941 qui

201 1961 347 2022 Ecclesiae
365 1963 542 2040 parochiali
561 1964 786 2023 famulantum.
811 1963 844 2023 Si
860 1968 993 2041 urgeant
1011 1961 1218 2022 necessitates

198 2058 381 2136 inopinata,
406 2064 509 2137 potest
530 2060 713 2139 impendere
736 2079 891 2122 summam
915 2061 954 2120 50
977 2060 1158 2120 francorum
1181 2057 1217 2118 in

198 2156 357 2236 parochiis
383 2157 651 2236 minoribusque
676 2177 739 2218 non
764 2159 883 2218 habent
910 2159 1001 2232 l,000
1022 2157 1152 2229 incolas,
1183 2165 1217 2217 et

201 2254 260 2314 100
280 2254 314 2314 in
337 2255 521 2332 majoribus.
547 2257 624 2317 Aliae
649 2256 799 2335 impensa
824 2255 960 2334 majores
987 2254 1215 2315 submittenda

197 2356 274 2412 sunt
288 2352 438 2413 decisioni
451 2353 573 2413 consilii
586 2353 723 2415 labricae.
1057 2363 1061 2371 “

257 2449 289 2508 3⁰
310 2451 452 2510 Custodit
470 2469 587 2527 arcam,
605 2452 705 2511 tribus
723 2453 864 2512 clavibus
885 2453 1077 2524 obseratam,
1092 2452 1125 2510 in
1145 2469 1218 2530 qua

195 2548 362 2625 reponitur
375 2548 510 2628 pecunia
525 2549 673 2622 labricae;
688 2550 831 2628 nihilque
847 2550 959 2610 exinde
975 2547 1216 2610 extrahendum

154 2675 158 2680 ·
192 2649 244 2704 est
255 2646 315 2704 nisi
326 2647 364 2704 de
374 2646 502 2707 licentia
513 2647 648 2724 collegii,
662 2647 810 2708 adhibitis
821 2645 1214 2724 cautionibusrequisitis.

196 2741 337 2802 Custodit
351 2743 446 2828 etiam
461 2745 632 2804 armarium
648 2745 702 2805 ubi
715 2745 932 2806 reconduntur
947 2744 1030 2804 tituli
1042 2759 1167 2818 omneS,
1184 2748 1217 2803 et

194 2837 268 2899 libri
283 2845 504 2917 computorum
519 2861 675 2904 annorum
691 2842 946 2921 praecedentium.

234 2939 267 2995 l0
290 2937 449 2997 Deliberat
470 2938 509 2998 de
529 2940 620 2999 certis
640 2941 775 3018 negotiis
795 2957 864 3020 quae
887 2941 1057 3000 deserenda
1076 2944 1149 2999 sunt
1172 2939 1216 3000 ad

192 3033 362 3093 consilium
375 3035 515 3108 fabricae,
531 3037 621 3114 cujus
639 3038 820 3098 definitione
835 3043 1025 3098 statuentur.
1044 3036 1218 3115 Praecipua
1302 3051 1303 3058 ¹

194 3136 269 3191 sunt
284 3151 292 3194 :
308 3131 495 3210 budgctum,
512 3134 718 3195 alienationes
736 3135 959 3207 immobilium,
977 3135 1149 3195 locationes
1167 3152 1217 3194 se·

192 3228 293 3305 dium,
310 3233 530 3309 opportunitas
541 3232 629 3293 litem
644 3234 799 3294 inserendi
814 3233 864 3296 vel
879 3232 1063 3295 sustinendi.

240 3427 263 3472 l.
277 3423 332 3472 Art.
347 3425 362 3471 7
376 3423 455 3474 edicti
475 3425 535 3474 1825
555 3428 647 3477 statuit
665 3443 672 3477 :
688 3453 701 3473 u
722 3429 794 3477 Dans
814 3427 852 3478 les
877 3441 1033 3478 communes
1053 3425 1168 3487 rurales,
1185 3425 1215 3475 la

195 3515 208 3542 κ
223 3498 391 3549 nomination
405 3503 432 3549 et
446 3500 473 3550 la
484 3501 639 3553 revocation
653 3505 699 3553 des
708 3504 841 3566 chantres,
857 3518 988 3554 sonneurs
1004 3507 1030 3552 et
1043 3501 1212 3563 sacristeins,

192 3590 207 3616 o
224 3578 313 3624 seront
328 3575 404 3624 laites
422 3589 470 3637 par
489 3576 514 3626 le
538 3580 610 3641 curt,
625 3579 780 3630 desservant
798 3594 834 3630 ou
850 3581 960 3641 vicaire;
977 3581 1034 3629 leur
1052 3578 1214 3630 truitement

138 3664 141 3670 ·
195 3664 208 3690 o
220 3650 378 3774 ponginutera
388 3651 404 3699 b
415 3649 470 3701 ttre
484 3653 557 3716 rtgle
571 3668 619 3717 per
636 3655 661 3705 le
676 3655 778 3706 conseil
790 3655 822 3705 de
837 3653 959 3719 fabrique
972 3662 999 3704 et
1009 3654 1077 3718 payt
1093 3666 1142 3717 par
1160 3653 1212 3716 qui

195 3737 208 3765 0
239 3735 253 3771 θ
287 3738 326 3773 rol
341 3761 346 3774 .
361 3744 374 3771 n
