2588 4276
218 235 271 290 250
557 243 630 291 Plus
650 243 685 290 ll.
709 239 891 289 resumeres.

218 367 264 424 est
281 361 469 439 regulariter
491 360 754 422 consulendum...
773 361 808 420 ln
827 359 975 436 graviora
993 358 1171 420 discrimina
1195 378 1233 418 se
1291 359 1292 432 3

216 459 359 537 injiceret
367 459 520 539 quivellet
528 457 907 520 alterummatrimonium
917 458 1113 531 contrahere,
1121 459 1233 538 priore

217 556 367 618 dissoluto
382 574 440 636 per
451 558 676 637 professionem
689 556 862 617 solemnem
879 555 1040 635 eonjugis3
1059 575 1129 618 oum
1141 556 1232 616 enirn

217 655 302 734 leges
325 656 431 717 civiles
455 675 518 717 non
542 656 711 716 admittant
737 653 819 714 hene
848 654 1064 715 dissolutionis
1088 673 1233 727 eausam,

216 755 340 816 traduci
349 760 455 834 posset
468 773 576 816 eoram
586 753 797 815 tribunalibus
812 758 969 832 quatenus
983 754 1131 832 bigamiae
1144 773 1234 830 reus,

217 859 247 912 et
260 854 361 932 poenis
372 854 404 913 in
422 853 528 914 codiee
541 852 696 913 criminali
710 851 836 912 indietis
850 851 957 930 plecti.

189 1007 192 1014 .
277 955 346 1013 456.
362 985 401 997 -
412 953 449 1012 ll.
461 949 545 1012 AEre
558 951 656 1012 alieno
665 951 799 1028 prareti,
813 951 863 1010 vel
875 950 1047 1012 ratiociniis
1062 949 1237 1011 reddendis

218 1049 359 1130 obligati.

276 1149 334 1222 Qui
355 1154 528 1227 gravantur
547 1168 607 1212 aere
630 1151 748 1228 alieno,
774 1157 805 1212 et
826 1155 958 1230 possunt
980 1149 1088 1210 debita
1111 1149 1236 1209 solvere

217 1248 411 1312 remanendo
422 1248 454 1307 in
465 1248 579 1310 saeeulo
589 1267 646 1329 per
656 1251 751 1312 breve
762 1255 901 1329 tempus,
913 1253 989 1326 puta
1001 1265 1059 1326 per
1067 1247 1235 1308 biennium

217 1346 267 1407 vel
277 1347 459 1418 triennium,
473 1347 597 1408 admitti
612 1367 675 1410 non
688 1350 805 1410 debent
820 1349 920 1409 donee
935 1347 998 1407 suis
1009 1345 1126 1406 debitis
1139 1344 1234 1406 satis·
1292 1375 1293 1408 r

217 1443 361 1505 fecerint.
379 1444 489 1505 Obstat
506 1444 559 1523 jus
580 1447 724 1508 naturale
742 1465 900 1526 quemque
921 1443 1067 1522 obligans
1088 1443 1131 1504 ad
1147 1461 1233 1523 prae·

217 1543 365 1602 standum
377 1542 583 1604 oreditoribus
592 1546 678 1623 quod
687 1546 764 1625 ipsis
777 1546 910 1606 debetur
920 1565 927 1619 ;
938 1561 996 1604 nee
1007 1543 1091 1603 enim
1102 1548 1236 1622 praeter·

199 1654 200 1657 ’
217 1641 371 1701 mittenda
386 1646 459 1701 sunt
475 1641 580 1702 olfieia
594 1643 672 1721 legis
687 1643 852 1717 naturalis,
871 1647 906 1703 ut
919 1648 1085 1703 serventur
1098 1641 1234 1724 eonsilia

217 1739 409 1817 evangeliea.
422 1739 532 1800 Obstat
544 1739 672 1820 insuper
678 1743 730 1821 jus
742 1742 939 1814 sanonicum,
953 1759 1015 1820 quo
1025 1740 1235 1801 interdictum

217 1837 276 1897 fuit
304 1838 517 1916 superioribus
537 1845 747 1902 conventuum
777 1842 835 1902 hos
865 1841 1021 1901 debitores
1048 1839 1232 1900 admittere.

218 1936 307 2008 Quod
322 1936 430 1997 sivero
447 1956 505 1998 nee
520 1944 591 1999 aetu
604 1939 753 2015 habeant,
771 1957 829 2000 nee
842 1940 873 1999 in
886 1940 1029 2000 futurum
1045 1936 1236 2016 acquisituri

218 2033 279 2094 sint
294 2034 377 2095 unde
393 2053 450 2095 sua
464 2036 572 2097 debita
585 2037 705 2115 possint
721 2038 854 2113 solvere,
871 2037 966 2098 liberi
979 2041 1149 2097 remanent
1159 2036 1235 2115 jure

218 2133 368 2208 naturali,
382 2134 539 2195 eximente
559 2135 832 2215 impossibilitate;
855 2136 971 2196 liberos
987 2134 1084 2196 etiam
1100 2140 1234 2214 reputa-

218 2250 288 2292 mus
313 2251 331 2292 a
352 2237 441 2311 parte
461 2233 541 2312 juris
564 2234 717 2307 eanoniei,
741 2234 815 2313 quia
837 2233 916 2294 nihil
938 2238 1013 2293 tune
1036 2232 1234 2309 creditorum

218 2331 323 2406 refert,
341 2349 398 2391 neo
408 2330 475 2392 ulla
490 2336 536 2392 est
550 2331 631 2393 ratio
647 2351 699 2393 eos
712 2332 874 2392 detinendi
886 2333 919 2392 in
935 2331 1064 2404 saeoulo,
1082 2331 1109 2390 si
1120 2335 1234 2390 tamen

218 2428 297 2489 nihil
321 2430 469 2490 timeatur
491 2449 529 2490 ex
551 2437 639 2509 parte
663 2430 871 2505 creditorum3
894 2435 1088 2510 quapropter
1107 2447 1232 2508 praesu-

218 2545 303 2587 mere
318 2529 366 2588 fas
379 2535 425 2590 est
440 2531 494 2592 SS.
511 2529 680 2591 Pontifices
696 2531 736 2590 ad
752 2530 848 2590 talem
863 2545 971 2590 nasum
986 2547 1060 2589 suas
1075 2528 1234 2589 eonstitu-

218 2625 318 2685 tiones
331 2645 395 2687 non
407 2628 543 2690 voluisse
559 2630 738 2690 extendere.

278 2724 389 2786 Plures
400 2726 483 2787 idem
497 2728 665 2790 dicendum
679 2733 793 2807 putant·
808 2727 846 2788 de
860 2745 935 2788 casu
950 2744 1012 2806 quo
1025 2729 1152 2789 debitor
1167 2748 1233 2790 non

219 2821 319 2899 possit
341 2825 548 2886 oreditoribus
569 2827 748 2887 satisfacere
772 2825 832 2884 nisi
856 2826 1066 2904 perlongum
1090 2831 1232 2905 tempus,

220 2920 303 2982 ultra
324 2923 511 2997 triennium3
535 2923 611 3004 quia
626 2924 719 3002 juxta
736 2923 817 3000 illos,
840 2922 990 2984 diuturna
1011 2923 1133 2998 dilatio,
1159 2943 1233 2985 eum

219 3019 396 3098 privatione
410 3023 582 3098 gratiarum
599 3039 669 3102 quae
681 3022 755 3082 inde
770 3021 911 3094 resultat,
927 3022 1039 3082 merito
1054 3022 1233 3102 aequipara-

219 3121 273 3177 tur
282 3118 477 3197 impotentiae
488 3121 611 3180 morali.
629 3121 683 3181 His
696 3119 1080 3181 doetoribus‘assentimur
1090 3122 1116 3181 si
1128 3139 1231 3200 pona-

220 3222 272 3276 tur
286 3216 461 3278 debitorem
474 3219 562 3296 gravi
574 3219 715 3297 periculo
731 3218 841 3279 salutis
856 3217 975 3298 exponi
989 3220 1184 3281 remanendo
1199 3220 1232 3280 in

220 3315 347 3389 saeeulo,
365 3316 486 3376 ratione
503 3316 614 3376 habita
633 3317 738 3378 nimia
755 3316 839 3377 illius
859 3316 1056 3396 fragilitatis;
1073 3337 1187 3378 verum
1206 3317 1232 3378 si

219 3430 283 3473 nou
304 3412 390 3474 aliud
411 3431 581 3492 gravamen
602 3417 800 3494 experiturus
823 3415 862 3475 sit
882 3419 1000 3493 praeter
1020 3415 1230 3494 privationem

220 3513 442 3574 consolationis
457 3513 627 3592 spiritualis
644 3520 675 3575 et
690 3517 845 3576 donorum
865 3517 974 3595 gratim
991 3516 1105 3594 quibus
1124 3521 1231 3594 sperat

220 3627 252 3669 se
268 3610 436 3672 fruiturum
456 3613 488 3672 in
504 3617 587 3673 statu
602 3614 761 3692 religioso,
778 3633 941 3678 remanere
956 3615 1050 3676 debet
1064 3614 1097 3673 in
1111 3615 1226 3674 saeeulo

220 3709 295 3784 quia
313 3727 377 3770 non
398 3716 537 3772 versatur
555 3711 588 3770 in
603 3730 677 3773 vera
696 3712 883 3791 impotentia
901 3713 1026 3790 morali,
1043 3718 1075 3772 et
1097 3711 1224 3772 aliunde
