<?xml version="1.0" encoding="UTF-8"?>
<!DOCTYPE html PUBLIC "-//W3C//DTD XHTML 1.0 Transitional//EN"
    "http://www.w3.org/TR/xhtml1/DTD/xhtml1-transitional.dtd">
<html xmlns="http://www.w3.org/1999/xhtml" xml:lang="en" lang="en">
 <head>
  <title>
</title>
<meta http-equiv="Content-Type" content="text/html;charset=utf-8" />
  <meta name='ocr-system' content='tesseract 3.04.00' />
  <meta name='ocr-capabilities' content='ocr_page ocr_carea ocr_par ocr_line ocrx_word'/>
</head>
<body>
  <div class='ocr_page' id='page_1' title='image "./praelectionesju00murrgoog_0211.png"; bbox 0 0 2588 4276; ppageno 0'>
   <div class='ocr_carea' id='block_1_1' title="bbox 254 267 929 324">
    <p class='ocr_par' dir='ltr' id='par_1_1' title="bbox 254 267 929 324">
     <span class='ocr_line' id='line_1_1' title="bbox 254 267 929 324; baseline -0.006 -1"><span class='ocrx_word' id='word_1_1' title='bbox 254 267 304 324; x_wconf 74' lang='grc'><strong>196</strong></span> <span class='ocrx_word' id='word_1_2' title='bbox 590 277 668 324; x_wconf 75' lang='lat' dir='ltr'><strong>rans</strong></span> <span class='ocrx_word' id='word_1_3' title='bbox 685 275 721 323; x_wconf 87' lang='lat' dir='ltr'><strong>ll.</strong></span> <span class='ocrx_word' id='word_1_4' title='bbox 743 273 929 323; x_wconf 71' lang='lat' dir='ltr'><strong>ababtibus.</strong></span> 
     </span>
    </p>
   </div>
   <div class='ocr_carea' id='block_1_2' title="bbox 251 371 1270 1543">
    <p class='ocr_par' dir='ltr' id='par_1_2' title="bbox 251 371 1269 566">
     <span class='ocr_line' id='line_1_2' title="bbox 253 371 1269 472; baseline -0.009 -20"><span class='ocrx_word' id='word_1_5' title='bbox 253 393 382 472; x_wconf 83' lang='lat' dir='ltr'><strong>quidam</strong></span> <span class='ocrx_word' id='word_1_6' title='bbox 397 389 496 467; x_wconf 91' lang='lat' dir='ltr'><strong>horis,</strong></span> <span class='ocrx_word' id='word_1_7' title='bbox 511 409 617 454; x_wconf 80' lang='lat' dir='ltr'><strong>eccum</strong></span> <span class='ocrx_word' id='word_1_8' title='bbox 629 392 768 472; x_wconf 84' lang='lat' dir='ltr'>colloqui</span> <span class='ocrx_word' id='word_1_9' title='bbox 783 390 990 464; x_wconf 84' lang='lat' dir='ltr'><strong>concedatur3</strong></span> <span class='ocrx_word' id='word_1_10' title='bbox 1004 388 1140 449; x_wconf 88' lang='lat' dir='ltr'><strong>demum</strong></span> <span class='ocrx_word' id='word_1_11' title='bbox 1152 381 1247 457; x_wconf 85' lang='lat' dir='ltr'><strong>tenaci,</strong></span> <span class='ocrx_word' id='word_1_12' title='bbox 1268 371 1269 418; x_wconf 62' lang='lat' dir='ltr'><strong>l</strong></span> 
     </span>
     <span class='ocr_line' id='line_1_3' title="bbox 251 480 1248 566; baseline -0.011 -16"><span class='ocrx_word' id='word_1_13' title='bbox 251 488 540 562; x_wconf 89' lang='lat' dir='ltr'><strong>etiaminminimis,</strong></span> <span class='ocrx_word' id='word_1_14' title='bbox 550 489 758 551; x_wconf 75' lang='lat' dir='ltr'><strong>observantiae</strong></span> <span class='ocrx_word' id='word_1_15' title='bbox 766 489 947 566; x_wconf 87' lang='lat' dir='ltr'><strong>regularum</strong></span> <span class='ocrx_word' id='word_1_16' title='bbox 956 480 1248 546; x_wconf 87' lang='lat' dir='ltr'><strong>etusuuminstituti.</strong></span> 
     </span>
    </p>

    <p class='ocr_par' dir='ltr' id='par_1_3' title="bbox 251 577 1270 1151">
     <span class='ocr_line' id='line_1_4' title="bbox 311 577 1249 658; baseline -0.011 -10"><span class='ocrx_word' id='word_1_17' title='bbox 311 589 381 648; x_wconf 72' lang='lat'><strong>432.</strong></span> <span class='ocrx_word' id='word_1_18' title='bbox 399 621 438 634; x_wconf 91' lang='lat'>-</span> <span class='ocrx_word' id='word_1_19' title='bbox 458 589 497 649; x_wconf 94' lang='lat' dir='ltr'><strong>ll.</strong></span> <span class='ocrx_word' id='word_1_20' title='bbox 517 587 662 650; x_wconf 88' lang='lat' dir='ltr'><strong>Secundo</strong></span> <span class='ocrx_word' id='word_1_21' title='bbox 683 587 753 649; x_wconf 91' lang='lat' dir='ltr'><strong>loco</strong></span> <span class='ocrx_word' id='word_1_22' title='bbox 774 590 930 648; x_wconf 79' lang='lat' dir='ltr'><strong>venerunt</strong></span> <span class='ocrx_word' id='word_1_23' title='bbox 950 580 1092 645; x_wconf 82' lang='lat' dir='ltr'><strong>canonici</strong></span> <span class='ocrx_word' id='word_1_24' title='bbox 1104 577 1249 658; x_wconf 73' lang='lat' dir='ltr'><strong>regulare,</strong></span> 
     </span>
     <span class='ocr_line' id='line_1_5' title="bbox 251 677 1249 763; baseline -0.01 -19"><span class='ocrx_word' id='word_1_25' title='bbox 251 684 307 763; x_wconf 93' lang='lat' dir='ltr'><strong>qui</strong></span> <span class='ocrx_word' id='word_1_26' title='bbox 320 685 418 746; x_wconf 82' lang='lat' dir='ltr'><strong>vitam</strong></span> <span class='ocrx_word' id='word_1_27' title='bbox 437 685 570 746; x_wconf 79' lang='lat' dir='ltr'><strong>mixtam</strong></span> <span class='ocrx_word' id='word_1_28' title='bbox 585 691 694 762; x_wconf 87' lang='lat' dir='ltr'><strong>agunt,</strong></span> <span class='ocrx_word' id='word_1_29' title='bbox 712 683 863 746; x_wconf 84' lang='lat' dir='ltr'><strong>exercitia</strong></span> <span class='ocrx_word' id='word_1_30' title='bbox 880 682 953 743; x_wconf 83' lang='lat' dir='ltr'><strong>vitae</strong></span> <span class='ocrx_word' id='word_1_31' title='bbox 974 677 1164 741; x_wconf 74' lang='lat' dir='ltr'><strong>monastica</strong></span> <span class='ocrx_word' id='word_1_32' title='bbox 1179 693 1249 736; x_wconf 84' lang='lat' dir='ltr'><strong>sacro</strong></span> 
     </span>
     <span class='ocr_line' id='line_1_6' title="bbox 251 774 1250 853; baseline -0.008 -11"><span class='ocrx_word' id='word_1_33' title='bbox 251 781 372 842; x_wconf 85' lang='lat' dir='ltr'>ordinis</span> <span class='ocrx_word' id='word_1_34' title='bbox 385 781 539 844; x_wconf 89' lang='lat' dir='ltr'><strong>clericalis</strong></span> <span class='ocrx_word' id='word_1_35' title='bbox 557 783 732 844; x_wconf 88' lang='lat' dir='ltr'><strong>ministerio</strong></span> <span class='ocrx_word' id='word_1_36' title='bbox 747 781 977 844; x_wconf 77' lang='lat' dir='ltr'><strong>consociantes.</strong></span> <span class='ocrx_word' id='word_1_37' title='bbox 994 774 1153 840; x_wconf 74' lang='lat' dir='ltr'><strong>canonici</strong></span> <span class='ocrx_word' id='word_1_38' title='bbox 1179 791 1250 853; x_wconf 82' lang='lat' dir='ltr'><strong>regu·</strong></span> 
     </span>
     <span class='ocr_line' id='line_1_7' title="bbox 251 861 1270 960; baseline -0.007 -23"><span class='ocrx_word' id='word_1_39' title='bbox 251 877 335 939; x_wconf 86' lang='lat' dir='ltr'><strong>lares</strong></span> <span class='ocrx_word' id='word_1_40' title='bbox 357 886 431 940; x_wconf 90' lang='lat' dir='ltr'><strong>sunt</strong></span> <span class='ocrx_word' id='word_1_41' title='bbox 452 881 560 960; x_wconf 90' lang='lat' dir='ltr'><strong>utique</strong></span> <span class='ocrx_word' id='word_1_42' title='bbox 584 880 700 955; x_wconf 85' lang='lat' dir='ltr'><strong>clerici,</strong></span> <span class='ocrx_word' id='word_1_43' title='bbox 719 880 815 942; x_wconf 86' lang='lat' dir='ltr'><strong>vitam</strong></span> <span class='ocrx_word' id='word_1_44' title='bbox 838 878 1020 955; x_wconf 77' lang='lat' dir='ltr'><strong>religiosam</strong></span> <span class='ocrx_word' id='word_1_45' title='bbox 1040 871 1192 954; x_wconf 82' lang='lat' dir='ltr'><strong>professi,</strong></span> <span class='ocrx_word' id='word_1_46' title='bbox 1211 870 1251 950; x_wconf 85' lang='lat' dir='ltr'><strong>qui</strong></span> <span class='ocrx_word' id='word_1_47' title='bbox 1269 861 1270 930; x_wconf 88' lang='lat' dir='ltr'><strong>l</strong></span> 
     </span>
     <span class='ocr_line' id='line_1_8' title="bbox 252 967 1270 1056; baseline -0.009 -20"><span class='ocrx_word' id='word_1_48' title='bbox 252 977 380 1038; x_wconf 85' lang='lat' dir='ltr'><strong>servitio</strong></span> <span class='ocrx_word' id='word_1_49' title='bbox 403 977 615 1040; x_wconf 82' lang='lat' dir='ltr'><strong>Ecclesiarum</strong></span> <span class='ocrx_word' id='word_1_50' title='bbox 637 976 894 1056; x_wconf 74' lang='lat' dir='ltr'><strong>collegiatarum,</strong></span> <span class='ocrx_word' id='word_1_51' title='bbox 906 990 961 1036; x_wconf 87' lang='lat' dir='ltr'><strong>scu</strong></span> <span class='ocrx_word' id='word_1_52' title='bbox 982 973 1083 1034; x_wconf 91' lang='lat' dir='ltr'><strong>etiam</strong></span> <span class='ocrx_word' id='word_1_53' title='bbox 1100 967 1270 1050; x_wconf 68' lang='lat' dir='ltr'><strong>parochia-i</strong></span> 
     </span>
     <span class='ocr_line' id='line_1_9' title="bbox 253 1071 560 1151; baseline 0.007 -17"><span class='ocrx_word' id='word_1_54' title='bbox 253 1071 343 1151; x_wconf 90' lang='lat' dir='ltr'><strong>lium,</strong></span> <span class='ocrx_word' id='word_1_55' title='bbox 360 1075 560 1137; x_wconf 87' lang='lat' dir='ltr'><strong>addicuntur.</strong></span> 
     </span>
    </p>

    <p class='ocr_par' dir='ltr' id='par_1_4' title="bbox 252 1165 1254 1543">
     <span class='ocr_line' id='line_1_10' title="bbox 313 1165 1254 1248; baseline -0.009 -16"><span class='ocrx_word' id='word_1_56' title='bbox 313 1173 507 1234; x_wconf 80' lang='lat' dir='ltr'><strong>Fundatores</strong></span> <span class='ocrx_word' id='word_1_57' title='bbox 521 1173 641 1235; x_wconf 83' lang='lat' dir='ltr'><strong>ordinis</strong></span> <span class='ocrx_word' id='word_1_58' title='bbox 655 1172 879 1236; x_wconf 88' lang='lat' dir='ltr'><strong>canonicorum</strong></span> <span class='ocrx_word' id='word_1_59' title='bbox 895 1168 1094 1248; x_wconf 78' lang='lat' dir='ltr'><strong>regularium</strong></span> <span class='ocrx_word' id='word_1_60' title='bbox 1115 1165 1254 1227; x_wconf 86' lang='lat' dir='ltr'><strong>habentur</strong></span> 
     </span>
     <span class='ocr_line' id='line_1_11' title="bbox 252 1260 1252 1344; baseline -0.009 -16"><span class='ocrx_word' id='word_1_61' title='bbox 252 1275 380 1330; x_wconf 90' lang='lat' dir='ltr'><strong>sanctus</strong></span> <span class='ocrx_word' id='word_1_62' title='bbox 396 1270 547 1331; x_wconf 80' lang='lat' dir='ltr'><strong>Eusebius</strong></span> <span class='ocrx_word' id='word_1_63' title='bbox 559 1267 782 1344; x_wconf 72' lang='lat' dir='ltr'><strong>VercellensiS,</strong></span> <span class='ocrx_word' id='word_1_64' title='bbox 799 1275 831 1331; x_wconf 88' lang='lat' dir='ltr'><strong>et</strong></span> <span class='ocrx_word' id='word_1_65' title='bbox 845 1273 974 1330; x_wconf 88' lang='lat' dir='ltr'><strong>sanctus</strong></span> <span class='ocrx_word' id='word_1_66' title='bbox 991 1264 1199 1344; x_wconf 81' lang='lat' dir='ltr'><strong>Augustinus.</strong></span> <span class='ocrx_word' id='word_1_67' title='bbox 1212 1260 1252 1320; x_wconf 87' lang='lat' dir='ltr'><strong>ui·</strong></span> 
     </span>
     <span class='ocr_line' id='line_1_12' title="bbox 253 1358 1250 1444; baseline -0.008 -17"><span class='ocrx_word' id='word_1_68' title='bbox 253 1366 335 1427; x_wconf 91' lang='lat' dir='ltr'><strong>citur</strong></span> <span class='ocrx_word' id='word_1_69' title='bbox 357 1367 389 1426; x_wconf 93' lang='lat' dir='ltr'><strong>in</strong></span> <span class='ocrx_word' id='word_1_70' title='bbox 411 1367 570 1429; x_wconf 89' lang='lat' dir='ltr'><strong>Breviario</strong></span> <span class='ocrx_word' id='word_1_71' title='bbox 590 1369 733 1429; x_wconf 87' lang='lat' dir='ltr'><strong>Romano</strong></span> <span class='ocrx_word' id='word_1_72' title='bbox 753 1384 762 1429; x_wconf 78' lang='grc' dir='ltr'><strong><em>ε</em></strong></span> <span class='ocrx_word' id='word_1_73' title='bbox 785 1365 969 1428; x_wconf 71' lang='lat' dir='ltr'><strong>«Eusebius</strong></span> <span class='ocrx_word' id='word_1_74' title='bbox 985 1365 1113 1444; x_wconf 88' lang='lat' dir='ltr'><strong>primus</strong></span> <span class='ocrx_word' id='word_1_75' title='bbox 1135 1360 1167 1422; x_wconf 91' lang='lat' dir='ltr'><strong>in</strong></span> <span class='ocrx_word' id='word_1_76' title='bbox 1183 1358 1250 1421; x_wconf 86' lang='lat' dir='ltr'><strong>Occi·</strong></span> 
     </span>
     <span class='ocr_line' id='line_1_13' title="bbox 257 1457 1252 1543; baseline -0.004 -23"><span class='ocrx_word' id='word_1_77' title='bbox 257 1463 396 1524; x_wconf 78' lang='lat' dir='ltr'><strong>edentis</strong></span> <span class='ocrx_word' id='word_1_78' title='bbox 419 1465 563 1543; x_wconf 91' lang='lat' dir='ltr'><strong>partibus</strong></span> <span class='ocrx_word' id='word_1_79' title='bbox 585 1465 618 1524; x_wconf 92' lang='lat' dir='ltr'><strong>in</strong></span> <span class='ocrx_word' id='word_1_80' title='bbox 644 1466 756 1526; x_wconf 88' lang='lat' dir='ltr'><strong>cadem</strong></span> <span class='ocrx_word' id='word_1_81' title='bbox 777 1463 918 1527; x_wconf 77' lang='lat' dir='ltr'><strong>Ecclesia</strong></span> <span class='ocrx_word' id='word_1_82' title='bbox 942 1463 1071 1524; x_wconf 85' lang='lat' dir='ltr'><strong>eosdem</strong></span> <span class='ocrx_word' id='word_1_83' title='bbox 1098 1457 1252 1521; x_wconf 87' lang='lat' dir='ltr'><strong>monachos</strong></span> 
     </span>
    </p>
   </div>
   <div class='ocr_carea' id='block_1_3' title="bbox 174 1555 1271 1738">
    <p class='ocr_par' dir='ltr' id='par_1_5' title="bbox 174 1555 1271 1738">
     <span class='ocr_line' id='line_1_14' title="bbox 257 1555 1271 1641; baseline -0.007 -20"><span class='ocrx_word' id='word_1_84' title='bbox 257 1585 273 1615; x_wconf 78' lang='grc' dir='ltr'>α</span> <span class='ocrx_word' id='word_1_85' title='bbox 286 1560 423 1623; x_wconf 91' lang='lat' dir='ltr'><strong>instituit</strong></span> <span class='ocrx_word' id='word_1_86' title='bbox 438 1579 504 1623; x_wconf 90' lang='lat' dir='ltr'><strong>esse</strong></span> <span class='ocrx_word' id='word_1_87' title='bbox 524 1580 604 1641; x_wconf 87' lang='lat' dir='ltr'><strong>quos</strong></span> <span class='ocrx_word' id='word_1_88' title='bbox 617 1562 758 1637; x_wconf 85' lang='lat' dir='ltr'><strong>clericos,</strong></span> <span class='ocrx_word' id='word_1_89' title='bbox 776 1567 812 1624; x_wconf 91' lang='lat' dir='ltr'><strong>ut</strong></span> <span class='ocrx_word' id='word_1_90' title='bbox 826 1567 910 1624; x_wconf 83' lang='lat' dir='ltr'><strong>essct</strong></span> <span class='ocrx_word' id='word_1_91' title='bbox 924 1561 957 1622; x_wconf 91' lang='lat' dir='ltr'><strong>in</strong></span> <span class='ocrx_word' id='word_1_92' title='bbox 969 1559 1046 1640; x_wconf 86' lang='lat' dir='ltr'><strong>ipsis</strong></span> <span class='ocrx_word' id='word_1_93' title='bbox 1060 1558 1140 1619; x_wconf 89' lang='lat' dir='ltr'><strong>viris</strong></span> <span class='ocrx_word' id='word_1_94' title='bbox 1152 1561 1182 1618; x_wconf 89' lang='lat' dir='ltr'><strong>et</strong></span> <span class='ocrx_word' id='word_1_95' title='bbox 1198 1571 1253 1615; x_wconf 88' lang='lat' dir='ltr'><strong>con·</strong></span> <span class='ocrx_word' id='word_1_96' title='bbox 1270 1555 1271 1640; x_wconf 70' lang='lat' dir='ltr'><strong>l</strong></span> 
     </span>
     <span class='ocr_line' id='line_1_15' title="bbox 174 1650 1251 1738; baseline -0.01 -18"><span class='ocrx_word' id='word_1_97' title='bbox 174 1661 176 1664; x_wconf 76' lang='grc'>’</span> <span class='ocrx_word' id='word_1_98' title='bbox 255 1679 272 1712; x_wconf 91' lang='lat'>«</span> <span class='ocrx_word' id='word_1_99' title='bbox 289 1663 428 1736; x_wconf 89' lang='lat' dir='ltr'><strong>temptus</strong></span> <span class='ocrx_word' id='word_1_100' title='bbox 446 1677 563 1733; x_wconf 87' lang='lat' dir='ltr'><strong>rerum,</strong></span> <span class='ocrx_word' id='word_1_101' title='bbox 586 1664 618 1720; x_wconf 90' lang='lat' dir='ltr'><strong>ct</strong></span> <span class='ocrx_word' id='word_1_102' title='bbox 638 1659 799 1721; x_wconf 75' lang='lat' dir='ltr'><strong>accuratio</strong></span> <span class='ocrx_word' id='word_1_103' title='bbox 819 1659 997 1720; x_wconf 87' lang='lat' dir='ltr'><strong>levitarum.</strong></span> <span class='ocrx_word' id='word_1_104' title='bbox 1015 1679 1031 1714; x_wconf 79' lang='lat' dir='ltr'><strong>u</strong></span> <span class='ocrx_word' id='word_1_105' title='bbox 1056 1656 1163 1738; x_wconf 86' lang='lat' dir='ltr'><strong>(Anno</strong></span> <span class='ocrx_word' id='word_1_106' title='bbox 1180 1641 1271 1713; x_wconf 87' lang='lat' dir='ltr'><strong>circi-3</strong></span> 
     </span>
    </p>
   </div>
   <div class='ocr_carea' id='block_1_4' title="bbox 250 1754 1272 3303">
    <p class='ocr_par' dir='ltr' id='par_1_6' title="bbox 250 1754 1272 3303">
     <span class='ocr_line' id='line_1_16' title="bbox 255 1754 1250 1836; baseline -0.005 -23"><span class='ocrx_word' id='word_1_107' title='bbox 255 1758 303 1814; x_wconf 88' lang='lat' dir='ltr'><strong>ter</strong></span> <span class='ocrx_word' id='word_1_108' title='bbox 318 1755 400 1826; x_wconf 67' lang='lat'><strong>350.)</strong></span> <span class='ocrx_word' id='word_1_109' title='bbox 415 1756 548 1818; x_wconf 87' lang='lat' dir='ltr'><strong>Sanctus</strong></span> <span class='ocrx_word' id='word_1_110' title='bbox 556 1757 750 1836; x_wconf 87' lang='lat' dir='ltr'><strong>Augustinus</strong></span> <span class='ocrx_word' id='word_1_111' title='bbox 762 1757 794 1818; x_wconf 93' lang='lat' dir='ltr'><strong>in</strong></span> <span class='ocrx_word' id='word_1_112' title='bbox 803 1756 941 1818; x_wconf 79' lang='lat' dir='ltr'><strong>Africam</strong></span> <span class='ocrx_word' id='word_1_113' title='bbox 955 1756 996 1816; x_wconf 92' lang='lat' dir='ltr'><strong>ab</strong></span> <span class='ocrx_word' id='word_1_114' title='bbox 1010 1754 1107 1816; x_wconf 88' lang='lat' dir='ltr'><strong>ltalia</strong></span> <span class='ocrx_word' id='word_1_115' title='bbox 1117 1764 1250 1820; x_wconf 82' lang='lat' dir='ltr'><strong>reversus,</strong></span> 
     </span>
     <span class='ocr_line' id='line_1_17' title="bbox 254 1846 1250 1937; baseline -0.008 -25"><span class='ocrx_word' id='word_1_116' title='bbox 254 1867 348 1930; x_wconf 87' lang='lat' dir='ltr'><strong>agros</strong></span> <span class='ocrx_word' id='word_1_117' title='bbox 371 1852 432 1913; x_wconf 90' lang='lat' dir='ltr'><strong>sibi</strong></span> <span class='ocrx_word' id='word_1_118' title='bbox 450 1860 585 1932; x_wconf 84' lang='lat' dir='ltr'><strong>patema</strong></span> <span class='ocrx_word' id='word_1_119' title='bbox 604 1854 790 1937; x_wconf 76' lang='lat' dir='ltr'><strong>haereditate</strong></span> <span class='ocrx_word' id='word_1_120' title='bbox 817 1853 942 1916; x_wconf 87' lang='lat' dir='ltr'><strong>relictos</strong></span> <span class='ocrx_word' id='word_1_121' title='bbox 966 1850 1141 1923; x_wconf 87' lang='lat' dir='ltr'><strong>alienavit,</strong></span> <span class='ocrx_word' id='word_1_122' title='bbox 1166 1846 1250 1908; x_wconf 84' lang='lat' dir='ltr'><strong>soluto</strong></span> 
     </span>
     <span class='ocr_line' id='line_1_18' title="bbox 253 1949 1249 2030; baseline -0.008 -20"><span class='ocrx_word' id='word_1_123' title='bbox 253 1949 447 2028; x_wconf 90' lang='lat' dir='ltr'><strong>pauperibus</strong></span> <span class='ocrx_word' id='word_1_124' title='bbox 461 1951 575 2030; x_wconf 86' lang='lat' dir='ltr'><strong>pretio,</strong></span> <span class='ocrx_word' id='word_1_125' title='bbox 589 1956 635 2028; x_wconf 95' lang='lat' dir='ltr'><strong>ut,</strong></span> <span class='ocrx_word' id='word_1_126' title='bbox 651 1952 746 2014; x_wconf 87' lang='lat' dir='ltr'><strong>rebus</strong></span> <span class='ocrx_word' id='word_1_127' title='bbox 760 1952 909 2013; x_wconf 85' lang='lat' dir='ltr'><strong>humanis</strong></span> <span class='ocrx_word' id='word_1_128' title='bbox 922 1950 1105 2030; x_wconf 72' lang='lat' dir='ltr'><strong>expeditus,</strong></span> <span class='ocrx_word' id='word_1_129' title='bbox 1124 1949 1184 2007; x_wconf 90' lang='lat' dir='ltr'><strong>Deo</strong></span> <span class='ocrx_word' id='word_1_130' title='bbox 1196 1959 1249 2003; x_wconf 87' lang='lat' dir='ltr'><strong>ser·</strong></span> 
     </span>
     <span class='ocr_line' id='line_1_19' title="bbox 254 2038 1251 2129; baseline -0.01 -21"><span class='ocrx_word' id='word_1_131' title='bbox 254 2047 349 2122; x_wconf 85' lang='lat' dir='ltr'><strong>viret;</strong></span> <span class='ocrx_word' id='word_1_132' title='bbox 375 2065 470 2128; x_wconf 86' lang='lat' dir='ltr'><strong>quam</strong></span> <span class='ocrx_word' id='word_1_133' title='bbox 488 2049 739 2128; x_wconf 83' lang='lat' dir='ltr'><strong>abnegationem</strong></span> <span class='ocrx_word' id='word_1_134' title='bbox 763 2067 869 2111; x_wconf 88' lang='lat' dir='ltr'><strong>rerum</strong></span> <span class='ocrx_word' id='word_1_135' title='bbox 891 2048 1119 2129; x_wconf 68' lang='lat' dir='ltr'><strong>temporalium</strong></span> <span class='ocrx_word' id='word_1_136' title='bbox 1147 2038 1251 2104; x_wconf 84' lang='lat' dir='ltr'><strong>selectis</strong></span> 
     </span>
     <span class='ocr_line' id='line_1_20' title="bbox 255 2143 1246 2226; baseline -0.007 -20"><span class='ocrx_word' id='word_1_137' title='bbox 255 2146 365 2207; x_wconf 88' lang='lat' dir='ltr'><strong>amicis</strong></span> <span class='ocrx_word' id='word_1_138' title='bbox 384 2147 497 2220; x_wconf 79' lang='lat' dir='ltr'><strong>suasit,</strong></span> <span class='ocrx_word' id='word_1_139' title='bbox 517 2147 705 2226; x_wconf 87' lang='lat' dir='ltr'><strong>quibuscum</strong></span> <span class='ocrx_word' id='word_1_140' title='bbox 716 2147 896 2208; x_wconf 87' lang='lat' dir='ltr'><strong>triennium</strong></span> <span class='ocrx_word' id='word_1_141' title='bbox 913 2163 986 2207; x_wconf 87' lang='lat' dir='ltr'><strong>rure</strong></span> <span class='ocrx_word' id='word_1_142' title='bbox 1004 2143 1174 2222; x_wconf 85' lang='lat' dir='ltr'><strong>transegit,</strong></span> <span class='ocrx_word' id='word_1_143' title='bbox 1193 2154 1246 2199; x_wconf 85' lang='lat' dir='ltr'><strong>cra·</strong></span> 
     </span>
     <span class='ocr_line' id='line_1_21' title="bbox 254 2232 1249 2324; baseline -0.002 -20"><span class='ocrx_word' id='word_1_144' title='bbox 254 2243 332 2305; x_wconf 86' lang='lat' dir='ltr'><strong>lioni</strong></span> <span class='ocrx_word' id='word_1_145' title='bbox 345 2262 473 2319; x_wconf 88' lang='lat' dir='ltr'><strong>vacans,</strong></span> <span class='ocrx_word' id='word_1_146' title='bbox 492 2251 524 2306; x_wconf 90' lang='lat' dir='ltr'><strong>et</strong></span> <span class='ocrx_word' id='word_1_147' title='bbox 542 2245 641 2306; x_wconf 86' lang='lat' dir='ltr'><strong>vitam</strong></span> <span class='ocrx_word' id='word_1_148' title='bbox 661 2245 892 2307; x_wconf 83' lang='lat' dir='ltr'><strong>monachorum</strong></span> <span class='ocrx_word' id='word_1_149' title='bbox 904 2243 1144 2324; x_wconf 57' lang='lat' dir='ltr'><strong>apprimum,</strong></span> <span class='ocrx_word' id='word_1_150' title='bbox 1164 2232 1249 2318; x_wconf 67' lang='lat' dir='ltr'><strong>quoad</strong></span> 
     </span>
     <span class='ocr_line' id='line_1_22' title="bbox 253 2331 1272 2422; baseline -0.009 -20"><span class='ocrx_word' id='word_1_151' title='bbox 253 2346 391 2422; x_wconf 88' lang='lat' dir='ltr'><strong>poterat,</strong></span> <span class='ocrx_word' id='word_1_152' title='bbox 411 2343 575 2404; x_wconf 80' lang='lat' dir='ltr'><strong>aemulans.</strong></span> <span class='ocrx_word' id='word_1_153' title='bbox 599 2366 615 2400; x_wconf 71' lang='lat' dir='ltr'><strong>a</strong></span> <span class='ocrx_word' id='word_1_154' title='bbox 634 2346 748 2405; x_wconf 76' lang='lat' dir='ltr'><strong>Factus</strong></span> <span class='ocrx_word' id='word_1_155' title='bbox 766 2348 878 2422; x_wconf 88' lang='lat' dir='ltr'><strong>postea</strong></span> <span class='ocrx_word' id='word_1_156' title='bbox 895 2343 1080 2422; x_wconf 72' lang='lat' dir='ltr'><strong>presbyter,</strong></span> <span class='ocrx_word' id='word_1_157' title='bbox 1103 2339 1147 2401; x_wconf 91' lang='lat' dir='ltr'><strong>ait</strong></span> <span class='ocrx_word' id='word_1_158' title='bbox 1163 2331 1247 2397; x_wconf 84' lang='lat' dir='ltr'><strong>Possi-</strong></span> <span class='ocrx_word' id='word_1_159' title='bbox 1271 2349 1272 2394; x_wconf 86' lang='lat'>3</span> 
     </span>
     <span class='ocr_line' id='line_1_23' title="bbox 257 2438 1248 2516; baseline -0.007 -20"><span class='ocrx_word' id='word_1_160' title='bbox 257 2463 273 2496; x_wconf 76' lang='lat' dir='ltr'><strong>n</strong></span> <span class='ocrx_word' id='word_1_161' title='bbox 289 2439 368 2516; x_wconf 87' lang='lat' dir='ltr'><strong>dius,</strong></span> <span class='ocrx_word' id='word_1_162' title='bbox 386 2441 614 2502; x_wconf 85' lang='lat' dir='ltr'><strong>monasterium</strong></span> <span class='ocrx_word' id='word_1_163' title='bbox 625 2441 711 2502; x_wconf 88' lang='lat' dir='ltr'><strong>intra</strong></span> <span class='ocrx_word' id='word_1_164' title='bbox 724 2441 896 2504; x_wconf 78' lang='lat' dir='ltr'><strong>Ecclesiam</strong></span> <span class='ocrx_word' id='word_1_165' title='bbox 909 2459 983 2502; x_wconf 88' lang='lat' dir='ltr'><strong>mox</strong></span> <span class='ocrx_word' id='word_1_166' title='bbox 995 2438 1144 2514; x_wconf 84' lang='lat' dir='ltr'><strong>instituit,</strong></span> <span class='ocrx_word' id='word_1_167' title='bbox 1156 2439 1248 2496; x_wconf 85' lang='lat' dir='ltr'><strong>etcum</strong></span> 
     </span>
     <span class='ocr_line' id='line_1_24' title="bbox 256 2530 1246 2618; baseline -0.003 -19"><span class='ocrx_word' id='word_1_168' title='bbox 256 2538 344 2599; x_wconf 80' lang='lat' dir='ltr'><strong>«Dei</strong></span> <span class='ocrx_word' id='word_1_169' title='bbox 366 2539 463 2599; x_wconf 87' lang='lat' dir='ltr'><strong>servis</strong></span> <span class='ocrx_word' id='word_1_170' title='bbox 483 2539 589 2600; x_wconf 86' lang='lat' dir='ltr'><strong>vivero</strong></span> <span class='ocrx_word' id='word_1_171' title='bbox 604 2539 699 2618; x_wconf 88' lang='lat' dir='ltr'><strong>coepit</strong></span> <span class='ocrx_word' id='word_1_172' title='bbox 722 2538 896 2602; x_wconf 85' lang='lat' dir='ltr'><strong>secundum</strong></span> <span class='ocrx_word' id='word_1_173' title='bbox 918 2539 1048 2600; x_wconf 87' lang='lat' dir='ltr'><strong>modum</strong></span> <span class='ocrx_word' id='word_1_174' title='bbox 1072 2530 1246 2612; x_wconf 72' lang='lat' dir='ltr'><strong>stragulam</strong></span> 
     </span>
     <span class='ocr_line' id='line_1_25' title="bbox 257 2625 1247 2716; baseline -0.005 -22"><span class='ocrx_word' id='word_1_175' title='bbox 257 2659 273 2690; x_wconf 72' lang='lat' dir='ltr'><strong>e</strong></span> <span class='ocrx_word' id='word_1_176' title='bbox 288 2636 347 2695; x_wconf 91' lang='lat' dir='ltr'><strong>sub</strong></span> <span class='ocrx_word' id='word_1_177' title='bbox 361 2637 477 2698; x_wconf 80' lang='lat' dir='ltr'><strong>sanctis</strong></span> <span class='ocrx_word' id='word_1_178' title='bbox 487 2637 638 2716; x_wconf 84' lang='lat' dir='ltr'><strong>apostolis</strong></span> <span class='ocrx_word' id='word_1_179' title='bbox 648 2638 863 2712; x_wconf 86' lang='lat' dir='ltr'><strong>constitutam,</strong></span> <span class='ocrx_word' id='word_1_180' title='bbox 875 2638 1015 2699; x_wconf 87' lang='lat' dir='ltr'><strong>maxima</strong></span> <span class='ocrx_word' id='word_1_181' title='bbox 1027 2641 1062 2696; x_wconf 94' lang='lat' dir='ltr'><strong>ut</strong></span> <span class='ocrx_word' id='word_1_182' title='bbox 1070 2650 1163 2696; x_wconf 91' lang='lat' dir='ltr'><strong>nemo</strong></span> <span class='ocrx_word' id='word_1_183' title='bbox 1172 2625 1247 2709; x_wconf 86' lang='lat' dir='ltr'><strong>quid·</strong></span> 
     </span>
     <span class='ocr_line' id='line_1_26' title="bbox 257 2724 1245 2814; baseline -0.003 -24"><span class='ocrx_word' id='word_1_184' title='bbox 257 2755 272 2790; x_wconf 91' lang='lat'>«</span> <span class='ocrx_word' id='word_1_185' title='bbox 288 2733 375 2811; x_wconf 88' lang='lat' dir='ltr'><strong>piam</strong></span> <span class='ocrx_word' id='word_1_186' title='bbox 394 2735 557 2814; x_wconf 90' lang='lat' dir='ltr'><strong>proprium</strong></span> <span class='ocrx_word' id='word_1_187' title='bbox 577 2735 710 2797; x_wconf 80' lang='lat' dir='ltr'><strong>baberet</strong></span> <span class='ocrx_word' id='word_1_188' title='bbox 727 2735 760 2796; x_wconf 89' lang='lat' dir='ltr'><strong>in</strong></span> <span class='ocrx_word' id='word_1_189' title='bbox 780 2735 834 2796; x_wconf 88' lang='lat' dir='ltr'><strong>illa</strong></span> <span class='ocrx_word' id='word_1_190' title='bbox 853 2736 1014 2806; x_wconf 84' lang='lat' dir='ltr'><strong>societate,</strong></span> <span class='ocrx_word' id='word_1_191' title='bbox 1037 2735 1093 2795; x_wconf 89' lang='lat' dir='ltr'><strong>sed</strong></span> <span class='ocrx_word' id='word_1_192' title='bbox 1106 2732 1150 2794; x_wconf 89' lang='lat' dir='ltr'><strong>eis</strong></span> <span class='ocrx_word' id='word_1_193' title='bbox 1162 2724 1245 2789; x_wconf 73' lang='lat' dir='ltr'><strong>essert</strong></span> 
     </span>
     <span class='ocr_line' id='line_1_27' title="bbox 256 2820 1245 2907; baseline -0.007 -22"><span class='ocrx_word' id='word_1_194' title='bbox 256 2851 273 2886; x_wconf 78' lang='lat' dir='ltr'><strong>u</strong></span> <span class='ocrx_word' id='word_1_195' title='bbox 289 2830 397 2892; x_wconf 89' lang='lat' dir='ltr'><strong>omnia</strong></span> <span class='ocrx_word' id='word_1_196' title='bbox 412 2833 602 2896; x_wconf 88' lang='lat' dir='ltr'><strong>communia.</strong></span> <span class='ocrx_word' id='word_1_197' title='bbox 620 2855 634 2890; x_wconf 85' lang='lat' dir='ltr'><strong>u</strong></span> <span class='ocrx_word' id='word_1_198' title='bbox 654 2835 700 2894; x_wconf 83' lang='lat' dir='ltr'><strong>Ex</strong></span> <span class='ocrx_word' id='word_1_199' title='bbox 714 2834 770 2894; x_wconf 94' lang='lat' dir='ltr'><strong>illo</strong></span> <span class='ocrx_word' id='word_1_200' title='bbox 784 2833 988 2907; x_wconf 89' lang='lat' dir='ltr'><strong>monasterio,</strong></span> <span class='ocrx_word' id='word_1_201' title='bbox 1005 2831 1105 2892; x_wconf 80' lang='lat' dir='ltr'><strong>veluti</strong></span> <span class='ocrx_word' id='word_1_202' title='bbox 1118 2828 1158 2888; x_wconf 91' lang='lat' dir='ltr'><strong>ab</strong></span> <span class='ocrx_word' id='word_1_203' title='bbox 1171 2820 1245 2885; x_wconf 85' lang='lat' dir='ltr'><strong>uber·</strong></span> 
     </span>
     <span class='ocr_line' id='line_1_28' title="bbox 254 2915 1245 3009; baseline -0.006 -20"><span class='ocrx_word' id='word_1_204' title='bbox 254 2927 336 2990; x_wconf 88' lang='lat' dir='ltr'><strong>rimo</strong></span> <span class='ocrx_word' id='word_1_205' title='bbox 350 2930 448 3006; x_wconf 85' lang='lat' dir='ltr'><strong>fonte,</strong></span> <span class='ocrx_word' id='word_1_206' title='bbox 466 2931 640 2992; x_wconf 86' lang='lat' dir='ltr'><strong>monastica</strong></span> <span class='ocrx_word' id='word_1_207' title='bbox 653 2931 719 2992; x_wconf 81' lang='lat' dir='ltr'><strong>vita</strong></span> <span class='ocrx_word' id='word_1_208' title='bbox 732 2915 800 2992; x_wconf 80' lang='lat' dir='ltr'><strong>sas&#39;e</strong></span> <span class='ocrx_word' id='word_1_209' title='bbox 814 2941 1010 3009; x_wconf 86' lang='lat' dir='ltr'><strong>peromnem</strong></span> <span class='ocrx_word' id='word_1_210' title='bbox 1022 2917 1245 2990; x_wconf 80' lang='lat' dir='ltr'><strong>Alrieamdiffu·</strong></span> 
     </span>
     <span class='ocr_line' id='line_1_29' title="bbox 250 3012 1245 3107; baseline -0.009 -20"><span class='ocrx_word' id='word_1_211' title='bbox 250 3025 311 3088; x_wconf 86' lang='lat' dir='ltr'><strong>¹dit.</strong></span> <span class='ocrx_word' id='word_1_212' title='bbox 323 3026 363 3086; x_wconf 87' lang='lat' dir='ltr'><strong>At</strong></span> <span class='ocrx_word' id='word_1_213' title='bbox 372 3027 426 3088; x_wconf 92' lang='lat' dir='ltr'><strong>ubi</strong></span> <span class='ocrx_word' id='word_1_214' title='bbox 439 3027 478 3087; x_wconf 89' lang='lat' dir='ltr'><strong>ad</strong></span> <span class='ocrx_word' id='word_1_215' title='bbox 491 3045 606 3088; x_wconf 88' lang='lat' dir='ltr'><strong>munus</strong></span> <span class='ocrx_word' id='word_1_216' title='bbox 620 3027 799 3107; x_wconf 82' lang='lat' dir='ltr'><strong>episcopale</strong></span> <span class='ocrx_word' id='word_1_217' title='bbox 811 3028 872 3088; x_wconf 87' lang='lat' dir='ltr'><strong>luit</strong></span> <span class='ocrx_word' id='word_1_218' title='bbox 881 3031 1058 3106; x_wconf 78' lang='lat' dir='ltr'><strong>promotae,</strong></span> <span class='ocrx_word' id='word_1_219' title='bbox 1075 3041 1146 3088; x_wconf 89' lang='lat' dir='ltr'><strong>cum</strong></span> <span class='ocrx_word' id='word_1_220' title='bbox 1158 3012 1245 3081; x_wconf 80' lang='lat' dir='ltr'><strong>officia</strong></span> 
     </span>
     <span class='ocr_line' id='line_1_30' title="bbox 253 3113 1243 3205; baseline -0.004 -21"><span class='ocrx_word' id='word_1_221' title='bbox 253 3123 326 3185; x_wconf 76' lang='lat' dir='ltr'><strong>vita</strong></span> <span class='ocrx_word' id='word_1_222' title='bbox 350 3125 539 3205; x_wconf 87' lang='lat' dir='ltr'><strong>episcopalis</strong></span> <span class='ocrx_word' id='word_1_223' title='bbox 565 3125 691 3186; x_wconf 86' lang='lat' dir='ltr'><strong>officere</strong></span> <span class='ocrx_word' id='word_1_224' title='bbox 716 3125 923 3187; x_wconf 88' lang='lat' dir='ltr'><strong>arbitraretur</strong></span> <span class='ocrx_word' id='word_1_225' title='bbox 945 3119 1165 3204; x_wconf 88' lang='lat' dir='ltr'><strong>tranquillitati</strong></span> <span class='ocrx_word' id='word_1_226' title='bbox 1187 3113 1243 3174; x_wconf 59' lang='lat' dir='ltr'><strong>vll&amp;</strong></span> 
     </span>
     <span class='ocr_line' id='line_1_31' title="bbox 253 3213 1245 3303; baseline -0.01 -20"><span class='ocrx_word' id='word_1_227' title='bbox 253 3223 453 3297; x_wconf 84' lang='lat' dir='ltr'><strong>monasticae,</strong></span> <span class='ocrx_word' id='word_1_228' title='bbox 469 3223 569 3284; x_wconf 87' lang='lat' dir='ltr'><strong>voluit</strong></span> <span class='ocrx_word' id='word_1_229' title='bbox 590 3241 696 3284; x_wconf 87' lang='lat' dir='ltr'><strong>secum</strong></span> <span class='ocrx_word' id='word_1_230' title='bbox 710 3223 743 3283; x_wconf 89' lang='lat' dir='ltr'><strong>in</strong></span> <span class='ocrx_word' id='word_1_231' title='bbox 761 3223 928 3303; x_wconf 81' lang='lat' dir='ltr'><strong>Episcopio</strong></span> <span class='ocrx_word' id='word_1_232' title='bbox 949 3216 1084 3284; x_wconf 85' lang='lat' dir='ltr'><strong>alterurn</strong></span> <span class='ocrx_word' id='word_1_233' title='bbox 1105 3213 1245 3280; x_wconf 70' lang='lat' dir='ltr'><strong>monaste·</strong></span> 
     </span>
    </p>
   </div>
   <div class='ocr_carea' id='block_1_5' title="bbox 149 3311 1241 3400">
    <p class='ocr_par' dir='ltr' id='par_1_7' title="bbox 149 3311 1241 3400">
     <span class='ocr_line' id='line_1_32' title="bbox 149 3311 1241 3400; baseline -0.016 -19"><span class='ocrx_word' id='word_1_234' title='bbox 149 3313 156 3328; x_wconf 66' lang='lat'>⁸</span> <span class='ocrx_word' id='word_1_235' title='bbox 253 3319 336 3380; x_wconf 89' lang='lat' dir='ltr'><strong>rium</strong></span> <span class='ocrx_word' id='word_1_236' title='bbox 359 3320 545 3382; x_wconf 89' lang='lat' dir='ltr'><strong>clericorum</strong></span> <span class='ocrx_word' id='word_1_237' title='bbox 569 3318 698 3395; x_wconf 88' lang='lat' dir='ltr'><strong>babere,</strong></span> <span class='ocrx_word' id='word_1_238' title='bbox 724 3319 757 3380; x_wconf 93' lang='lat' dir='ltr'><strong>id</strong></span> <span class='ocrx_word' id='word_1_239' title='bbox 778 3327 826 3382; x_wconf 83' lang='lat' dir='ltr'><strong>cat</strong></span> <span class='ocrx_word' id='word_1_240' title='bbox 842 3337 849 3381; x_wconf 93' lang='lat'><strong>:</strong></span> <span class='ocrx_word' id='word_1_241' title='bbox 865 3320 1133 3400; x_wconf 87' lang='lat' dir='ltr'><strong>presbyterorum,</strong></span> <span class='ocrx_word' id='word_1_242' title='bbox 1157 3311 1241 3373; x_wconf 90' lang='lat' dir='ltr'><strong>diaco·</strong></span> 
     </span>
    </p>
   </div>
   <div class='ocr_carea' id='block_1_6' title="bbox 254 3405 1241 3596">
    <p class='ocr_par' dir='ltr' id='par_1_8' title="bbox 254 3405 1241 3596">
     <span class='ocr_line' id='line_1_33' title="bbox 254 3405 1241 3480; baseline -0.012 -2"><span class='ocrx_word' id='word_1_243' title='bbox 254 3435 366 3478; x_wconf 89' lang='lat' dir='ltr'><strong>norum</strong></span> <span class='ocrx_word' id='word_1_244' title='bbox 394 3423 427 3479; x_wconf 88' lang='lat' dir='ltr'><strong>et</strong></span> <span class='ocrx_word' id='word_1_245' title='bbox 449 3417 717 3480; x_wconf 86' lang='lat' dir='ltr'><strong>subdiaconorum</strong></span> <span class='ocrx_word' id='word_1_246' title='bbox 752 3418 898 3480; x_wconf 76' lang='lat' dir='ltr'><strong>Ecclesia</strong></span> <span class='ocrx_word' id='word_1_247' title='bbox 930 3435 995 3478; x_wconf 79' lang='lat' dir='ltr'><strong>suae</strong></span> <span class='ocrx_word' id='word_1_248' title='bbox 1028 3405 1241 3478; x_wconf 81' lang='lat' dir='ltr'><strong>inservientium</strong></span> 
     </span>
     <span class='ocr_line' id='line_1_34' title="bbox 254 3513 473 3596; baseline 0.014 -22"><span class='ocrx_word' id='word_1_249' title='bbox 254 3513 350 3594; x_wconf 90' lang='lat' dir='ltr'><strong>(anno</strong></span> <span class='ocrx_word' id='word_1_250' title='bbox 365 3515 424 3576; x_wconf 83' lang='grc'><strong>395</strong></span> <span class='ocrx_word' id='word_1_251' title='bbox 437 3515 473 3596; x_wconf 90' lang='lat'><strong>¹).</strong></span> 
     </span>
    </p>
   </div>
   <div class='ocr_carea' id='block_1_7' title="bbox 257 3642 1237 3797">
    <p class='ocr_par' dir='ltr' id='par_1_9' title="bbox 257 3642 1237 3797">
     <span class='ocr_line' id='line_1_35' title="bbox 301 3642 1237 3722; baseline -0.017 -16"><span class='ocrx_word' id='word_1_252' title='bbox 301 3658 350 3706; x_wconf 71' lang='lat' dir='ltr'><strong>br</strong></span> <span class='ocrx_word' id='word_1_253' title='bbox 369 3655 447 3706; x_wconf 76' lang='lat' dir='ltr'><strong>Volui</strong></span> <span class='ocrx_word' id='word_1_254' title='bbox 467 3656 566 3708; x_wconf 88' lang='lat' dir='ltr'><strong>babere</strong></span> <span class='ocrx_word' id='word_1_255' title='bbox 584 3657 612 3707; x_wconf 88' lang='lat' dir='ltr'><strong>in</strong></span> <span class='ocrx_word' id='word_1_256' title='bbox 630 3658 682 3708; x_wconf 86' lang='lat' dir='ltr'><strong>ista</strong></span> <span class='ocrx_word' id='word_1_257' title='bbox 697 3657 779 3709; x_wconf 88' lang='lat' dir='ltr'><strong>domo</strong></span> <span class='ocrx_word' id='word_1_258' title='bbox 797 3655 1051 3722; x_wconf 82' lang='lat' dir='ltr'><strong>Episcopli&#39;mecum</strong></span> <span class='ocrx_word' id='word_1_259' title='bbox 1070 3642 1237 3706; x_wconf 81' lang='lat' dir='ltr'><strong>monasterium</strong></span> 
     </span>
     <span class='ocr_line' id='line_1_36' title="bbox 257 3719 1236 3797; baseline -0.003 -17"><span class='ocrx_word' id='word_1_260' title='bbox 257 3729 447 3781; x_wconf 75' lang='lat' dir='ltr'><strong>«clericorum.</strong></span> <span class='ocrx_word' id='word_1_261' title='bbox 462 3733 529 3783; x_wconf 85' lang='lat' dir='ltr'><strong>Ecce</strong></span> <span class='ocrx_word' id='word_1_262' title='bbox 543 3732 679 3797; x_wconf 86' lang='lat' dir='ltr'><strong>quomodo</strong></span> <span class='ocrx_word' id='word_1_263' title='bbox 693 3733 819 3785; x_wconf 79' lang='lat' dir='ltr'><strong>vivimus.</strong></span> <span class='ocrx_word' id='word_1_264' title='bbox 833 3731 903 3784; x_wconf 80' lang='lat' dir='ltr'><strong>Nulli</strong></span> <span class='ocrx_word' id='word_1_265' title='bbox 916 3733 977 3784; x_wconf 86' lang='lat' dir='ltr'><strong>licet</strong></span> <span class='ocrx_word' id='word_1_266' title='bbox 990 3732 1019 3782; x_wconf 93' lang='lat' dir='ltr'><strong>in</strong></span> <span class='ocrx_word' id='word_1_267' title='bbox 1025 3731 1151 3784; x_wconf 76' lang='lat' dir='ltr'><strong>societate</strong></span> <span class='ocrx_word' id='word_1_268' title='bbox 1163 3719 1236 3773; x_wconf 62' lang='lat' dir='ltr'><strong>notit!</strong></span> 
     </span>
    </p>
   </div>
   <div class='ocr_carea' id='block_1_8' title="bbox 0 0 1298 4276">
    <p class='ocr_par' dir='ltr' id='par_1_10' title="bbox 0 0 1298 4276">
     <span class='ocr_line' id='line_1_37' title="bbox 0 0 1298 4276; baseline 0 1"><span class='ocrx_word' id='word_1_269' title='bbox 0 0 1298 4276; x_wconf 95' lang='lat' dir='ltr'><strong> </strong></span> 
     </span>
    </p>
   </div>
  </div>
 </body>
</html>
