2632 4260
147 256 209 302 Alll'.
233 255 264 301 ll.
286 253 483 302 cddblrldrtlts
504 253 671 309 naoulslra
692 253 730 300 AD
751 250 990 300 onblnlrloasll.
1040 243 1073 296 ἓξ)

206 463 237 522 2⁰
258 462 304 524 Dr.
325 460 538 524 Onnrrarronn
560 465 615 522 ran
637 473 779 524 smarnos
800 473 928 522 ananus.

124 660 276 720 trs-1⁰
289 657 370 734 Quid
376 656 562 720 sentiendam
572 656 608 720 de
618 657 806 720 ordinatione
815 657 911 736 sactu,
924 675 984 718 aar
991 675 1071 737 prm

72 757 190 820 lamisso
203 754 331 818 ordrirc?

119 858 141 918 l.
162 857 242 918 Sunt
255 855 289 916 in
305 855 451 918 Ecclesia·
461 855 619 918 catholice
634 854 750 934 gradum
767 872 824 934 per
838 871 917 934 quos
932 855 972 916 ad
989 873 1070 917 sum·

71 972 143 1016 mum
157 953 324 1015 sacerdotii
338 953 462 1033 apicem
476 953 609 1016 clericus
624 953 775 1015 ascendit.

115 1051 218 1113 Prima
235 1057 368 1112 tonsura
383 1070 448 1112 non
467 1057 515 1112 est
528 1051 655 1131 proprie
674 1050 765 1124 ordo,
784 1051 839 1114 sed
857 1050 957 1113 veluti
975 1051 1068 1112 novi·
1129 1103 1132 1110 .

69 1149 149 1210 tintus
167 1155 268 1211 status
288 1148 442 1212 clericalis
461 1154 493 1212 et
508 1147 726 1230 praemialem
746 1148 788 1210 ad
807 1149 944 1227 ordines,
970 1154 1004 1210 ut
1024 1149 1069 1210 ait

68 1253 177 1308 sanctus
185 1247 336 1310 Thomas.
350 1247 481 1310 Ordines
493 1246 717 1309 dividunturin
727 1246 865 1309 minores
875 1245 1061 1326 etmsjores.

68 1346 191 1418 Ouatuor
213 1351 289 1408 sunt
310 1346 435 1408 ordines
456 1345 594 1408 minores
619 1361 627 1405 ε
652 1345 736 1407 inter
755 1343 893 1424 maiores
917 1345 1067 1406 adnume-

67 1450 159 1504 rantur
172 1444 433 1517 subdiaconatus,
447 1443 634 1506 diaconatus
646 1449 678 1504 et
689 1443 935 1524 presbyteratus.
948 1444 1066 1506 Locum

66 1540 194 1604 ultimum
213 1543 338 1604 obtinet
357 1542 570 1622 episcopatus,
592 1560 687 1621 quem
707 1541 900 1604 arbitramur
916 1559 983 1618 esse
1002 1559 1066 1602 non

66 1639 177 1718 simplex
200 1639 472 1719 complementum
493 1641 743 1721 presbyteratus,
763 1639 819 1702 sed
840 1638 983 1702 ordinem
1006 1639 1066 1700 dis

65 1737 178 1799 tinctum
191 1744 223 1799 et
237 1737 436 1817 participem,
450 1739 483 1799 in
498 1756 623 1800 summo
636 1738 748 1816 gradu,
765 1737 876 1817 gratim
889 1755 1064 1800 sacramen-

65 1835 120 1896 talis
138 1853 146 1896 :
169 1836 269 1898 babet
286 1837 402 1898 etenim
419 1855 511 1898 sacre
532 1837 640 1898 munia
658 1855 729 1916 qum
747 1835 928 1900 nullatenus
949 1854 1064 1898 conve·
1098 1836 1100 1838 ’

64 1933 137 1995 niunt
159 1935 355 2016 presbyteris
383 1935 497 2015 stipsi
523 1935 702 1998 annectitur
729 1935 834 2016 gretia
860 1935 929 1998 haec
954 1935 1063 1998 munia

64 2031 191 2094 obeundi.

107 2132 140 2194 ll.
163 2132 387 2194 Ordinationes
407 2134 511 2208 factae,
532 2151 596 2194 uno
613 2133 825 2213 pretermisso
845 2133 967 2212 ordine,
989 2140 1061 2196 suut

62 2227 169 2304 illicite,
190 2235 353 2310 quatenns
371 2231 540 2311 prohibitae
552 2230 626 2311 jure
645 2231 875 2305 ecclesiastic03
896 2232 982 2310 quod
996 2251 1059 2293 non

61 2327 143 2390 solum
162 2330 201 2390 de
222 2328 413 2408 majoribus,
433 2330 489 2392 sed
510 2330 607 2391 etiam
627 2330 666 2392 de
685 2329 861 2392 minoribus
882 2329 1074 2403 ordinibus,-

60 2424 108 2486 imo
120 2427 157 2488 de
174 2428 248 2508 ipsa
263 2434 394 2490 tonsura
408 2428 580 2490 canonista
594 2429 854 2509 interpretantur.

104 2525 146 2588 lta
162 2544 277 2588 omnes
291 2528 354 2588 Ill).
370 2526 464 2606 juxta
483 2526 752 2600 constantissimas
766 2525 963 2600 traditiones,
978 2545 1060 2606 quas

59 2621 87 2682 ab
99 2622 222 2688 ineunte
237 2633 272 2686 νο
284 2625 401 2687 saeculo
415 2625 597 2688 inculcabat
607 2625 752 2687 Zonimus
764 2627 852 2704 Papa
863 2625 897 2686 in
911 2624 1002 2705 epist.
1017 2626 1058 2686 ad

58 2823 104 2860 cum
113 2812 170 2875 jure
187 2813 224 2863 ad
234 2813 393 2876 pensionem
410 2815 602 2876 congruentem
614 2825 663 2876 pro
677 2813 880 2873 sustentatione,
891 2825 925 2862 ex
939 2811 1057 2864 oblatio-

57 2885 119 2937 nibus
131 2887 252 2939 fldalium
264 2888 454 2953 recipiendam.
468 2888 535 2938 Cum
549 2887 672 2939 viderant
683 2889 807 2954 Episcopi
824 2901 923 2954 paucos
938 2889 1054 2939 inveniri

57 2963 90 3024 qui
98 2964 170 3015 titulo
181 2963 316 3026 beneficii,
325 2978 373 3014 sen
384 2965 538 3029 patrimonii
550 2967 661 3029 possent
673 2965 800 3025 ordinari,
812 2965 848 3015 ita
855 2965 1056 3029 procedendum

54 3036 224 3098 indicaverunt
239 3040 482 3105 adprendendum
497 3039 703 3092 necessitatibus
718 3040 902 3105 spiritualibus
916 3041 1054 3104 Ecclesiae,

55 3115 91 3162 rati
103 3115 345 3168 calficientemessa
358 3117 462 3168 clericis
473 3121 575 3170 cenam
587 3115 732 3180 quamdam
745 3130 892 3182 congruam
909 3131 971 3182 quae
989 3116 1056 3180 ipsis

55 3193 186 3250 proveniret
196 3207 230 3243 ax
246 3193 454 3245 obventionibus
469 3207 537 3260 quas
552 3194 640 3244 solent
655 3191 747 3243 fideles
761 3193 789 3242 in
802 3192 915 3256 singulis
931 3194 1055 3257 paroeciis

56 3277 146 3331 erogare
159 3269 354 3321 sacerdotibus.
367 3271 437 3321 Casu
449 3270 589 3335 proposito
604 3269 630 3320 S.
642 3268 847 3334 congregationi
858 3282 892 3318 an
906 3267 950 3318 ilia
962 3269 1054 3333 praxis

55 3340 145 3394 clericos
156 3347 192 3396 ad
209 3359 301 3396 sacros
310 3347 419 3397 ordines
429 3344 606 3412 promovendi
617 3358 649 3395 eo
658 3345 738 3396 titulo
753 3357 833 3409 quem
840 3343 1053 3394 Administratio-

56 3417 86 3465 πίε
99 3422 240 3485 appellant,
259 3423 418 3474 sustinenda
427 3424 463 3474 sit
476 3424 504 3472 in
516 3435 590 3484 casu,
605 3422 632 3474 S.
648 3420 968 3486 demurmurans
981 3422 1055 3487 affin.

56 3495 141 3559 aulice,
156 3498 199 3548 die
217 3501 246 3550 tl
262 3499 335 3564 junii
355 3501 425 3551 1⁸79.
442 3500 515 3564 (Actu
530 3499 558 3549 S.
571 3498 655 3560 Sedis,
668 3501 735 3549 tom.
749 3497 805 3558 xli,
820 3511 848 3561 p.
868 3497 914 3548 569
938 3500 965 3547 et
982 3501 1049 3564 seq.)

56 3567 78 3617 ln
92 3573 211 3625 cumdem
224 3575 278 3626 lara
288 3587 400 3625 sensum
412 3574 580 3639 propositum
601 3574 652 3624 luit
668 3573 789 3623 Patribus
804 3571 918 3623 concilii
933 3571 1053 3625 Vaticani

56 3644 168 3700 chamna
181 3651 317 3716 theologis
328 3651 355 3702 S.
369 3650 515 3712 Pontificis,
523 3651 557 3701 da
567 3649 647 3701 titulo
658 3648 759 3698 servitii
767 3648 898 3708 dioecasis,
909 3663 958 3700 sau
973 3651 1054 3699 eccle·

57 3720 97 3782 ⁸¹³,
106 3724 137 3775 ad
144 3727 341 3779 ordinationem
351 3727 510 3779 clericorum
519 3727 566 3792 qui
577 3727 661 3778 alium
668 3724 780 3776 titulum
792 3725 891 3776 babere
901 3726 1052 3790 nequeunti

880 3853 908 3905 2.
