<?xml version="1.0" encoding="UTF-8"?>
<!DOCTYPE html PUBLIC "-//W3C//DTD XHTML 1.0 Transitional//EN"
    "http://www.w3.org/TR/xhtml1/DTD/xhtml1-transitional.dtd">
<html xmlns="http://www.w3.org/1999/xhtml" xml:lang="en" lang="en">
 <head>
  <title>
</title>
<meta http-equiv="Content-Type" content="text/html;charset=utf-8" />
  <meta name='ocr-system' content='tesseract 3.04.00' />
  <meta name='ocr-capabilities' content='ocr_page ocr_carea ocr_par ocr_line ocrx_word'/>
</head>
<body>
  <div class='ocr_page' id='page_1' title='image "./praelectionesju00murrgoog_0193.png"; bbox 0 0 2588 4276; ppageno 0'>
   <div class='ocr_carea' id='block_1_1' title="bbox 260 276 905 346">
    <p class='ocr_par' dir='ltr' id='par_1_1' title="bbox 260 276 905 346">
     <span class='ocr_line' id='line_1_1' title="bbox 260 276 905 346; baseline 0 -16"><span class='ocrx_word' id='word_1_1' title='bbox 260 276 311 330; x_wconf 78' lang='lat' dir='ltr'>lta</span> <span class='ocrx_word' id='word_1_2' title='bbox 379 313 381 318; x_wconf 83' lang='lat'>-</span> <span class='ocrx_word' id='word_1_3' title='bbox 552 339 555 346; x_wconf 54' lang='grc'><em>,</em></span> <span class='ocrx_word' id='word_1_4' title='bbox 624 283 698 331; x_wconf 79' lang='lat' dir='ltr'>raas</span> <span class='ocrx_word' id='word_1_5' title='bbox 717 281 752 331; x_wconf 89' lang='lat'>11.</span> <span class='ocrx_word' id='word_1_6' title='bbox 775 281 905 332; x_wconf 78' lang='lat' dir='ltr'>dacaru.</span> 
     </span>
    </p>
   </div>
   <div class='ocr_carea' id='block_1_2' title="bbox 258 397 1266 1067">
    <p class='ocr_par' dir='ltr' id='par_1_2' title="bbox 258 397 1266 1067">
     <span class='ocr_line' id='line_1_2' title="bbox 258 397 1263 480; baseline 0.003 -18"><span class='ocrx_word' id='word_1_7' title='bbox 258 417 323 463; x_wconf 92' lang='lat' dir='ltr'>non</span> <span class='ocrx_word' id='word_1_8' title='bbox 334 398 473 464; x_wconf 82' lang='lat' dir='ltr'>efficiant</span> <span class='ocrx_word' id='word_1_9' title='bbox 484 397 642 480; x_wconf 90' lang='lat' dir='ltr'>majorem</span> <span class='ocrx_word' id='word_1_10' title='bbox 652 401 776 479; x_wconf 87' lang='lat' dir='ltr'>partem</span> <span class='ocrx_word' id='word_1_11' title='bbox 790 398 923 480; x_wconf 88' lang='lat' dir='ltr'>capituli</span> <span class='ocrx_word' id='word_1_12' title='bbox 937 417 945 460; x_wconf 91' lang='lat'><strong>:</strong></span> <span class='ocrx_word' id='word_1_13' title='bbox 959 417 1046 475; x_wconf 86' lang='lat' dir='ltr'>nam,</span> <span class='ocrx_word' id='word_1_14' title='bbox 1058 400 1263 465; x_wconf 78' lang='lat' dir='ltr'>convocatione</span> 
     </span>
     <span class='ocr_line' id='line_1_3' title="bbox 258 496 1262 578; baseline 0 -18"><span class='ocrx_word' id='word_1_15' title='bbox 258 498 449 578; x_wconf 77' lang='lat' dir='ltr'>regulariter</span> <span class='ocrx_word' id='word_1_16' title='bbox 457 498 554 572; x_wconf 80' lang='lat' dir='ltr'>facta,</span> <span class='ocrx_word' id='word_1_17' title='bbox 573 498 705 577; x_wconf 89' lang='lat' dir='ltr'>quinon</span> <span class='ocrx_word' id='word_1_18' title='bbox 725 502 851 577; x_wconf 88' lang='lat' dir='ltr'>parent,</span> <span class='ocrx_word' id='word_1_19' title='bbox 868 502 1069 559; x_wconf 87' lang='lat' dir='ltr'>contumaces</span> <span class='ocrx_word' id='word_1_20' title='bbox 1080 496 1262 560; x_wconf 85' lang='lat' dir='ltr'>habenturet</span> 
     </span>
     <span class='ocr_line' id='line_1_4' title="bbox 260 575 1264 675; baseline -0.003 -16"><span class='ocrx_word' id='word_1_21' title='bbox 260 575 430 659; x_wconf 84' lang='lat' dir='ltr'>censentur</span> <span class='ocrx_word' id='word_1_22' title='bbox 451 595 636 656; x_wconf 86' lang='lat' dir='ltr'>renuntiare</span> <span class='ocrx_word' id='word_1_23' title='bbox 652 594 722 675; x_wconf 92' lang='lat' dir='ltr'>juri</span> <span class='ocrx_word' id='word_1_24' title='bbox 736 613 795 657; x_wconf 89' lang='lat' dir='ltr'>suo</span> <span class='ocrx_word' id='word_1_25' title='bbox 815 614 874 674; x_wconf 85' lang='lat' dir='ltr'>pro</span> <span class='ocrx_word' id='word_1_26' title='bbox 888 593 945 658; x_wconf 90' lang='lat' dir='ltr'>illa</span> <span class='ocrx_word' id='word_1_27' title='bbox 958 595 1047 670; x_wconf 84' lang='lat' dir='ltr'>vice3</span> <span class='ocrx_word' id='word_1_28' title='bbox 1063 594 1193 656; x_wconf 89' lang='lat' dir='ltr'>illorum</span> <span class='ocrx_word' id='word_1_29' title='bbox 1209 614 1264 658; x_wconf 91' lang='lat' dir='ltr'>con·</span> 
     </span>
     <span class='ocr_line' id='line_1_5' title="bbox 258 692 1265 775; baseline -0.002 -19"><span class='ocrx_word' id='word_1_30' title='bbox 258 693 404 756; x_wconf 81' lang='lat' dir='ltr'>&#39;tumaeia</span> <span class='ocrx_word' id='word_1_31' title='bbox 427 712 492 755; x_wconf 91' lang='lat' dir='ltr'>non</span> <span class='ocrx_word' id='word_1_32' title='bbox 515 692 649 775; x_wconf 91' lang='lat' dir='ltr'>impedit</span> <span class='ocrx_word' id='word_1_33' title='bbox 670 693 839 772; x_wconf 89' lang='lat' dir='ltr'>quominus</span> <span class='ocrx_word' id='word_1_34' title='bbox 860 698 1036 755; x_wconf 78' lang='lat' dir='ltr'>tractentur</span> <span class='ocrx_word' id='word_1_35' title='bbox 1049 693 1181 772; x_wconf 82' lang='lat' dir='ltr'>negotiu</span> <span class='ocrx_word' id='word_1_36' title='bbox 1198 695 1265 773; x_wconf 87' lang='lat' dir='ltr'>capi-</span> 
     </span>
     <span class='ocr_line' id='line_1_6' title="bbox 262 789 1266 872; baseline -0.003 -18"><span class='ocrx_word' id='word_1_37' title='bbox 262 789 334 854; x_wconf 86' lang='lat' dir='ltr'>tuli.</span> <span class='ocrx_word' id='word_1_38' title='bbox 352 793 439 853; x_wconf 83' lang='lat' dir='ltr'><strong>Idem</strong></span> <span class='ocrx_word' id='word_1_39' title='bbox 451 791 622 853; x_wconf 90' lang='lat' dir='ltr'>dicendum</span> <span class='ocrx_word' id='word_1_40' title='bbox 634 791 760 852; x_wconf 89' lang='lat' dir='ltr'>videtur</span> <span class='ocrx_word' id='word_1_41' title='bbox 771 791 809 866; x_wconf 91' lang='lat' dir='ltr'>si,</span> <span class='ocrx_word' id='word_1_42' title='bbox 820 795 893 872; x_wconf 89' lang='lat' dir='ltr'>post</span> <span class='ocrx_word' id='word_1_43' title='bbox 903 791 1076 871; x_wconf 74' lang='lat' dir='ltr'>incoeptam</span> <span class='ocrx_word' id='word_1_44' title='bbox 1085 790 1266 852; x_wconf 87' lang='lat' dir='ltr'>deliberatio·</span> 
     </span>
     <span class='ocr_line' id='line_1_7' title="bbox 263 887 1265 969; baseline -0.002 -19"><span class='ocrx_word' id='word_1_45' title='bbox 263 907 352 968; x_wconf 89' lang='lat' dir='ltr'>nem,</span> <span class='ocrx_word' id='word_1_46' title='bbox 366 888 472 968; x_wconf 86' lang='lat' dir='ltr'>major</span> <span class='ocrx_word' id='word_1_47' title='bbox 485 888 581 950; x_wconf 87' lang='lat' dir='ltr'>etiam</span> <span class='ocrx_word' id='word_1_48' title='bbox 600 906 675 969; x_wconf 87' lang='lat' dir='ltr'>pars</span> <span class='ocrx_word' id='word_1_49' title='bbox 687 888 863 964; x_wconf 76' lang='lat' dir='ltr'>recesserit,</span> <span class='ocrx_word' id='word_1_50' title='bbox 881 889 1008 968; x_wconf 86' lang='lat' dir='ltr'>quando</span> <span class='ocrx_word' id='word_1_51' title='bbox 1022 889 1122 950; x_wconf 89' lang='lat' dir='ltr'>instat</span> <span class='ocrx_word' id='word_1_52' title='bbox 1133 887 1265 950; x_wconf 85' lang='lat' dir='ltr'>terminus</span> 
     </span>
     <span class='ocr_line' id='line_1_8' title="bbox 259 985 935 1067; baseline -0.003 -18"><span class='ocrx_word' id='word_1_53' title='bbox 259 985 421 1067; x_wconf 68' lang='lat' dir='ltr'>praefixua</span> <span class='ocrx_word' id='word_1_54' title='bbox 437 986 488 1048; x_wconf 90' lang='lat' dir='ltr'>vel</span> <span class='ocrx_word' id='word_1_55' title='bbox 505 991 553 1048; x_wconf 88' lang='lat' dir='ltr'>est</span> <span class='ocrx_word' id='word_1_56' title='bbox 566 985 742 1064; x_wconf 87' lang='lat' dir='ltr'>periculum</span> <span class='ocrx_word' id='word_1_57' title='bbox 754 985 788 1047; x_wconf 93' lang='lat' dir='ltr'>in</span> <span class='ocrx_word' id='word_1_58' title='bbox 806 1004 897 1048; x_wconf 85' lang='lat' dir='ltr'>mora</span> <span class='ocrx_word' id='word_1_59' title='bbox 910 987 935 1047; x_wconf 92' lang='lat'>¹.</span> 
     </span>
    </p>
   </div>
   <div class='ocr_carea' id='block_1_3' title="bbox 179 1091 1266 2053">
    <p class='ocr_par' dir='ltr' id='par_1_3' title="bbox 259 1091 1266 1174">
     <span class='ocr_line' id='line_1_9' title="bbox 259 1091 1266 1174; baseline -0.001 -22"><span class='ocrx_word' id='word_1_60' title='bbox 259 1129 261 1134; x_wconf 93' lang='lat'>-</span> <span class='ocrx_word' id='word_1_61' title='bbox 318 1093 356 1160; x_wconf 92' lang='lat' dir='ltr'>ll.</span> <span class='ocrx_word' id='word_1_62' title='bbox 380 1091 573 1154; x_wconf 88' lang='lat' dir='ltr'>Deliberetio</span> <span class='ocrx_word' id='word_1_63' title='bbox 599 1092 638 1152; x_wconf 86' lang='lat' dir='ltr'>fit</span> <span class='ocrx_word' id='word_1_64' title='bbox 666 1091 947 1174; x_wconf 72' lang='lat' dir='ltr'>interpretantes,</span> <span class='ocrx_word' id='word_1_65' title='bbox 970 1110 1028 1154; x_wconf 90' lang='lat' dir='ltr'>nec</span> <span class='ocrx_word' id='word_1_66' title='bbox 1057 1095 1266 1172; x_wconf 88' lang='lat' dir='ltr'>computantur</span> 
     </span>
    </p>

    <p class='ocr_par' dir='ltr' id='par_1_4' title="bbox 179 1185 1266 2053">
     <span class='ocr_line' id='line_1_10' title="bbox 230 1185 1266 1270; baseline -0.002 -19"><span class='ocrx_word' id='word_1_67' title='bbox 230 1199 235 1210; x_wconf 87' lang='grc'><em>·</em></span> <span class='ocrx_word' id='word_1_68' title='bbox 259 1189 413 1269; x_wconf 74' lang='lat' dir='ltr'>suffragia</span> <span class='ocrx_word' id='word_1_69' title='bbox 432 1190 629 1264; x_wconf 67' lang='lat' dir='ltr'>absentium</span> <span class='ocrx_word' id='word_1_70' title='bbox 653 1185 798 1250; x_wconf 87' lang='lat' dir='ltr'>membra</span> <span class='ocrx_word' id='word_1_71' title='bbox 821 1189 905 1252; x_wconf 89' lang='lat' dir='ltr'>enim</span> <span class='ocrx_word' id='word_1_72' title='bbox 927 1190 1058 1270; x_wconf 90' lang='lat' dir='ltr'>capituli</span> <span class='ocrx_word' id='word_1_73' title='bbox 1076 1187 1266 1268; x_wconf 81' lang='lat' dir='ltr'>collegialiter</span> 
     </span>
     <span class='ocr_line' id='line_1_11' title="bbox 193 1277 1266 1369; baseline -0.003 -20"><span class='ocrx_word' id='word_1_74' title='bbox 193 1329 195 1334; x_wconf 91' lang='lat'>-</span> <span class='ocrx_word' id='word_1_75' title='bbox 256 1282 462 1350; x_wconf 85' lang='lat' dir='ltr'>solummodo</span> <span class='ocrx_word' id='word_1_76' title='bbox 482 1277 671 1348; x_wconf 82' lang='lat' dir='ltr'>deliberant.</span> <span class='ocrx_word' id='word_1_77' title='bbox 693 1287 844 1349; x_wconf 84' lang='lat' dir='ltr'>Canonici</span> <span class='ocrx_word' id='word_1_78' title='bbox 862 1292 971 1350; x_wconf 88' lang='lat' dir='ltr'>tamen</span> <span class='ocrx_word' id='word_1_79' title='bbox 985 1289 1041 1368; x_wconf 91' lang='lat' dir='ltr'>qui</span> <span class='ocrx_word' id='word_1_80' title='bbox 1054 1287 1266 1369; x_wconf 84' lang='lat' dir='ltr'>impedimento</span> 
     </span>
     <span class='ocr_line' id='line_1_12' title="bbox 260 1385 1263 1467; baseline -0.002 -21"><span class='ocrx_word' id='word_1_81' title='bbox 260 1385 452 1460; x_wconf 84' lang='lat' dir='ltr'>detinentur,</span> <span class='ocrx_word' id='word_1_82' title='bbox 474 1389 606 1465; x_wconf 85' lang='lat' dir='ltr'>possunt</span> <span class='ocrx_word' id='word_1_83' title='bbox 633 1385 825 1466; x_wconf 88' lang='lat' dir='ltr'>quandoque</span> <span class='ocrx_word' id='word_1_84' title='bbox 847 1385 999 1466; x_wconf 91' lang='lat' dir='ltr'>deputare</span> <span class='ocrx_word' id='word_1_85' title='bbox 1028 1391 1263 1467; x_wconf 89' lang='lat' dir='ltr'>procuratorem.</span> 
     </span>
     <span class='ocr_line' id='line_1_13' title="bbox 262 1481 1264 1563; baseline 0.001 -24"><span class='ocrx_word' id='word_1_86' title='bbox 262 1505 279 1540; x_wconf 92' lang='lat'>«</span> <span class='ocrx_word' id='word_1_87' title='bbox 300 1482 415 1563; x_wconf 89' lang='lat' dir='ltr'>Siquis</span> <span class='ocrx_word' id='word_1_88' title='bbox 425 1483 512 1562; x_wconf 89' lang='lat' dir='ltr'>justo</span> <span class='ocrx_word' id='word_1_89' title='bbox 526 1481 754 1562; x_wconf 88' lang='lat' dir='ltr'>impedimento</span> <span class='ocrx_word' id='word_1_90' title='bbox 765 1482 922 1560; x_wconf 86' lang='lat' dir='ltr'>detentus,</span> <span class='ocrx_word' id='word_1_91' title='bbox 935 1483 968 1544; x_wconf 91' lang='lat' dir='ltr'>in</span> <span class='ocrx_word' id='word_1_92' title='bbox 978 1483 1144 1545; x_wconf 90' lang='lat' dir='ltr'>electionis</span> <span class='ocrx_word' id='word_1_93' title='bbox 1155 1482 1264 1560; x_wconf 82' lang='lat' dir='ltr'>negotio</span> 
     </span>
     <span class='ocr_line' id='line_1_14' title="bbox 179 1567 1263 1660; baseline 0 -22"><span class='ocrx_word' id='word_1_94' title='bbox 179 1644 197 1659; x_wconf 15' lang='grc' dir='ltr'>Ι,</span> <span class='ocrx_word' id='word_1_95' title='bbox 262 1602 279 1637; x_wconf 80' lang='lat' dir='ltr'>a</span> <span class='ocrx_word' id='word_1_96' title='bbox 300 1584 439 1660; x_wconf 85' lang='lat' dir='ltr'>nequeat</span> <span class='ocrx_word' id='word_1_97' title='bbox 459 1580 625 1641; x_wconf 89' lang='lat' dir='ltr'>commode</span> <span class='ocrx_word' id='word_1_98' title='bbox 641 1580 807 1658; x_wconf 87' lang='lat' dir='ltr'>interesse,</span> <span class='ocrx_word' id='word_1_99' title='bbox 827 1567 871 1642; x_wconf 85' lang='lat' dir='ltr'>¹ait</span> <span class='ocrx_word' id='word_1_100' title='bbox 885 1581 1066 1643; x_wconf 86' lang='lat' dir='ltr'>Bonifacius</span> <span class='ocrx_word' id='word_1_101' title='bbox 1083 1581 1163 1656; x_wconf 86' lang='lat' dir='ltr'>Vlll,</span> <span class='ocrx_word' id='word_1_102' title='bbox 1178 1583 1263 1660; x_wconf 90' lang='lat' dir='ltr'>potest</span> 
     </span>
     <span class='ocr_line' id='line_1_15' title="bbox 262 1676 1263 1758; baseline -0.001 -22"><span class='ocrx_word' id='word_1_103' title='bbox 262 1684 279 1736; x_wconf 81' lang='lat' dir='ltr'>&#39;e</span> <span class='ocrx_word' id='word_1_104' title='bbox 300 1679 416 1739; x_wconf 89' lang='lat' dir='ltr'>nedum</span> <span class='ocrx_word' id='word_1_105' title='bbox 431 1676 497 1754; x_wconf 88' lang='lat' dir='ltr'>uni,</span> <span class='ocrx_word' id='word_1_106' title='bbox 515 1677 570 1738; x_wconf 91' lang='lat' dir='ltr'>sed</span> <span class='ocrx_word' id='word_1_107' title='bbox 585 1683 617 1740; x_wconf 88' lang='lat' dir='ltr'>et</span> <span class='ocrx_word' id='word_1_108' title='bbox 628 1677 774 1758; x_wconf 81' lang='lat' dir='ltr'>pluribus</span> <span class='ocrx_word' id='word_1_109' title='bbox 790 1678 987 1740; x_wconf 83' lang='lat' dir='ltr'>committere</span> <span class='ocrx_word' id='word_1_110' title='bbox 1003 1679 1087 1740; x_wconf 91' lang='lat' dir='ltr'>vices</span> <span class='ocrx_word' id='word_1_111' title='bbox 1103 1677 1263 1754; x_wconf 88' lang='lat' dir='ltr'>suas,du1n</span> 
     </span>
     <span class='ocr_line' id='line_1_16' title="bbox 265 1773 1261 1857; baseline -0.002 -21"><span class='ocrx_word' id='word_1_112' title='bbox 265 1795 280 1836; x_wconf 79' lang='lat' dir='ltr'>e</span> <span class='ocrx_word' id='word_1_113' title='bbox 299 1779 407 1836; x_wconf 88' lang='lat' dir='ltr'>temen</span> <span class='ocrx_word' id='word_1_114' title='bbox 420 1789 530 1837; x_wconf 89' lang='lat' dir='ltr'>eorum</span> <span class='ocrx_word' id='word_1_115' title='bbox 545 1775 673 1837; x_wconf 86' lang='lat' dir='ltr'>cuilibet</span> <span class='ocrx_word' id='word_1_116' title='bbox 687 1776 741 1838; x_wconf 91' lang='lat' dir='ltr'>det</span> <span class='ocrx_word' id='word_1_117' title='bbox 752 1775 785 1836; x_wconf 92' lang='lat' dir='ltr'>in</span> <span class='ocrx_word' id='word_1_118' title='bbox 800 1776 936 1839; x_wconf 88' lang='lat' dir='ltr'>solidum</span> <span class='ocrx_word' id='word_1_119' title='bbox 948 1781 1153 1857; x_wconf 86' lang='lat' dir='ltr'>potestatem.</span> <span class='ocrx_word' id='word_1_120' title='bbox 1163 1797 1178 1830; x_wconf 75' lang='lat' dir='ltr'>a</span> <span class='ocrx_word' id='word_1_121' title='bbox 1191 1773 1261 1855; x_wconf 84' lang='lat' dir='ltr'>(Gap.</span> 
     </span>
     <span class='ocr_line' id='line_1_17' title="bbox 259 1870 1263 1954; baseline -0.005 -18"><span class='ocrx_word' id='word_1_122' title='bbox 259 1870 303 1936; x_wconf 70' lang='lat' dir='ltr'>se·</span> <span class='ocrx_word' id='word_1_123' title='bbox 313 1871 379 1954; x_wconf 83' lang='lat' dir='ltr'>qais</span> <span class='ocrx_word' id='word_1_124' title='bbox 389 1872 487 1952; x_wconf 80' lang='lat' dir='ltr'>justo,</span> <span class='ocrx_word' id='word_1_125' title='bbox 508 1875 559 1950; x_wconf 75' lang='grc'>46,</span> <span class='ocrx_word' id='word_1_126' title='bbox 578 1891 617 1934; x_wconf 87' lang='lat' dir='ltr'>oa</span> <span class='ocrx_word' id='word_1_127' title='bbox 635 1875 808 1936; x_wconf 77' lang='lat' dir='ltr'>unccione</span> <span class='ocrx_word' id='word_1_128' title='bbox 822 1887 877 1937; x_wconf 76' lang='lat' dir='ltr'>vu.</span> <span class='ocrx_word' id='word_1_129' title='bbox 893 1875 942 1934; x_wconf 89' lang='lat' dir='ltr'>lta</span> <span class='ocrx_word' id='word_1_130' title='bbox 953 1873 1021 1951; x_wconf 84' lang='lat' dir='ltr'>jem</span> <span class='ocrx_word' id='word_1_131' title='bbox 1036 1875 1193 1934; x_wconf 85' lang='lat' dir='ltr'>statuerat</span> <span class='ocrx_word' id='word_1_132' title='bbox 1206 1889 1263 1950; x_wconf 86' lang='lat' dir='ltr'>cap.</span> 
     </span>
     <span class='ocr_line' id='line_1_18' title="bbox 263 1968 1005 2053; baseline 0.001 -22"><span class='ocrx_word' id='word_1_133' title='bbox 263 1968 341 2046; x_wconf 72' lang='lat' dir='ltr'>Quia</span> <span class='ocrx_word' id='word_1_134' title='bbox 352 1979 490 2053; x_wconf 84' lang='lat' dir='ltr'>propter,</span> <span class='ocrx_word' id='word_1_135' title='bbox 507 1974 558 2044; x_wconf 71' lang='lat'>42,</span> <span class='ocrx_word' id='word_1_136' title='bbox 575 1973 645 2032; x_wconf 81' lang='lat' dir='ltr'>eod.</span> <span class='ocrx_word' id='word_1_137' title='bbox 660 1971 708 2032; x_wconf 88' lang='lat' dir='ltr'>tit.</span> <span class='ocrx_word' id='word_1_138' title='bbox 724 1970 758 2031; x_wconf 92' lang='lat' dir='ltr'>in</span> <span class='ocrx_word' id='word_1_139' title='bbox 770 1971 826 2033; x_wconf 91' lang='lat' dir='ltr'>lib.</span> <span class='ocrx_word' id='word_1_140' title='bbox 842 1972 854 2032; x_wconf 93' lang='lat' dir='ltr'>l</span> <span class='ocrx_word' id='word_1_141' title='bbox 870 1971 1005 2053; x_wconf 84' lang='lat' dir='ltr'>Decret.)</span> 
     </span>
    </p>
   </div>
   <div class='ocr_carea' id='block_1_4' title="bbox 257 2075 1278 3036">
    <p class='ocr_par' dir='ltr' id='par_1_5' title="bbox 257 2075 1278 3036">
     <span class='ocr_line' id='line_1_19' title="bbox 262 2075 1278 2154; baseline -0.004 -16"><span class='ocrx_word' id='word_1_142' title='bbox 262 2089 271 2098; x_wconf 75' lang='grc'><em>“</em></span> <span class='ocrx_word' id='word_1_143' title='bbox 319 2075 441 2139; x_wconf 80' lang='lat' dir='ltr'>Haecde</span> <span class='ocrx_word' id='word_1_144' title='bbox 451 2075 602 2140; x_wconf 89' lang='lat' dir='ltr'>electione</span> <span class='ocrx_word' id='word_1_145' title='bbox 612 2075 750 2140; x_wconf 86' lang='lat' dir='ltr'>solemni</span> <span class='ocrx_word' id='word_1_146' title='bbox 765 2075 886 2138; x_wconf 86' lang='lat' dir='ltr'>sancita</span> <span class='ocrx_word' id='word_1_147' title='bbox 895 2083 983 2154; x_wconf 90' lang='lat' dir='ltr'>sunt;</span> <span class='ocrx_word' id='word_1_148' title='bbox 997 2078 1079 2140; x_wconf 94' lang='lat' dir='ltr'>unde</span> <span class='ocrx_word' id='word_1_149' title='bbox 1091 2076 1278 2140; x_wconf 53' lang='lat' dir='ltr'>concludor-1</span> 
     </span>
     <span class='ocr_line' id='line_1_20' title="bbox 260 2171 1262 2254; baseline -0.002 -20"><span class='ocrx_word' id='word_1_150' title='bbox 260 2171 337 2234; x_wconf 86' lang='lat' dir='ltr'>dum</span> <span class='ocrx_word' id='word_1_151' title='bbox 347 2174 439 2236; x_wconf 88' lang='lat' dir='ltr'>nohis</span> <span class='ocrx_word' id='word_1_152' title='bbox 454 2173 578 2236; x_wconf 86' lang='lat' dir='ltr'>videtur</span> <span class='ocrx_word' id='word_1_153' title='bbox 588 2174 621 2234; x_wconf 91' lang='lat' dir='ltr'>in</span> <span class='ocrx_word' id='word_1_154' title='bbox 634 2173 703 2235; x_wconf 85' lang='lat' dir='ltr'>aliis</span> <span class='ocrx_word' id='word_1_155' title='bbox 713 2173 836 2235; x_wconf 89' lang='lat' dir='ltr'>casibus</span> <span class='ocrx_word' id='word_1_156' title='bbox 849 2179 881 2236; x_wconf 88' lang='lat' dir='ltr'>et</span> <span class='ocrx_word' id='word_1_157' title='bbox 891 2175 1068 2254; x_wconf 75' lang='lat' dir='ltr'>prasertim</span> <span class='ocrx_word' id='word_1_158' title='bbox 1080 2175 1115 2237; x_wconf 92' lang='lat' dir='ltr'>in</span> <span class='ocrx_word' id='word_1_159' title='bbox 1127 2173 1262 2237; x_wconf 86' lang='lat' dir='ltr'>electione</span> 
     </span>
     <span class='ocr_line' id='line_1_21' title="bbox 258 2270 1262 2362; baseline -0.004 -28"><span class='ocrx_word' id='word_1_160' title='bbox 258 2271 369 2362; x_wconf 72' lang='lat' dir='ltr'>yicsrii</span> <span class='ocrx_word' id='word_1_161' title='bbox 385 2272 567 2352; x_wconf 89' lang='lat' dir='ltr'>capitularis</span> <span class='ocrx_word' id='word_1_162' title='bbox 586 2271 671 2333; x_wconf 89' lang='lat' dir='ltr'>idem</span> <span class='ocrx_word' id='word_1_163' title='bbox 690 2271 808 2333; x_wconf 86' lang='lat' dir='ltr'>servari</span> <span class='ocrx_word' id='word_1_164' title='bbox 827 2289 930 2350; x_wconf 87' lang='lat' dir='ltr'>posse.</span> <span class='ocrx_word' id='word_1_165' title='bbox 952 2271 1031 2334; x_wconf 82' lang='lat' dir='ltr'>Cum</span> <span class='ocrx_word' id='word_1_166' title='bbox 1051 2272 1195 2335; x_wconf 87' lang='lat' dir='ltr'>canonici</span> <span class='ocrx_word' id='word_1_167' title='bbox 1215 2270 1262 2330; x_wconf 87' lang='lat' dir='ltr'>ha·</span> 
     </span>
     <span class='ocr_line' id='line_1_22' title="bbox 257 2365 1277 2451; baseline -0.006 -20"><span class='ocrx_word' id='word_1_168' title='bbox 257 2369 356 2432; x_wconf 83' lang='lat' dir='ltr'>beant</span> <span class='ocrx_word' id='word_1_169' title='bbox 366 2370 419 2450; x_wconf 88' lang='lat' dir='ltr'>jus</span> <span class='ocrx_word' id='word_1_170' title='bbox 434 2369 586 2449; x_wconf 80' lang='lat' dir='ltr'>suffragia</span> <span class='ocrx_word' id='word_1_171' title='bbox 597 2369 719 2431; x_wconf 81' lang='lat' dir='ltr'>ferendi</span> <span class='ocrx_word' id='word_1_172' title='bbox 732 2369 765 2429; x_wconf 89' lang='lat' dir='ltr'>in</span> <span class='ocrx_word' id='word_1_173' title='bbox 780 2369 927 2430; x_wconf 90' lang='lat' dir='ltr'>omnibus</span> <span class='ocrx_word' id='word_1_174' title='bbox 940 2370 1041 2431; x_wconf 87' lang='lat' dir='ltr'>causis</span> <span class='ocrx_word' id='word_1_175' title='bbox 1057 2390 1128 2451; x_wconf 86' lang='lat' dir='ltr'>quae</span> <span class='ocrx_word' id='word_1_176' title='bbox 1143 2370 1183 2431; x_wconf 91' lang='lat' dir='ltr'>ad</span> <span class='ocrx_word' id='word_1_177' title='bbox 1195 2365 1277 2446; x_wconf 47' lang='lat' dir='ltr'>capi-1</span> 
     </span>
     <span class='ocr_line' id='line_1_23' title="bbox 258 2465 1262 2547; baseline -0.005 -19"><span class='ocrx_word' id='word_1_178' title='bbox 258 2468 362 2528; x_wconf 91' lang='lat' dir='ltr'>tulum</span> <span class='ocrx_word' id='word_1_179' title='bbox 370 2467 514 2542; x_wconf 87' lang='lat' dir='ltr'>attinent,</span> <span class='ocrx_word' id='word_1_180' title='bbox 531 2472 562 2529; x_wconf 87' lang='lat' dir='ltr'>et</span> <span class='ocrx_word' id='word_1_181' title='bbox 571 2468 684 2528; x_wconf 91' lang='lat' dir='ltr'>modus</span> <span class='ocrx_word' id='word_1_182' title='bbox 697 2465 751 2527; x_wconf 87' lang='lat' dir='ltr'>ille</span> <span class='ocrx_word' id='word_1_183' title='bbox 763 2465 958 2545; x_wconf 80' lang='lat' dir='ltr'>suffragandi</span> <span class='ocrx_word' id='word_1_184' title='bbox 968 2485 1027 2547; x_wconf 88' lang='lat' dir='ltr'>per</span> <span class='ocrx_word' id='word_1_185' title='bbox 1037 2471 1262 2547; x_wconf 88' lang='lat' dir='ltr'>procuratorem</span> 
     </span>
     <span class='ocr_line' id='line_1_24' title="bbox 260 2560 1261 2645; baseline -0.004 -20"><span class='ocrx_word' id='word_1_186' title='bbox 260 2565 408 2644; x_wconf 79' lang='lat' dir='ltr'>expedire</span> <span class='ocrx_word' id='word_1_187' title='bbox 423 2564 508 2626; x_wconf 84' lang='lat' dir='ltr'>visus</span> <span class='ocrx_word' id='word_1_188' title='bbox 535 2565 675 2626; x_wconf 89' lang='lat' dir='ltr'>fueritin</span> <span class='ocrx_word' id='word_1_189' title='bbox 690 2563 824 2643; x_wconf 81' lang='lat' dir='ltr'>negotiis</span> <span class='ocrx_word' id='word_1_190' title='bbox 843 2564 940 2626; x_wconf 86' lang='lat' dir='ltr'>ctiam</span> <span class='ocrx_word' id='word_1_191' title='bbox 959 2564 1090 2645; x_wconf 85' lang='lat' dir='ltr'>majoris</span> <span class='ocrx_word' id='word_1_192' title='bbox 1111 2560 1261 2634; x_wconf 77' lang='lat' dir='ltr'>momenti,</span> 
     </span>
     <span class='ocr_line' id='line_1_25' title="bbox 259 2658 1261 2742; baseline -0.003 -21"><span class='ocrx_word' id='word_1_193' title='bbox 259 2677 324 2722; x_wconf 92' lang='lat' dir='ltr'>non</span> <span class='ocrx_word' id='word_1_194' title='bbox 338 2665 386 2721; x_wconf 89' lang='lat' dir='ltr'>est</span> <span class='ocrx_word' id='word_1_195' title='bbox 400 2679 456 2722; x_wconf 91' lang='lat' dir='ltr'>cur</span> <span class='ocrx_word' id='word_1_196' title='bbox 470 2680 535 2723; x_wconf 90' lang='lat' dir='ltr'>non</span> <span class='ocrx_word' id='word_1_197' title='bbox 548 2661 735 2722; x_wconf 88' lang='lat' dir='ltr'>admittatur</span> <span class='ocrx_word' id='word_1_198' title='bbox 744 2661 776 2722; x_wconf 91' lang='lat' dir='ltr'>in</span> <span class='ocrx_word' id='word_1_199' title='bbox 790 2661 944 2724; x_wconf 89' lang='lat' dir='ltr'>electione</span> <span class='ocrx_word' id='word_1_200' title='bbox 956 2663 1065 2725; x_wconf 84' lang='lat' dir='ltr'>vicarii</span> <span class='ocrx_word' id='word_1_201' title='bbox 1079 2658 1261 2742; x_wconf 86' lang='lat' dir='ltr'>capitularis,</span> 
     </span>
     <span class='ocr_line' id='line_1_26' title="bbox 260 2757 1261 2840; baseline -0.004 -22"><span class='ocrx_word' id='word_1_202' title='bbox 260 2774 299 2818; x_wconf 90' lang='lat' dir='ltr'>eo</span> <span class='ocrx_word' id='word_1_203' title='bbox 315 2757 416 2837; x_wconf 79' lang='lat' dir='ltr'>magis</span> <span class='ocrx_word' id='word_1_204' title='bbox 434 2759 521 2839; x_wconf 90' lang='lat' dir='ltr'>quod</span> <span class='ocrx_word' id='word_1_205' title='bbox 541 2776 630 2820; x_wconf 88' lang='lat' dir='ltr'>mens</span> <span class='ocrx_word' id='word_1_206' title='bbox 647 2758 806 2837; x_wconf 77' lang='lat' dir='ltr'>Ecclesia,</span> <span class='ocrx_word' id='word_1_207' title='bbox 827 2763 922 2840; x_wconf 86' lang='lat' dir='ltr'>atquc</span> <span class='ocrx_word' id='word_1_208' title='bbox 941 2759 1026 2822; x_wconf 91' lang='lat' dir='ltr'>illius</span> <span class='ocrx_word' id='word_1_209' title='bbox 1045 2766 1158 2822; x_wconf 80' lang='lat' dir='ltr'>sotum</span> <span class='ocrx_word' id='word_1_210' title='bbox 1175 2759 1261 2819; x_wconf 89' lang='lat' dir='ltr'>estut</span> 
     </span>
     <span class='ocr_line' id='line_1_27' title="bbox 259 2843 1260 2924; baseline 0.001 -10"><span class='ocrx_word' id='word_1_211' title='bbox 259 2853 329 2916; x_wconf 79' lang='lat' dir='ltr'>haec</span> <span class='ocrx_word' id='word_1_212' title='bbox 354 2855 528 2918; x_wconf 88' lang='lat' dir='ltr'>nominatio</span> <span class='ocrx_word' id='word_1_213' title='bbox 554 2843 790 2919; x_wconf 34' lang='lat' dir='ltr'>consentientes*</span> <span class='ocrx_word' id='word_1_214' title='bbox 808 2856 927 2919; x_wconf 87' lang='lat' dir='ltr'>habeat</span> <span class='ocrx_word' id='word_1_215' title='bbox 954 2876 1064 2920; x_wconf 86' lang='lat' dir='ltr'>omnes</span> <span class='ocrx_word' id='word_1_216' title='bbox 1091 2853 1260 2924; x_wconf 66' lang='lat' dir='ltr'>canonicos</span> 
     </span>
     <span class='ocr_line' id='line_1_28' title="bbox 261 2954 628 3036; baseline 0.005 -22"><span class='ocrx_word' id='word_1_217' title='bbox 261 2957 416 3035; x_wconf 88' lang='lat' dir='ltr'>quantum</span> <span class='ocrx_word' id='word_1_218' title='bbox 428 2954 497 3016; x_wconf 88' lang='lat' dir='ltr'>fieri</span> <span class='ocrx_word' id='word_1_219' title='bbox 512 2959 628 3036; x_wconf 88' lang='lat' dir='ltr'>potest.</span> 
     </span>
    </p>
   </div>
   <div class='ocr_carea' id='block_1_5' title="bbox 260 3057 1274 3793">
    <p class='ocr_par' dir='ltr' id='par_1_6' title="bbox 260 3057 1274 3535">
     <span class='ocr_line' id='line_1_29' title="bbox 319 3057 1261 3140; baseline -0.007 -17"><span class='ocrx_word' id='word_1_220' title='bbox 319 3061 389 3123; x_wconf 90' lang='lat' dir='ltr'>Non</span> <span class='ocrx_word' id='word_1_221' title='bbox 402 3066 509 3124; x_wconf 87' lang='lat' dir='ltr'>tamen</span> <span class='ocrx_word' id='word_1_222' title='bbox 518 3060 790 3123; x_wconf 85' lang='lat' dir='ltr'>indiscriminatim</span> <span class='ocrx_word' id='word_1_223' title='bbox 799 3059 932 3140; x_wconf 79' lang='lat' dir='ltr'>singulis</span> <span class='ocrx_word' id='word_1_224' title='bbox 940 3062 1125 3125; x_wconf 88' lang='lat' dir='ltr'>conceditur</span> <span class='ocrx_word' id='word_1_225' title='bbox 1139 3057 1261 3123; x_wconf 82' lang='lat' dir='ltr'>facultas</span> 
     </span>
     <span class='ocr_line' id='line_1_30' title="bbox 260 3151 1261 3241; baseline -0.01 -17"><span class='ocrx_word' id='word_1_226' title='bbox 260 3159 435 3241; x_wconf 80' lang='lat' dir='ltr'>deputandi</span> <span class='ocrx_word' id='word_1_227' title='bbox 450 3164 701 3239; x_wconf 86' lang='lat' dir='ltr'>procuratorem,</span> <span class='ocrx_word' id='word_1_228' title='bbox 718 3151 778 3220; x_wconf 69' lang='lat' dir='ltr'>‘sed</span> <span class='ocrx_word' id='word_1_229' title='bbox 795 3158 829 3220; x_wconf 89' lang='lat' dir='ltr'>in</span> <span class='ocrx_word' id='word_1_230' title='bbox 848 3157 971 3222; x_wconf 85' lang='lat' dir='ltr'>casibus</span> <span class='ocrx_word' id='word_1_231' title='bbox 990 3159 1157 3240; x_wconf 64' lang='lat' dir='ltr'>praefinitis</span> <span class='ocrx_word' id='word_1_232' title='bbox 1173 3162 1202 3219; x_wconf 90' lang='lat' dir='ltr'>ct</span> <span class='ocrx_word' id='word_1_233' title='bbox 1212 3152 1261 3216; x_wconf 86' lang='lat' dir='ltr'>sub</span> 
     </span>
     <span class='ocr_line' id='line_1_31' title="bbox 260 3253 1274 3337; baseline -0.01 -16"><span class='ocrx_word' id='word_1_234' title='bbox 260 3258 352 3321; x_wconf 84' lang='lat' dir='ltr'>certis</span> <span class='ocrx_word' id='word_1_235' title='bbox 371 3257 615 3319; x_wconf 85' lang='lat' dir='ltr'>conditionibus.</span> <span class='ocrx_word' id='word_1_236' title='bbox 638 3258 669 3317; x_wconf 86' lang='lat' dir='ltr'>l⁰</span> <span class='ocrx_word' id='word_1_237' title='bbox 690 3257 724 3320; x_wconf 89' lang='lat' dir='ltr'>Si</span> <span class='ocrx_word' id='word_1_238' title='bbox 739 3257 909 3320; x_wconf 86' lang='lat' dir='ltr'>canonicus</span> <span class='ocrx_word' id='word_1_239' title='bbox 925 3259 966 3319; x_wconf 93' lang='lat' dir='ltr'>sit</span> <span class='ocrx_word' id='word_1_240' title='bbox 984 3258 1018 3318; x_wconf 92' lang='lat' dir='ltr'>in</span> <span class='ocrx_word' id='word_1_241' title='bbox 1036 3257 1108 3320; x_wconf 91' lang='lat' dir='ltr'>loco</span> <span class='ocrx_word' id='word_1_242' title='bbox 1122 3256 1202 3319; x_wconf 89' lang='lat' dir='ltr'>unde</span> <span class='ocrx_word' id='word_1_243' title='bbox 1214 3253 1274 3337; x_wconf 43' lang='lat' dir='ltr'>deq</span> 
     </span>
     <span class='ocr_line' id='line_1_32' title="bbox 260 3353 1260 3435; baseline -0.007 -18"><span class='ocrx_word' id='word_1_244' title='bbox 260 3355 528 3430; x_wconf 79' lang='lat' dir='ltr'>beatconvocari3</span> <span class='ocrx_word' id='word_1_245' title='bbox 545 3353 688 3434; x_wconf 86' lang='lat' dir='ltr'>alioquin</span> <span class='ocrx_word' id='word_1_246' title='bbox 701 3353 753 3435; x_wconf 85' lang='lat' dir='ltr'>jus</span> <span class='ocrx_word' id='word_1_247' title='bbox 763 3375 828 3417; x_wconf 93' lang='lat' dir='ltr'>non</span> <span class='ocrx_word' id='word_1_248' title='bbox 842 3356 940 3418; x_wconf 87' lang='lat' dir='ltr'>habet</span> <span class='ocrx_word' id='word_1_249' title='bbox 953 3355 993 3417; x_wconf 90' lang='lat' dir='ltr'>ad</span> <span class='ocrx_word' id='word_1_250' title='bbox 1004 3355 1260 3422; x_wconf 83' lang='lat' dir='ltr'>convocationem,</span> 
     </span>
     <span class='ocr_line' id='line_1_33' title="bbox 261 3444 1261 3535; baseline -0.006 -21"><span class='ocrx_word' id='word_1_251' title='bbox 261 3469 320 3516; x_wconf 83' lang='lat' dir='ltr'>aec</span> <span class='ocrx_word' id='word_1_252' title='bbox 335 3457 564 3534; x_wconf 85' lang='lat' dir='ltr'>consequenter</span> <span class='ocrx_word' id='word_1_253' title='bbox 574 3454 627 3534; x_wconf 91' lang='lat' dir='ltr'>jus</span> <span class='ocrx_word' id='word_1_254' title='bbox 641 3453 839 3534; x_wconf 83' lang='lat' dir='ltr'>praetendere</span> <span class='ocrx_word' id='word_1_255' title='bbox 859 3459 964 3535; x_wconf 90' lang='lat' dir='ltr'>potest</span> <span class='ocrx_word' id='word_1_256' title='bbox 981 3455 1167 3534; x_wconf 79' lang='lat' dir='ltr'>suffragium</span> <span class='ocrx_word' id='word_1_257' title='bbox 1178 3444 1261 3513; x_wconf 88' lang='lat' dir='ltr'>dandi</span> 
     </span>
    </p>

    <p class='ocr_par' dir='ltr' id='par_1_7' title="bbox 265 3599 1273 3793">
     <span class='ocr_line' id='line_1_34' title="bbox 311 3599 1273 3716; baseline 0.002 -18"><span class='ocrx_word' id='word_1_258' title='bbox 311 3651 333 3698; x_wconf 89' lang='lat' dir='ltr'>l.</span> <span class='ocrx_word' id='word_1_259' title='bbox 347 3648 386 3699; x_wconf 85' lang='lat' dir='ltr'>Gi.</span> <span class='ocrx_word' id='word_1_260' title='bbox 401 3649 520 3716; x_wconf 80' lang='lat' dir='ltr'>Pirhing,</span> <span class='ocrx_word' id='word_1_261' title='bbox 533 3649 561 3701; x_wconf 87' lang='lat' dir='ltr'>in</span> <span class='ocrx_word' id='word_1_262' title='bbox 578 3651 621 3702; x_wconf 89' lang='lat' dir='ltr'>tit.</span> <span class='ocrx_word' id='word_1_263' title='bbox 634 3663 669 3714; x_wconf 81' lang='lat' dir='ltr'>vr,</span> <span class='ocrx_word' id='word_1_264' title='bbox 685 3649 733 3703; x_wconf 90' lang='lat' dir='ltr'>lib.</span> <span class='ocrx_word' id='word_1_265' title='bbox 750 3651 771 3714; x_wconf 86' lang='lat'>1,</span> <span class='ocrx_word' id='word_1_266' title='bbox 783 3659 816 3702; x_wconf 68' lang='grc' dir='ltr'>πο</span> <span class='ocrx_word' id='word_1_267' title='bbox 831 3651 887 3703; x_wconf 79' lang='grc'><strong>137.</strong></span> <span class='ocrx_word' id='word_1_268' title='bbox 898 3679 928 3689; x_wconf 92' lang='grc'>-</span> <span class='ocrx_word' id='word_1_269' title='bbox 944 3651 1117 3703; x_wconf 81' lang='lat' dir='ltr'>Reidenstuel</span> <span class='ocrx_word' id='word_1_270' title='bbox 1132 3651 1159 3702; x_wconf 89' lang='lat' dir='ltr'>in</span> <span class='ocrx_word' id='word_1_271' title='bbox 1174 3647 1210 3699; x_wconf 90' lang='lat' dir='ltr'>tit.</span> <span class='ocrx_word' id='word_1_272' title='bbox 1223 3599 1273 3700; x_wconf 36' lang='lat' dir='ltr'>xl*</span> 
     </span>
     <span class='ocr_line' id='line_1_35' title="bbox 265 3722 1106 3793; baseline 0.006 -20"><span class='ocrx_word' id='word_1_273' title='bbox 265 3722 313 3774; x_wconf 82' lang='lat' dir='ltr'>lib.</span> <span class='ocrx_word' id='word_1_274' title='bbox 328 3724 374 3785; x_wconf 85' lang='lat'>111,</span> <span class='ocrx_word' id='word_1_275' title='bbox 387 3724 513 3778; x_wconf 59' lang='lat' dir='ltr'>null-li.</span> <span class='ocrx_word' id='word_1_276' title='bbox 526 3753 557 3764; x_wconf 93' lang='lat'>-</span> <span class='ocrx_word' id='word_1_277' title='bbox 573 3728 612 3780; x_wconf 84' lang='lat' dir='ltr'>De</span> <span class='ocrx_word' id='word_1_278' title='bbox 626 3727 735 3793; x_wconf 77' lang='lat' dir='ltr'>Angelis</span> <span class='ocrx_word' id='word_1_279' title='bbox 747 3727 775 3777; x_wconf 86' lang='lat' dir='ltr'>in</span> <span class='ocrx_word' id='word_1_280' title='bbox 786 3726 913 3778; x_wconf 81' lang='lat' dir='ltr'>cumdem</span> <span class='ocrx_word' id='word_1_281' title='bbox 921 3727 1030 3778; x_wconf 86' lang='lat' dir='ltr'>titulum</span> <span class='ocrx_word' id='word_1_282' title='bbox 1041 3737 1072 3778; x_wconf 85' lang='lat' dir='ltr'>n⁰</span> <span class='ocrx_word' id='word_1_283' title='bbox 1082 3730 1106 3778; x_wconf 86' lang='lat'>5.</span> 
     </span>
    </p>
   </div>
   <div class='ocr_carea' id='block_1_6' title="bbox 0 0 1298 4276">
    <p class='ocr_par' dir='ltr' id='par_1_8' title="bbox 0 0 1298 4276">
     <span class='ocr_line' id='line_1_36' title="bbox 0 0 1298 4276; baseline 0 0"><span class='ocrx_word' id='word_1_284' title='bbox 0 0 1298 4276; x_wconf 95' lang='lat' dir='ltr'> </span> 
     </span>
    </p>
   </div>
  </div>
 </body>
</html>
