2642 4270
204 259 273 307 Aur.
294 261 341 308 111.
364 261 603 310 Abuiulsrulrio
624 260 766 308 Bououuu
787 259 945 308 EGGLESIAE.
1033 255 1084 306 577

71 374 105 434 id
119 373 260 435 officium
272 373 486 453 judicaverint
504 374 682 448 admittant,
701 372 796 433 modo
814 372 854 433 sit
868 372 1042 434 catholicus
1057 380 1089 435 et
1164 367 1168 436 ζ

73 477 193 534 certam
205 473 311 535 sedem
321 473 439 534 habeat
449 473 482 533 in
494 472 652 533 territorio
663 471 834 551 parocbia.
850 471 936 531 Nihil
948 491 987 532 ex
996 479 1087 551 parte

71 569 151 648 legis
166 571 271 632 obstat
288 571 456 650 quominus
472 575 652 631 assumatur
669 569 782 648 aliquis
800 587 816 628 e
833 568 930 643 clero,
948 569 1028 630 vele
1045 570 1090 630 vi-

71 667 164 729 cariis
178 669 338 747 parochiae
351 687 359 745 ;
372 673 405 730 at
413 669 447 729 in
459 687 518 730 usu
531 674 578 730 est
588 673 623 728 ut
633 667 754 728 fabrica
765 685 804 727 ex
814 666 903 728 laicis
913 668 1089 747 praesertim

75 771 295 845 componatur.
808 762 810 766 ’

133 863 171 925 ll.
197 865 328 936 Quando
344 866 465 928 fabrica
475 863 668 946 parochialis
680 863 784 943 prima
794 864 863 924 vire
876 864 1090 943 componitur,

75 959 127 1022 vel
146 961 245 1041 priori
264 963 449 1038 dissoluta¹,
475 963 576 1026 altera
596 963 762 1036 formatur,
789 960 927 1022 delectus
949 962 1094 1023 consilia-

75 1057 197 1119 riorum
211 1059 247 1119 fit
261 1061 377 1138 partim
393 1062 433 1122 ab
448 1061 614 1141 Episcopo,
628 1058 746 1138 partim
760 1077 778 1120 a
791 1059 941 1138 praeieoto
956 1059 1093 1138 regionis

70 1154 116 1236 (le
122 1156 238 1236 pre'set)
246 1175 260 1235 ,·
272 1157 317 1218 ita
328 1162 434 1219 tamen
448 1164 481 1219 ut
491 1157 666 1237 Episcopus
679 1156 820 1236 quinque
831 1156 1026 1217 consiliarios
1039 1161 1094 1217 aut

1 1317 5 1326 ,
72 1258 138 1315 tres
160 1262 314 1330 assumat,
339 1275 396 1334 pro
419 1257 541 1317 ratione
562 1255 725 1316 locorum.
749 1253 892 1329 Fabrica,
916 1254 1014 1315 semel
1036 1255 1094 1316 rite

73 1353 261 1428 constituta,
285 1359 455 1415 renovatur
476 1373 532 1433 per
553 1358 660 1433 partes
680 1351 812 1430 singulis
832 1352 991 1428 trienniis,
1015 1352 1094 1413 clec-

73 1449 162 1511 tione
178 1449 272 1528 juxta
290 1453 409 1513 formas
429 1457 595 1514 consuetas
617 1450 787 1526 celebrata,
809 1451 930 1512 vocatis
950 1450 1096 1511 omnibus

74 1548 192 1627 quibus
203 1547 255 1628 jus
265 1548 403 1628 eligendi
416 1549 578 1628 competit,
594 1548 780 1609 consiliariis
793 1548 911 1608 scilicet
925 1549 980 1627 qui
991 1567 1097 1627 super·

75 1651 164 1718 sunt,
184 1646 327 1708 Perocho
346 1652 377 1707 et
397 1646 585 1725 magistratu
605 1645 700 1707 civili.
721 1646 839 1707 Electio
860 1646 895 1705 lit
914 1646 1097 1725 pluralitate

75 1744 312 1822 suffragiorum.
333 1747 380 1806 Ex
395 1744 553 1806 decisione
572 1744 648 1804 data
664 1761 672 1804 z
699 1763 713 1800 ιι
726 1745 812 1803 Pour
827 1742 858 1804 la
871 1745 1042 1822 regularite
1058 1744 1098 1805 de

78 1865 95 1898 ιι
118 1841 287 1918 l'tleetion,
306 1841 329 1901 il
343 1843 412 1902 faut
427 1859 488 1923 que
503 1840 548 1902 les
563 1840 733 1901 fabriciens
749 1841 804 1919 qui
821 1861 843 1920 y
856 1847 1013 1920 prennent
1027 1847 1100 1921 part
1199 1891 1201 1894 .

78 1961 96 1996 ιι
121 1939 224 2000 soient
238 1958 278 1999 au
294 1940 426 2000 nombre
441 1939 479 2000 dc
492 1944 604 2019 quatre
616 1939 695 2000 dans
708 1938 753 1998 les
767 1937 899 1999 conseils
913 1938 968 1999 des
982 1939 1100 2018 parois-

76 2060 95 2094 «
120 2055 169 2098 ses
188 2037 227 2098 de
243 2036 316 2114 cinq
334 2037 421 2098 mille
439 2039 536 2112 times,
554 2043 585 2098 et
604 2056 645 2098 uu
660 2037 791 2097 nombre
811 2036 850 2097 de
865 2036 942 2097 trois
961 2037 1040 2096 dans
1054 2036 1099 2098 les

84 2156 102 2192 ιι
122 2138 227 2195 autres
243 2122 410 2213 paruisses.
430 2156 444 2194 ιι
469 2131 553 2216 (Avis
570 2133 612 2194 du
629 2133 740 2196 consez'l
755 2133 790 2195 de
808 2133 910 2196 l’odm.
931 2133 982 2195 des
996 2134 1098 2211 cuites,

79 2232 124 2292 du
144 2235 162 2292 7
180 2233 257 2293 aodt
278 2232 380 2312 1811.)
397 2233 430 2294 81
450 2233 530 2294 alter
545 2250 584 2292 ex
601 2231 708 2292 electis
723 2231 866 2306 decedat,
887 2236 942 2292 aut
961 2231 1101 2292 officium

79 2329 233 2405 dimittat,
249 2348 410 2391 successor
422 2329 482 2409 ipsi
497 2329 682 2408 designetur
693 2330 726 2390 in
739 2329 877 2390 sessione
890 2328 1033 2408 proxime
1047 2330 1098 2390 iu·

78 2433 156 2487 tura
175 2428 307 2502 consilii,
330 2446 368 2488 ee
386 2427 455 2505 lege
476 2433 511 2488 ut
529 2432 711 2506 assumptus
731 2445 860 2488 munere
878 2427 1029 2505 fungatur
1048 2445 1100 2487 so·

80 2525 247 2585 lummodo
262 2543 319 2603 per
332 2529 458 2605 tempus
474 2543 537 2604 quo
553 2542 717 2586 remanere
732 2524 869 2585 debebat
880 2525 935 2584 ille
950 2523 1038 2604 cujus
1052 2523 1101 2585 lo-

84 2640 158 2683 cum
179 2628 275 2683 tenet.
300 2622 432 2695 Quando
457 2623 623 2683 eonsilium
642 2623 783 2702 neglexit
807 2621 975 2684 electiones
996 2623 1101 2684 facere

81 2719 278 2798 temporibus
294 2719 444 2799 praefixis,
459 2719 513 2798 jus
531 2719 669 2798 eligendi
684 2720 825 2780 defertur
839 2721 880 2780 ad
897 2719 1100 2800 Episcopum,

81 2835 123 2880 ex
137 2817 321 2897 praescripto
341 2817 435 2878 edicti
451 2818 489 2878 m
501 2817 571 2897 jen.
591 2819 668 2879 less
686 2837 694 2878 :
715 2844 729 2875 «
747 2817 780 2879 Si
795 2837 837 2878 un
855 2818 934 2879 mois
949 2821 1041 2898 apres
1056 2819 1102 2880 les

133 3021 155 3068 1.
169 3019 315 3071 Consilium
327 3021 435 3072 fabrica
446 3021 615 3072 dissolvitur:
630 3026 657 3072 1⁰
668 3022 830 3072 demissione
842 3021 994 3073 voluntaria
1009 3023 1095 3072 consi-

83 3093 239 3154 liariorum,
262 3097 290 3144 2⁰
316 3097 473 3146 auctoritate
495 3098 611 3147 ministri
638 3098 776 3162 principis,
796 3099 874 3162 juxte
892 3100 942 3148 art.
967 3099 981 3145 6
1001 3096 1099 3146 decreti

85 3169 152 3220 unni
174 3171 234 3220 1825
254 3184 261 3219 :
283 3188 296 3215 «
319 3169 371 3220 Sur
391 3173 417 3221 la
435 3171 565 3222 demands
580 3173 626 3222 des
646 3166 767 3236 Estques
789 3177 816 3224 et
836 3172 912 3222 l’evis
927 3171 974 3222 des
992 3172 1091 3234 prelets

87 3248 193 3295 «notre
211 3245 362 3297 ministre...
384 3261 483 3310 po'urre
500 3249 631 3312 revoquer
656 3261 692 3298 un
715 3248 816 3298 conscii
836 3247 868 3297 de
890 3247 1013 3311 febrique
1035 3262 1106 3311 pour

87 3339 101 3365 «ι
116 3319 209 3369 detaut
223 3320 256 3371 de
275 3323 458 3384 presentation
473 3324 506 3373 de
528 3324 670 3388 budget...,
688 3337 723 3374 ou
744 3337 812 3389 pour
829 3327 904 3374 toute
928 3327 1005 3374 outre
1023 3337 1103 3374 eausa

90 3414 103 3440 α
116 3409 205 3458 grave.
220 3414 233 3441 ι
244 3396 292 3460 (Ci.
308 3396 377 3448 Cede
392 3397 436 3446 des
449 3397 593 3464 subriperes,
609 3403 674 3450 tom.
690 3401 709 3460 1,
726 3399 803 3464 chap.
819 3407 860 3459 1⁰¹⁸,
878 3403 942 3449 sect.
957 3400 1001 3448 lr0.
1016 3425 1047 3434 -
1058 3399 1106 3448 ltd-

89 3475 209 3524 oocation
226 3476 261 3524 du
280 3477 384 3526 conscit.
407 3505 437 3514 -
458 3479 624 3530 Destitution.
644 3507 675 3516 -
696 3479 848 3530 Revocotimt
869 3477 1060 3538 individuelle.)
1078 3505 1108 3514 -

90 3550 258 3601 Dissolutum
269 3557 399 3615 praterea
408 3559 532 3604 censetur
541 3555 692 3617 eonsilium,
705 3557 728 3605 si
738 3556 844 3606 omissus
854 3555 954 3606 fuerint
961 3554 1106 3604 electiones

89 3639 139 3689 per
154 3629 262 3691 tempus
272 3628 333 3692 jure
348 3629 497 3694 praeiixum,
517 3631 583 3682 adeo
597 3632 717 3683 utnulla
736 3633 850 3696 supersit
869 3645 931 3694 pers
944 3630 994 3680 rite
1009 3629 1107 3682 electa.

89 3701 261 3753 Necesseest
273 3709 366 3754 tamen
382 3709 413 3754 ut
428 3707 628 3770 pronuntietur,
643 3707 672 3758 iu
688 3707 734 3760 illo
748 3721 820 3771 casu,
833 3707 973 3759 dissolutio
993 3706 1115 3758 lebrieae.

204 3828 278 3863 Pul..
293 3831 346 3864 tun.
357 3831 412 3864 CAN·
424 3833 449 3865 11.
940 3807 974 3861 33
