2588 4276
204 205 257 262 274
543 213 616 262 PARS
636 213 671 260 11.
693 215 881 264 nundinans.

206 327 379 407 quennium
399 327 544 390 coneedit
565 329 605 389 ad
630 329 871 392 reclamandum
890 336 1002 392 contra
1023 333 1234 394 validitatem

204 432 362 487 votorum.

266 525 408 585 (lenones
429 529 529 602 agunt
547 525 586 586 de
607 529 694 586 metu
717 525 807 604 gravi
823 525 889 605 qui,
910 526 984 588 licet
1009 547 1075 588 nou
1100 529 1238 590 adimat

205 623 384 686 libertatem
390 625 461 704 jure
472 623 609 686 naturali
621 623 806 704 requisitam
813 624 854 684 ad
866 624 1015 686 meritum
1027 627 1240 688 autdemeri·

116 719 118 724 ’
205 728 274 784 tum
295 727 415 786 morale
439 728 527 785 actus
549 721 693 795 humani,
717 711 948 801 repugnantem
969 729 1078 784 tamen
1097 732 1132 786 et
1157 744 1240 804 qua-

206 821 518 884 damtenusinvitum
531 820 630 898 adigit
644 819 685 880 ad
700 819 941 899 professionem.
956 821 1060 882 Metus
1072 841 1237 884 reveren-

206 918 289 980 tialis
305 939 369 1000 quo
384 920 478 994 lilius,
494 937 533 980 ex
552 917 731 980 reverentia
745 917 883 978 naturali
898 920 1087 997 parentibus
1102 920 1238 997 debita,

207 1016 297 1091 timet
310 1037 364 1078 eos
379 1018 549 1092 offendere,
562 1035 599 1078 eo
614 1016 714 1096 usque
724 1015 898 1095 procedere
913 1022 1029 1095 potest,
1044 1020 1239 1098 prasertim

207 1113 232 1175 si
249 1120 442 1176 concurrant
456 1113 640 1194 periculosa
655 1113 763 1188 mina,
779 1113 971 1194 importunae
986 1117 1237 1194 persuasiones,

207 1231 326 1293 aspcrae
338 1213 551 1276 tractationes.

267 1311 442 1372 Concilium
463 1309 682 1372 Tridentinum
701 1309 898 1370 anathemati
915 1311 1042 1390 subjicit
1059 1331 1181 1372 omnes
1205 1319 1238 1372 et

207 1408 348 1486 singulas
363 1427 526 1488 personae,
545 1407 773 1486 cujuscumque
789 1407 952 1486 qualitatis
966 1410 1016 1469 vel
1032 1411 1236 1471 conditionis

206 1507 334 1580 fuerint,
352 1525 423 1585 quae
442 1529 454 1563 ι
473 1506 771 1584 quomodocumque
786 1506 949 1584 coegerint
967 1507 1111 1586 aliquam
1128 1507 1235 1585 virgi-

188 1651 190 1655 .
210 1627 225 1659 α
238 1622 322 1676 nem,
332 1602 382 1664 vel
392 1603 520 1664 viduam
530 1604 662 1664 invitam
673 1603 714 1664 ad
723 1603 968 1682 ingrediendum
978 1606 1230 1677 monasterium,

200 1693 225 1757 ’«
241 1701 292 1762 vel
314 1701 355 1761 ad
375 1701 609 1780 suscipiendum
632 1701 779 1762 habitum
799 1699 1029 1781 cujuscumque
1047 1702 1231 1781 religionis

210 1822 226 1856 o
240 1799 291 1858 vel
317 1799 356 1858 ad
383 1799 589 1860 emittendam
614 1799 863 1878 professionem;
895 1800 1014 1878 quique
1042 1801 1230 1873 consilium,

209 1918 224 1952 c
241 1895 396 1957 auxilium
408 1897 459 1958 vel
471 1897 611 1958 favorem
622 1895 782 1970 dederint;
798 1897 915 1976 quique
928 1897 1062 1958 scientes
1073 1917 1149 1958 eam
1166 1917 1233 1959 non

212 2015 227 2052 u
241 2001 353 2075 sponte
367 1994 491 2072 ingredi
499 1994 737 2069 monasterium,
752 2000 807 2055 aut
821 1995 968 2055 habitum
984 1996 1160 2075 suscipere,
1177 2001 1231 2057 aut

212 2093 468 2171 «professionem
488 2093 643 2166 emittere,
666 2111 796 2171 quoquo
820 2093 915 2153 modo
937 2093 1040 2154 eidem
1064 2095 1154 2156 actui
1180 2093 1231 2154 vel

213 2191 453 2270 «prasertim,
475 2191 526 2252 vel
548 2209 747 2268 consensum,
768 2190 817 2252 vel
839 2191 1061 2252 auctoritatem
1085 2193 1230 2272 interpo-

210 2314 226 2345 «
241 2289 371 2350 suerint.
387 2287 489 2352 Simili
501 2307 629 2368 quoque
644 2288 840 2348 anathemati
855 2287 980 2366 subjicit
995 2307 1048 2349 eos
1063 2290 1120 2369 qui
1136 2307 1231 2350 sanc-

212 2412 226 2442 «
243 2393 307 2448 tam
321 2387 480 2465 virginum
490 2385 541 2446 vel
556 2385 691 2446 aliarum
702 2385 872 2446 mulierum
884 2385 1083 2447 voluntatem
1095 2387 1168 2449 voti
1182 2405 1229 2448 ac-

213 2506 228 2544 «
242 2485 390 2565 cipiendi‚
418 2485 468 2546 vel
488 2483 555 2544 voti
582 2483 757 2558 emittendi,
775 2501 904 2562 quoquo
922 2484 1028 2558 modo,
1044 2485 1114 2546 sine
1139 2485 1229 2565 justa

212 2607 227 2638 α
243 2601 349 2655 causa,
365 2581 576 2662 impedierint.
593 2604 608 2638 n
628 2582 704 2660 Gap.
719 2598 805 2644 xvur.
837 2599 840 2606 ’

268 2682 355 2740 Hanc
366 2698 533 2740 censuram
543 2678 888 2754 excommunicationis,
903 2679 975 2739 latae
987 2679 1167 2755 sententiae,
1177 2681 1225 2741 in-

210 2782 342 2838 currunt
362 2777 457 2837 etiam
481 2783 627 2855 parentes
646 2776 701 2854 qui
723 2775 879 2836 violenter
901 2781 1030 2853 cogunt,
1053 2777 1106 2838 vel
1128 2778 1227 2857 impe-

210 2875 300 2936 diunt
314 2875 395 2934 filias
409 2875 493 2935 circa
506 2875 682 2952 ingressum
698 2873 876 2952 religionis3
893 2873 937 2933 ita
952 2879 1059 2934 tamen
1074 2875 1101 2934 si
1114 2893 1227 2936 verum

133 3030 138 3042 q
210 2977 330 3034 metum
346 2971 559 3046 adhibuerint,
574 2991 663 3033 secus
678 2971 704 3032 si
717 2971 1043 3032 fuerittantummodo
1055 2977 1162 3034 metus
1176 2993 1226 3035 re·

120 3146 123 3153 Ι
210 3069 392 3132 verentialis
415 3070 470 3148 qui
488 3070 603 3140 limites
625 3068 778 3149 simplicis
796 3068 1010 3149 persuasionis
1031 3087 1098 3131 non
1121 3089 1227 3132 exces-

213 3169 299 3230 serit.
348 3194 349 3198 ¹
539 3239 540 3243 η

271 3269 312 3330 Ut
327 3267 520 3328 sufficienter
535 3270 657 3326 constet
670 3265 709 3326 de
726 3265 873 3325 libertate
886 3264 1102 3344 professionis,
1118 3268 1225 3328 conci-

211 3365 289 3425 lium
310 3365 420 3426 statuit
442 3352 478 3424 ut
500 3363 590 3424 nulla
614 3361 733 3424 novitia
753 3363 982 3443 professionem
1005 3368 1078 3423 ante
1101 3365 1225 3427 emittat

215 3485 230 3519 c
246 3481 342 3541 quam
357 3460 571 3543 exploraverit
584 3459 769 3540 Episcopus,
786 3460 847 3536 vel,
866 3479 904 3522 eo
917 3462 1046 3522 ahsente
1061 3460 1112 3522 vel
1124 3461 1224 3542 impe·

216 3586 231 3618 «
247 3561 324 3636 dito,
340 3560 407 3639 ejus
421 3559 567 3631 vicarius,
584 3564 639 3619 aut
654 3557 769 3637 aliquis
784 3559 824 3619 ah
841 3559 884 3620 eis
900 3559 1081 3636 deputatus,
1096 3559 1224 3640 virginis

214 3681 230 3715 «
248 3659 443 3722 voluntatem
456 3657 635 3736 diligenter,
647 3675 688 3720 an
703 3663 823 3734 coacta,
839 3677 879 3719 an
890 3658 1019 3720 seducta
1029 3658 1080 3738 sit,
1092 3677 1136 3722 an
1150 3662 1223 3725 sciat
