2582 4278
214 293 264 346 ll8
579 299 653 349 PARS
673 300 707 348 11.
731 299 862 351 chemel.

212 416 289 477 tudo
304 415 398 495 juxta
418 435 516 495 quam
533 417 652 478 eaedem
673 417 843 496 dignitates
864 435 928 478 non
953 416 1162 478 censebantur
1184 417 1218 478 de

212 533 343 594 corpore
363 513 503 593 capituli.
521 514 608 576 Idem
625 534 684 575 usu
703 513 807 576 evenit
824 532 880 595 pro
901 515 1022 576 cacteris
1036 505 1220 594 quibusdam
1249 537 1251 548 ·

211 612 323 673 officiis
346 611 464 674 ordinis
483 611 724 687 excellentioris,
745 628 817 693 quae
835 613 929 674 titulo
949 622 1013 674 suae
1025 611 1220 673 'fundationis

211 727 275 772 non
287 710 414 772 fuerant
423 725 567 771 connexa
580 711 730 790 capitulo.
1033 714 1037 720 '

270 809 452 887 Dignitates,
467 814 653 887 personatus
666 814 698 870 et
710 809 826 883 officia,
840 808 905 869 sive
920 811 1131 870 annectantur
1142 823 1220 885 proe-
1278 833 1279 868 2

209 907 321 968 hendae
335 905 503 979 canoniali,
515 907 579 968 sive
589 906 690 967 titulis
703 905 940 968 beneficialibus
955 903 1094 984 capitulo
1106 903 1219 966 extrin-

209 1004 300 1079 secis,
316 1004 519 1092 conferuntur
532 1004 565 1065 in
579 1009 779 1084 perpetuum,
796 1004 867 1084 jure
882 1003 1053 1065 communi.
1070 1000 1164 1064 Ratio
1179 1005 1222 1061 est
1278 1028 1279 1054 r

210 1103 296 1181 quod
315 1102 398 1162 tituli
416 1103 616 1164 beneficiales
635 1103 751 1164 dentur
768 1101 922 1175 absolute,
943 1101 1132 1180 neutiquam
1152 1116 1223 1160 vero
1278 1125 1279 1128 ¹

210 1200 377 1261 adnutum
392 1200 604 1275 revocabiles3
621 1217 679 1261 nec
697 1200 791 1261 aliter
804 1218 871 1262 esse
889 1200 994 1272 dehet,
1013 1198 1074 1259 nisi
1090 1198 1131 1277 de
1146 1214 1221 1258 non·
1268 1228 1279 1260 a

209 1297 302 1360 nullis
316 1299 350 1359 in
369 1299 472 1377 specie
491 1298 709 1376 dignitatibus,
726 1315 781 1358 seu
800 1296 923 1370 officiis,
945 1294 1151 1376 prevaluerit
1170 1312 1222 1354 usu
1277 1321 1280 1358 ε

173 1439 175 1443 -
209 1394 357 1458 diuturno
372 1396 568 1458 consuetudo
584 1395 754 1456 contraria.
1279 1403 1280 1408 ’

207 1605 375 1664 Aruernus
388 1619 464 1664 n.-
472 1605 518 1663 De
531 1601 705 1664 Enucrrone
718 1617 940 1694 cnrrrunonuu,
951 1617 991 1662 er
1004 1603 1223 1664 Noumnrrous
1279 1633 1280 1638 κ

605 1715 828 1763 esnomconuu.

266 1888 337 1949 384.
353 1921 392 1932 -
406 1888 432 1948 1ο
446 1886 474 1947 Α
491 1905 549 1968 quo
563 1887 642 1967 eripi
653 1888 770 1968 possint
783 1884 947 1968 capitula?
1277 1957 1278 1974 ξ

267 1986 392 2046 Certum
406 1990 454 2046 est
467 1985 642 2064 capitulum
657 1985 848 2047 cathedralis
862 1981 1011 2046 Ecclesiae
1025 2002 1090 2043 non
1105 1984 1150 2044 ab
1166 1982 1222 2044 alio

206 2082 283 2160 erigi
305 2101 396 2161 posse
417 2083 513 2162 quain
533 2101 553 2143 a
571 2086 602 2146 S.
625 2083 788 2160 Pontifice,
811 2081 866 2163 qui
887 2081 981 2142 simul
1000 2083 1031 2143 'et
1048 2081 1220 2148 Ecclesiam

175 2245 176 2250 γ
206 2179 419 2242 cathedralem
447 2179 592 2260 designat
621 2187 652 2242 et
680 2181 714 2241 in
744 2181 814 2259 ipsa
842 2179 1018 2259 capitulum
1048 2178 1220 2240 constituit.

205 2277 348 2353 Etiamsi,
363 2279 404 2339 ob
419 2283 600 2358 temporum
616 2278 832 2354 difficultates,
851 2277 1026 2356 capitulum
1042 2295 1108 2337 non
1123 2275 1223 2354 erige·

204 2380 291 2437 retur
310 2395 374 2437 una
395 2377 489 2437 simul
509 2395 583 2438 cum
604 2376 789 2451 cathedrali,
816 2379 995 2436 remaneret
1015 2373 1221 2434 nihilomiuus

203 2473 286 2534 inter
297 2492 407 2534 causas
419 2475 556 2553 majores
569 2479 744 2535 reservatas
757 2474 881 2534 Sancta
890 2471 1082 2552 Apostolicae
1096 2471 1185 2533 Sedi.

264 2573 376 2632 Utrum
389 2572 471 2633 idem
485 2572 654 2634 dicandum
668 2571 709 2632 sit
721 2572 760 2634 de
772 2569 951 2649 collegiata,
965 2589 1031 2630 non
1042 2570 1087 2630 ita
1097 2573 1222 2630 constet

204 2667 289 2746 apud
317 2670 503 2731 canonistas
540 2692 555 2729 u
582 2672 617 2731 ln
645 2675 762 2750 puncto
788 2669 869 2748 juris
896 2686 947 2729 res
972 2663 1154 2740 est'duhia,
1182 2666 1223 2726 ait

207 2788 223 2822 r
238 2765 331 2827 Gard.
347 2767 451 2840 Petra,
472 2786 544 2827 cum
560 2751 634 2829 vere
648 2785 713 2828 non
730 2761 835 2828 adsint
850 2770 956 2826 textus
969 2783 1038 2825 rem
1053 2763 1222 2844 perspicue

210 2883 224 2920 c
238 2863 428 2924 decidentes.
447 2887 461 2918 s

264 2961 371 3040 Viguit
380 2961 455 3022 olim
466 2962 585 3041 opinio,
598 2980 694 3042 quam
704 2962 811 3041 etipsa
821 2965 901 3023 Rota
910 2959 1094 3040 amplexata
1103 2959 1218 3031 luerat,

203 3059 395 3138 Episcopum
411 3060 530 3138 erigere
546 3079 638 3140 posse
654 3060 826 3121 Ecclesiam
844 3058 1061 3138 parochialem
1075 3057 1110 3118 in
1124 3055 1221 3118 colle·

196 3156 333 3234 'giatam
350 3159 398 3218 Ita
417 3158 640 3218 existimabant
657 3157 764 3237 plures
777 3175 841 3218 non
857 3155 1103 3218 contemnenda.
1114 3159 1221 3216 aucto·

202 3240 304 3315 ritatis
319 3254 389 3328 viri,
407 3273 486 3333 quos
499 3255 598 3316 citant
610 3255 701 3318 Gard.
719 3257 824 3326 Petra,
843 3252 959 3315 Comm.
974 3254 1009 3313 in
1024 3256 1130 3320 Const.
1147 3259 1221 3314 vnm

202 3351 378 3413 Innocentii
391 3353 442 3426 lV,
461 3358 537 3416 sect.
556 3371 590 3427 11,
610 3353 653 3412 n¹⁵
671 3353 759 3427 7-133
780 3357 812 3413 et
825 3352 977 3424 Barbosa‚
994 3348 1030 3411 de
1046 3342 1219 3424 Canonicis,

203 3465 274 3526 cap.
296 3466 330 3522 11,
352 3465 386 3509 n⁰
405 3451 434 3509 8.
460 3452 556 3511 Suam
578 3450 768 3512 sententiam
791 3467 829 3510 ea
850 3449 973 3510 ratione
992 3448 1221 3528 probaverunt,

204 3545 288 3623 quod
303 3547 417 3608 erectio
431 3547 677 3626 Collegiatarum
691 3566 756 3608 non
771 3547 811 3608 sit
824 3552 939 3608 natura
952 3547 998 3608 rei
1013 3563 1071 3606 nec
1079 3543 1153 3624 jure
1169 3560 1220 3604 ca·

203 3641 316 3703 nonico
332 3650 490 3704 reservata
508 3647 539 3706 S.
557 3645 641 3720 Sedi,
658 3650 689 3705 et
706 3645 819 3723 sapius
833 3645 981 3724 Episcopi
997 3637 1218 3719 hujuscemodi

203 3740 349 3802 ecclesias
371 3741 526 3802 erexerint
547 3741 677 3820 propria
698 3743 897 3805 auctoritate.
922 3744 952 3802 1ο
975 3739 1099 3802 Erectio
1124 3736 1218 3800 colle·
