2632 4260
280 241 349 288 tur.
370 240 415 290 111.
436 239 655 292 cubicarloucs
673 241 874 292 ctbblcocult.
1050 228 1089 316 6?
1134 271 1136 275 ·

70 358 141 422 ficio
164 357 303 421 clericali
321 358 506 421 incumbere
522 360 651 435 debent,
667 363 699 422 et
713 360 886 437 dummodo
902 379 966 422 non
982 362 1023 422 ad
1037 361 1087 424 lu-

71 477 171 535 crum,
189 458 244 520 scd
262 458 304 518 ad
325 456 503 519 necessaria
517 457 590 520 vitae
603 476 662 538 pro
676 475 709 519 sc
724 462 755 520 ct
775 477 833 520 sua
847 459 979 536 familia,
991 459 1027 520 'id
1038 461 1087 524 fas

69 555 155 618 ciant
174 557 198 616 ¹.
720 601 724 610 .
997 559 998 562 ’

127 655 204 716 Haec
222 653 328 715 omnia
346 653 379 714 in
401 654 547 716 eumdem
568 653 665 716 finem
689 639 883 734 conspirant.
908 655 1085 734 Negotiatio

69 752 217 814 secundae
227 752 343 832 speciei
352 771 416 814 non
426 753 472 814 ita
480 752 623 814 absolute
631 751 828 813 interdicitur
842 753 974 828 clericis,
989 772 1084 834 quam

69 850 242 928 negotiatio
258 851 298 911 de
310 869 373 929 qua
387 850 487 930 priori
502 850 573 913 loco
587 850 723 911 diximus
741 867 749 910 ι
765 856 841 911 tunc
856 851 959 912 solum
972 850 1082 930 prohi-

68 947 135 1011 bita
146 953 303 1022 censetur,
316 949 504 1010 admentem
519 967 688 1024 canonum,
699 948 826 1028 quando
836 949 887 1010 vel
895 949 931 1009 fit
940 967 977 1011 eo
988 949 1083 1010 modo

70 1045 124 1124 qui
141 1044 295 1108 dedeceat
314 1045 502 1124 dignitatem
521 1044 638 1122 elerici,
660 1064 771 1107 eumve
787 1065 807 1108 a
826 1046 891 1108 suis
905 1046 1018 1108 officiis
1033 1065 1085 1108 re·

69 1142 187 1218 trahat,
204 1144 255 1205 vel
267 1144 304 1204 fit
316 1144 433 1204 intuitu
449 1143 541 1217 lueri,
556 1145 596 1206 ad
620 1142 746 1205 divitias
761 1145 1003 1224 comparandas,
1019 1163 1081 1206 uon

71 1240 269 1303 solummodo
285 1243 326 1303 ad
338 1242 486 1304 habenda
497 1242 675 1304 necessarie
690 1241 773 1304 vitae.
788 1243 815 1302 A
832 1243 944 1322 primis
959 1242 1083 1306 saeoulis

71 1339 121 1402 SS.
137 1341 251 1400 Patres
272 1340 448 1419 legitimum
469 1344 694 1419 reputaverunt
718 1339 850 1401 clericos
873 1337 1081 1422 artificiolum,

70 1441 104 1496 ut
115 1435 255 1513 aiebant,
270 1438 387 1499 habere
399 1457 462 1518 quo
473 1439 600 1518 opificio
611 1428 912 1513 manuumsuarum,
927 1437 977 1499 vel
987 1435 1083 1498 etiam

71 1551 124 1614 per
142 1535 322 1614 operarium
344 1536 584 1613 conductitium,
606 1535 730 1598 lucrum
756 1536 957 1598 moderatum
977 1533 1084 1596 adsui
1103 1597 1108 1607 ,

73 1631 331 1694 sustentationem
343 1633 532 1696 obtinerent.
820 1635 825 1645 '

126 1727 210 1791 Hinc
223 1730 393 1792 concludas
405 1731 551 1794 illicitum
563 1749 630 1794 esse
645 1730 767 1794 clericis
778 1710 809 1794 e‘t
821 1729 1021 1810 regularibus
1035 1747 1084 1792 ar·

73 1832 131 1888 tem
144 1828 353 1892 aromaticam
368 1847 513 1892 exercere
531 1836 567 1891 ut
580 1830 696 1892 exteris
708 1811 848 1892 vendant
863 1829 927 1890 sive
945 1826 1084 1890 medica·
1141 1862 1143 1866 ν

74 1930 174 1987 menta
201 1927 388 2004 composita,
411 1927 475 1989 sive
497 1927 648 2008 liquores,
671 1929 774 1990 aliave
799 1927 833 1987 id
858 1945 973 2006 genus;
997 1925 1084 2006 quod

74 2023 163 2084 etiam
183 2023 224 2084 de
246 2028 313 2084 arte
333 2023 464 2085 libraria
481 2024 651 2086 dicendum
671 2025 697 2086 si
716 2025 786 2089 haec
801 2029 972 2104 operentur
985 2024 1026 2086 ad
1038 2023 1084 2083 lu·

73 2137 165 2182 crum.
181 2121 236 2184 SS.
252 2121 420 2183 Pontifices
437 2122 524 2183 baud
534 2123 631 2184 semel
641 2122 875 2202 prohibuerunt
889 2141 928 2184 ne
943 2120 1083 2201 religiosi

74 2235 342 2298 quorumcumque
353 2219 499 2281 ordinum
512 2226 543 2283 et
555 2219 840 2299 congregationum
848 2219 880 2280 in
893 2220 972 2280 urbe
982 2221 1083 2280 Roma

72 2315 197 2397 ejusque
220 2317 363 2378 districtu
384 2318 543 2397 degentes,
565 2319 631 2380 ullo
655 2319 751 2380 modo
783 2316 1000 2388 sacularibus,
1026 2320 1082 2376 aut

73 2413 137 2476 aliis
155 2399 310 2495 religiosis
331 2420 362 2476 et
388 2416 616 2492 ecclesiasticis,
644 2416 830 2496 pharmaca,
858 2433 914 2476 seu
941 2413 1080 2474 medica·

72 2512 934 2589 mentavenderent,utconstatexBreviBenedietinV
944 2509 1080 2573 Essende

72 2607 130 2670 Nol
140 2614 176 2671 14
191 2630 264 2673 nov.
282 2613 371 2673 1740.
388 2611 478 2685 Quod
490 2617 595 2672 eutem
610 2611 809 2690 regularibus
822 2610 856 2671 in
870 2610 1082 2688 Urbe-degen-

73 2707 149 2769 tibus
168 2709 375 2771 constitutum
392 2711 505 2782 fuerat,
523 2727 562 2769 ex
574 2713 665 2788 parte
690 2708 730 2768 ad
745 2709 886 2770 favorem
909 2709 1079 2768 Aromata·

73 2805 185 2868 riorum
198 2807 237 2868 de
247 2808 331 2881 vibe,
341 2807 374 2866 id
385 2807 466 2868 ratio
475 2806 612 2867 deducta
622 2824 661 2867 eu
675 2805 772 2866 sacris
785 2805 959 2867 canonibus
968 2805 1080 2866 suadet

75 2905 112 2964 ad
126 2923 233 2966 omnes
250 2905 340 2980 alios,
362 2904 465 2965 ubivis
484 2904 626 2966 locorum
646 2908 823 2978 morentur,
844 2903 1079 2981 extendendum

74 3001 103 3062 Si
114 3002 243 3080 proinde
256 3002 319 3064 sint
330 3002 491 3080 regulares
501 3006 556 3064 aut
570 3001 686 3077 clerici,
700 3001 755 3081 qui
764 3019 862 3062 eausa
874 3000 965 3076 lueri,
983 2999 1076 3062 etiarn

75 3098 246 3178 ingratiam
261 3119 325 3162 suae
341 3099 588 3172 communitatis,
610 3099 644 3160 id
663 3099 724 3160 sibi
739 3099 935 3179 permittant,
956 3113 1077 3177 praesu-

76 3199 215 3259 mendum
229 3203 277 3259 cst
291 3199 362 3261 illos
373 3199 641 3278 dispensationem
656 3216 751 3278 super
764 3197 834 3276 lege
849 3193 1010 3258 communi
1024 3193 1076 3254 ob·

77 3295 196 3359 tinuisse
212 3297 237 3359 ².

115 3411 136 3458 l.
148 3408 273 3468 Ferraria,
286 3417 316 3460 v⁰
331 3407 454 3470 Clericus,
467 3411 516 3459 art.
530 3423 567 3472 nr,
580 3418 616 3459 n¹³
633 3411 713 3460 17-52·

78 3549 82 3560 Ι
114 3485 136 3534 2.
153 3483 390 3546 Schmclzgrucber
403 3484 433 3533 iu
448 3485 489 3534 tit.
509 3487 546 3535 Nu
564 3499 659 3536 crsurcr
676 3497 725 3534 vsu
747 3495 868 3543 courum,
885 3487 921 3530 n¹⁸
936 3481 964 3530 21
987 3482 1014 3531 et
1036 3481 1075 3540 25,

77 3560 239 3619 questionem
252 3573 301 3622 pro
316 3573 365 3608 suo
379 3573 454 3610 more
465 3560 549 3610 solide
562 3563 666 3610 tractat.
677 3560 760 3609 Docet
774 3557 912 3620 regulares
926 3569 980 3606 non
998 3567 1076 3619 agere

14 3679 15 3682 ,
76 3636 274 3697 negotiationem
288 3636 368 3685 sacris
387 3637 536 3687 canonibus
554 3636 673 3696 vetitam,
692 3634 785 3684 sinon
802 3631 836 3682 ad
853 3631 967 3694 lucrum,
980 3631 1028 3682 sed
1042 3629 1076 3680 ad

77 3709 123 3760 suis
136 3712 339 3762 necessitatibus
348 3713 557 3776 providendum.
568 3712 712 3775 pharmaca
725 3709 776 3760 sibi
791 3712 964 3774 componant,
977 3710 1004 3758 ct
1013 3719 1073 3772 par-
