2604 4274
120 223 184 270 Ans.
205 223 239 270 ΙΙ.
260 223 312 270 JUS
333 223 527 272 tnsrlrunllut
547 225 646 274 ertllt
666 211 764 274 ulvlul
784 224 905 272 orrioll.
965 216 1020 280 403

68 339 101 396 2⁰
113 339 256 418 Episcopi
269 339 481 402 Ecclesiarum
502 341 678 404 Occidentis
694 341 749 420 qui
762 340 925 418 liturgiam
940 341 1017 419 legi·

68 454 118 496 am
138 435 254 498 hahent
273 438 453 500 distinctam
474 458 493 499 a
516 439 645 517 liturgia
663 442 817 512 Romana,
839 443 871 501 et
891 439 1020 504 Praelati

68 533 197 594 niarium
213 537 267 614 qui
289 537 409 598 habent
430 536 647 617 jusservandi
665 555 738 598 suos
752 537 851 600 libros
869 542 1019 616 exceptos

68 631 283 694 stitutionihns
306 633 354 694 Pii
378 635 416 709 V,
433 640 567 714 possunt
589 635 719 715 quidem
737 634 906 699 emendare
926 651 1019 697 suum

68 729 128 789 sale
147 735 178 789 et
197 731 402 807 Brentesium,
429 732 578 810 quadam
597 731 806 796 accidentalia
825 731 1015 815 immutare,

83 845 153 905 quea
175 847 238 888 non
263 830 327 889 sint
347 829 578 904 substantialia,
600 830 680 890 adeo
702 835 737 891 ut
761 829 867 891 officia
894 847 1018 910 semper

68 943 114 984 em
135 932 334 1000 censeantur3
350 928 571 1006 quamobrem,
587 944 644 990 nec
657 927 719 1006 ipsi
730 927 896 1010 potiuntur
915 926 1015 992 facul-

84 1023 252 1083 ordinandi
265 1025 400 1085 formam
415 1025 513 1086 divini
533 1025 641 1086 officii.

68 1121 139 1180 ium
152 1121 226 1182 Pius
238 1123 265 1183 V
275 1121 354 1182 nihil
369 1123 515 1185 statuerit
527 1123 565 1184 de
580 1122 813 1212 Ecclesiisquae
826 1123 1017 1186 habebaris

68 1218 146 1278 entis
161 1219 251 1279 annis
267 1219 428 1298 liturgiam
444 1221 681 1298 particularem,
695 1219 748 1299 jus
762 1221 848 1285 idem
862 1219 1017 1281 remansit
1040 1257 1043 1262 ·

75 1317 162 1394 quod
176 1322 244 1378 erat
257 1323 351 1378 antea
365 1337 373 1379 :
385 1337 492 1398 porro,
510 1323 583 1380 ante
601 1318 693 1380 Pium
705 1319 742 1393 V,
757 1316 922 1402 habebant
932 1321 1016 1380 certe

68 1413 184 1475 ltatem
195 1415 383 1494 corrigendi,
396 1435 433 1476 ao
445 1416 534 1477 novis
541 1416 689 1494 precibus
699 1415 821 1478 ditandi
834 1434 906 1477 suos
917 1415 1016 1476 libros

68 1511 197 1590 gicos..
228 1515 361 1594 Insuper
388 1514 522 1576 concilia
551 1513 759 1594 provincialia
792 1531 864 1592 qum
902 1513 1014 1574 habitu

96 1610 129 1670 in
152 1610 259 1672 Galliis
281 1616 353 1691 post
375 1611 664 1691 promulgationem
687 1612 847 1675 bullarum
862 1611 894 1672 S.
911 1611 961 1672 Pii
975 1611 1014 1688 V,

68 1726 112 1770 nae
126 1727 190 1770 non
206 1715 450 1789 acceptaverunt
463 1727 542 1789 pure
554 1727 591 1770 ac
610 1709 794 1788 simpliciter
808 1709 906 1770 libros
920 1707 1014 1770 litur-

68 1807 279 1868 sauctoritate
292 1807 387 1886 hujus
395 1807 558 1870 Pontificis
571 1812 742 1887 correctos,
754 1806 1016 1886 praescripsorunt

68 1904 160 1982 ¹copis
175 1909 211 1964 ut
230 1904 346 1982 singuli
360 1905 393 1965 in
405 1904 469 1966 suis
486 1905 658 1984 respective
676 1904 866 1969 dioeccstbns
885 1903 1014 1970 Missalo

68 2002 238 2062 reviarium
258 2007 380 2064 attenta
395 2021 471 2064 cura
485 2003 669 2078 reviserent,
686 2008 718 2064 et
731 2003 1013 2082 corrigerent'quae

68 2104 97 2158 st
118 2100 330 2178 emendanda,
352 2101 412 2161 sihi
431 2101 639 2181 proponendo
664 2119 809 2165 normam
830 2101 964 2166 Missslis
982 2105 1015 2162 el

68 2197 146 2257 larii
160 2199 306 2261 Romani.
322 2199 402 2260 Hinc
422 2198 566 2260 videmus
585 2199 618 2260 S.
635 2198 785 2262 Garolum
800 2216 914 2261 manus
927 2197 1013 2258 illico

68 2294 172 2355 ovisse
185 2296 226 2356 ad
240 2296 430 2357 revisionem
444 2301 476 2356 et
488 2296 744 2370 emendationem
756 2295 893 2373 liturgia
905 2294 1012 2356 Eccle,

68 2393 313 2455 tlediolanensis.

68 2490 309 2570 linimus...que
318 2489 1011 2572 nonsintecbstantiolia...quiczl⁰S.PiusV

67 2587 130 2648 iter
143 2594 335 2670 conquestus
350 2593 397 2650 est
411 2589 607 2652 delibsrtate
621 2607 717 2668 quam
732 2587 793 2651 sibi
804 2587 911 2668 plures
925 2600 1013 2650 arro„

69 2691 146 2746 rant
164 2686 354 2749 immutandi
368 2706 427 2767 pro
444 2687 577 2749 arbitrio
596 2686 695 2750 libros
723 2685 899 2764 liturgicon,
925 2685 1009 2746 unde

68 2783 130 2844 'una
141 2792 331 2862 provenerat
345 2786 489 2847 confusio
507 2803 514 2849 :
531 2785 601 2864 quis
622 2790 730 2846 autem
745 2783 860 2846 dixerit
873 2781 1006 2844 Pontifi-

75 2881 217 2942 voluisse
240 2883 402 2963 Episcopis
425 2883 599 2945 concedere
617 2883 795 2963 legitimam
819 2885 1010 2962 potestatem

67 2979 228 3040 utationes
242 2979 390 3054 faciendi,
407 3000 486 3059 quas
500 2981 639 3044 maxime
656 2980 785 3044 nocivas
804 2984 836 3042 et
848 2978 1009 3042 conlusio·

73 3077 262 3138 inducentes
274 3078 400 3156 arguit?
415 3082 447 3138 2⁰
461 3078 549 3139 Idem
561 3079 709 3140 Pontifex
722 3079 792 3142 vult
809 3082 846 3139 ut
858 3075 1007 3139 Ecclesiae

68 3177 110 3234 {nt
130 3174 265 3236 retinere
282 3175 334 3254 jus
355 3175 465 3235 utendi
486 3175 550 3236 suis
565 3175 665 3249 libris,
680 3193 717 3236 ac
732 3193 825 3238 suum
842 3174 1008 3254 proprium

68 3289 129 3332 um
138 3272 308 3346 recitandi;
320 3273 389 3352 jam
403 3291 479 3335 vero
495 3273 522 3334 si
535 3277 640 3334 tantas
652 3273 785 3334 iecerint
800 3272 1003 3344 mutationes,

68 3369 105 3430 iri
117 3389 182 3432 non
191 3371 328 3450 amplius
343 3376 532 3432 censeantur
542 3370 649 3445 iidem,
664 3371 791 3450 aliaque
804 3389 888 3432 nova
900 3369 1006 3432 ollicie

68 3468 147 3529 ihus
158 3468 399 3546 substituantur,
412 3470 555 3549 exceptio
562 3470 669 3531 locum
679 3470 797 3532 habere
805 3487 870 3530 non
880 3472 985 3548 potest
996 3485 1004 3529 ε

68 3585 74 3626 ;
88 3566 185 3626 simul
198 3565 359 3646 objectum
376 3572 407 3628 et
421 3569 615 3632 motivum...
903 3561 912 3584 ⁸

68 3665 145 3742 gitur
162 3665 334 3745 Episcopis,
351 3666 390 3726 de
410 3666 525 3746 quibus
544 3669 687 3746 agimus
701 3687 766 3728 non
785 3665 937 3730 remansit
953 3665 1008 3747 jus
