2588 4276
274 321 340 372 aar.
362 320 397 369 11.
418 321 539 370 aaroni
559 321 667 370 aitrus
687 321 851 371 nullolom.
896 347 898 354 ·
1012 317 1065 371 225

64 440 172 502 civibus
182 459 248 502 non
268 440 448 502 discernunt
462 441 495 502 11
513 441 551 502 iis
569 457 639 520 quae
656 441 695 502 ad
711 437 920 519 capacitatem
933 441 1067 502 dominii

65 538 154 600 civilis
167 544 326 618 spectant.

114 637 209 700 Proh.
221 640 256 698 2⁰
266 637 321 700 Ec
331 640 503 700 necessitate
516 639 642 700 unitatis
651 639 683 700 11
693 639 845 718 regimine
860 638 1063 718 regularium.

62 739 180 798 Rectum
201 737 347 815 regimen
366 737 561 815 regularium
580 738 722 818 exposcit
740 742 775 798 ut
794 737 919 798 ordines
940 736 993 816 qui
1012 753 1069 815 per

63 835 161 896 orbem
175 853 253 896 suos
266 836 430 913 religiosos
443 836 583 911 mittunt,
596 842 628 898 et
640 837 694 916 qui
707 837 824 916 ubique
840 836 980 915 gentium
995 853 1068 895 cou-

62 939 162 996 ventus
189 934 399 1011 constituunt,
426 935 571 998 eamdem
594 935 752 998 retineant
776 935 1031 998 constitutionem
1058 951 1065 994 :

63 1051 145 1111 porro
167 1032 226 1094 illa
245 1033 406 1111 regiminis
421 1033 525 1095 unitas
551 1052 615 1095 nou
631 1034 814 1098 subsisteret
830 1052 869 1094 ex
893 1051 955 1112 quo
979 1037 1067 1095 voto·

64 1149 124 1190 rum
144 1130 332 1193 solemnitas
353 1131 545 1211 dependeret
564 1151 583 1193 a
602 1117 804 1209 legislatione
824 1131 1017 1211 populorum
1037 1129 1070 1190 11

66 1247 188 1308 quorum
223 1229 407 1306 regionibus
433 1235 606 1292 morantur.
636 1233 760 1309 Ergone
789 1229 908 1292 familia
936 1231 1070 1290 fratrum

65 1327 317 1402 Praedieatorum,
333 1347 388 1390 seu
401 1329 570 1402 Minorum,
584 1334 796 1409 componetur
807 1327 900 1389 simul
915 1326 1072 1405 religiosis

66 1443 127 1486 vere
145 1426 298 1506 professis
318 1427 373 1506 qui
394 1433 470 1488 vota
491 1428 647 1490 solemnia
668 1428 841 1500 emiserint,
862 1432 895 1488 et
916 1425 1071 1518 religiosis

68 1541 191 1603 quorum
206 1529 283 1586 vota
297 1530 400 1587 essent
410 1526 587 1606 simplicia?
601 1525 783 1588 Istiusmodi
797 1525 964 1586 discrimen
975 1523 1073 1584 maxi·

69 1641 143 1682 mam
159 1629 246 1686 certe
268 1624 540 1704 perturbationem
558 1625 721 1688 induceret
734 1626 767 1685 in
788 1624 897 1685 ordine
912 1622 1070 1700 religioso,

69 1739 99 1780 eo
116 1722 216 1800 magis
247 1722 334 1802 quod
357 1722 480 1784 diversa
504 1724 566 1786 sint
585 1723 670 1802 jura,
685 1728 717 1784 et
737 1741 800 1785 non
821 1722 935 1783 iisdem
959 1720 1073 1781 muniis

70 1819 163 1881 idonei
181 1821 246 1882 sint
267 1821 416 1899 religiosi,
440 1827 536 1902 prout
551 1827 624 1902 sunt
646 1821 778 1902 professi
799 1819 991 1894 solemniter,
1021 1824 1074 1880 aut

72 1923 133 1979 vota
151 1919 257 1981 solum
277 1920 432 1999 simplicia
442 1921 623 1982 emiserunt.

120 2017 215 2081 Prob.
227 2019 262 2078 3⁰
271 2016 305 2078 E
304 2037 327 2079 c
337 2016 589 2080 declaratiom'den
597 2016 656 2081 SS.
671 2017 1075 2098 Conprepotc'onoijultoe

13 2117 14 2200 J
71 2115 249 2191 prodierunt
262 2115 491 2177 declarationes
507 2135 526 2177 a
538 2117 592 2178 SS.
606 2116 908 2196 congregationibus
921 2133 994 2196 quae
1009 2133 1077 2176 ma-

74 2213 171 2274 nifeste
194 2213 340 2276 indicant
359 2232 429 2275 eam
452 2225 518 2280 esse
540 2219 680 2276 mentem
702 2213 850 2276 Ecclesia
871 2217 1021 2276 Romauae
1044 2218 1079 2273 ut

13 2303 15 2374 ἰ
74 2310 211 2374 subsistat
230 2319 379 2375 votorum
398 2313 581 2376 solemnitas
602 2313 756 2394 quidquid
774 2312 1079 2393 statueritpotestas

74 2409 233 2474 secularis.
264 2412 416 2486 Quaedam
447 2411 586 2492 exempli
611 2431 708 2474 causa
741 2412 921 2490 seligemus.
953 2411 1080 2472 Censuit

13 2561 15 2592 r
74 2507 100 2568 S.
114 2509 322 2589 Congregatio
333 2515 409 2572 vota
420 2511 534 2572 emissa
544 2531 564 2573 a
576 2510 768 2573 monialibus
781 2510 876 2572 Gallis
888 2515 962 2570 aute
974 2526 1079 2568 rerum

13 2603 15 2676 l
76 2605 257 2670 Gallicarum
276 2609 549 2688 perturbationem
571 2610 636 2671 vim
666 2628 755 2670 suam
772 2626 911 2670 servasse
933 2626 997 2668 non
1026 2607 1080 2668 ob-

13 2687 14 2708 *
75 2709 168 2767 stante
179 2707 252 2786 lege
266 2707 351 2768 civili
363 2725 434 2786 quae
443 2708 570 2770 easdem
581 2707 735 2769 moniales
748 2725 880 2786 capaces
894 2708 962 2768 fore
978 2705 1080 2766 domi-

13 2873 14 2878 *
77 2801 114 2862 111
126 2803 318 2867 decreverat.
331 2839 370 2850 -
381 2805 412 2867 S:
426 2806 667 2890 Pmniteutiaria
678 2805 840 2885 respondit
853 2803 1082 2865 declarationes

13 2945 15 2986 l
79 2898 157 2962 datas
171 2921 231 2982 pro
248 2902 437 2964 monialibus
452 2921 522 2983 qum
536 2904 635 2964 vitam
650 2903 830 2981 religiosam
843 2903 992 2983 professae
1009 2906 1082 2961 sunt

13 2999 15 3066 l
80 2996 106 3056 in
116 3001 263 3078 praescnti
273 3007 367 3075 statu,
380 3007 411 3062 et
426 3019 560 3081 quarum
570 3007 645 3063 vota
659 3020 718 3081 pro
730 3000 923 3081 simplicibus
934 2998 1083 3060 habenda

81 3093 159 3170 dixit,
176 3099 436 3160 nonextendiad
448 3100 621 3177 regulares.
633 3101 714 3160 -S.
731 3097 940 3176 Congregatio
952 3095 1084 3174 Regula·

13 3263 14 3270 p
85 3193 157 3255 rium
176 3197 330 3259 concessit
349 3197 457 3259 abbati
475 3197 678 3260 Solesmieusi
692 3197 877 3258 facultatem
897 3195 1084 3256 admittendi

13 3281 14 3342 ᾗ
84 3291 117 3351 ed
134 3294 289 3356 solemnem
310 3296 526 3376 professionem
546 3313 655 3358 omnes
678 3295 734 3376 qui
754 3295 788 3355 in
807 3312 891 3355 nova
910 3294 1086 3370 Congrege-

13 3457 14 3480 Ξ
87 3388 158 3452 tione
190 3393 464 3456 Benedictinorum
499 3404 569 3457 nota
601 3392 749 3476 simplicio
781 3393 869 3473 prius
904 3391 1083 3452 emiserant.

86 3485 192 3550 lladem
209 3491 420 3580 Congregirtio
442 3492 545 3554 noluit
560 3493 746 3573 ‘dispensare
769 3491 952 3570 religiosum
974 3507 1085 3569 quem·

90 3583 152 3646 dam
170 3590 357 3668 professum,
372 3590 447 3650 licet
466 3591 562 3651 saeris
581 3591 745 3652 ordinibus
763 3589 893 3649 minime
914 3586 1085 3662 initiatum,

94 3675 268 3762 supernatis
287 3687 394 3749 abillo
410 3689 541 3765 emissis,
560 3712 574 3747 1
592 3691 667 3768 quia
681 3683 807 3750 firmum
822 3686 996 3766 stabileque
1011 3702 1091 3745 sem-

98 3801 110 3833 «
121 3800 172 3859 per
185 3785 374 3848 fuitSanctae
388 3786 477 3850 Sedis
487 3787 654 3848 consilium
665 3803 839 3864 numquam
854 3803 874 3845 a
887 3782 1014 3844 solemne·
1024 3791 1091 3842 coto

902 3882 946 3935 13.
