2604 4274
151 224 205 271 '11.
223 223 414 280 andtilonds
431 223 569 272 donetis
585 225 623 272 llll
639 223 839 274 nuclrlrlotttt
857 224 975 274 orrlctt.
1004 217 1056 272 409

212 341 418 402 infirmarunt
441 341 495 403 SS.
518 340 686 402 Pontifices
705 340 828 402 iteratis
847 339 1053 404 Constitutio-

259 444 295 500 ut
309 438 398 498 nulla
413 437 454 498 sit
468 455 506 497 ea
518 438 558 498 de
572 456 606 498 rc
620 439 701 499 ratio
714 437 813 498 dubii.

286 555 333 599 rm
349 534 548 615 persolvendi
560 534 701 596 divinum
714 535 855 597 officium
867 536 913 598 ita
924 555 1055 614 gravem

347 651 386 693 ex
400 633 659 694 communissima
674 633 833 712 opinione,
851 641 961 713 peccet
973 652 1056 696 mor·

364 749 449 792 ¹nam
462 749 501 790 ex
514 731 600 791 horis
613 731 782 807 canonicis
798 731 849 794 vel
859 750 958 793 unum
971 731 1052 794 iute-

390 829 496 889 lnissio
509 829 609 889 tertiae
625 829 787 894 autetiam
803 828 940 892 dimidiae
955 828 1056 908 partis

314 926 399 987 noris
421 945 485 986 non
510 931 691 988 censeretur
711 932 878 1006 peccatum
901 926 1055 1001 mortale;
1153 927 1160 938 “

246 1043 275 1084 a
294 1042 368 1104 pars
383 1024 423 1084 sit
442 1024 590 1085 notabilis
606 1029 751 1102 respectu
766 1024 853 1086 horae
873 1043 991 1103 parvae,
1009 1031 1059 1086 est

167 1122 231 1182 vuis
239 1121 271 1181 in
279 1139 311 1182 se
323 1127 355 1182 et
364 1127 509 1201 respectu
520 1122 615 1182 totius
625 1122 731 1182 officii.
746 1122 778 1183 S.
790 1121 928 1200 Lignori,
939 1129 974 1182 n⁰
985 1122 1055 1197 147,

79 1219 263 1282 ,madvertit
276 1219 373 1282 totius
389 1219 485 1280 officii
503 1220 712 1298 quantitatem
730 1219 960 1298 respiciendam
976 1237 1055 1295 esse,

34 1338 100 1380 ron
115 1323 227 1379 autem
238 1317 408 1396 cujuslibet
420 1316 519 1390 horae,
534 1322 569 1377 ut
581 1317 807 1379 determinetur
819 1317 956 1396 gravitas
966 1315 1060 1377 omis·

34 1416 132 1478 aionis
146 1414 283 1495 alicujus
297 1415 396 1494 partis
412 1414 522 1478 oflicii.

95 1515 109 1540 *
119 1515 194 1574 540.
211 1546 251 1559 -
265 1514 303 1574 ΙΙ.
321 1515 362 1574 Ut
376 1511 440 1593 legi
454 1512 598 1586 satisfiat,
613 1529 738 1574 necesse
751 1518 799 1573 est
810 1517 846 1572 ut
857 1515 950 1574 Horae
965 1531 1059 1575 cano-

34 1612 117 1674 nicae
133 1611 308 1673 recitentur
324 1627 331 1671 :
352 1612 383 1670 l⁰
398 1609 656 1690 pronuntiatione
671 1610 790 1690 vocali3
807 1613 839 1670 2⁰
852 1616 994 1692 tempore
1006 1611 1061 1672 de·

34 1711 122 1785 bito;
146 1713 179 1771 3⁰
197 1709 291 1788 juxta
309 1709 452 1770 ordinem
469 1709 708 1788 prescriptum
728 1714 761 1769 40
780 1728 852 1771 eum
871 1710 1057 1782 intentione,

34 1807 152 1869 saltem
167 1807 307 1883 virtuali,
325 1806 448 1868 orandi.

99 1906 133 1964 l⁰
155 1904 338 1983 Requiritur
359 1904 488 1984 quidem
509 1900 620 1964 vocalis
641 1904 873 1984 pronuntr‘otto;
892 1906 975 1968 uude
995 1925 1059 1968 non

38 2003 196 2064 satisfacit
215 2002 270 2080 qui
291 2001 472 2062 mentaliter
493 2001 693 2064 solummodo
717 2002 868 2080 psalmos,
889 2004 1059 2079 orationes,

37 2100 194 2162 lectiones
208 2098 374 2178 percurrit.
396 2100 445 2160 lta
459 2116 570 2160 omnes
590 2098 735 2161 doctores
750 2118 787 2161 eo
802 2101 958 2182 principio
973 2107 1060 2164 certo

39 2198 141 2259 innixi
156 2198 240 2277 quod
255 2196 395 2258 Ecclesia
409 2196 597 2275 praeceperit
615 2196 792 2258 orationem
809 2217 873 2259 non
889 2199 1059 2261 mentalem

40 2296 97 2357 sed
111 2296 263 2357 vocalem.
282 2297 412 2355 Necesse
425 2313 489 2354 non
504 2285 599 2354 estut
614 2295 749 2356 recitans
763 2295 905 2357 divinum
917 2295 1058 2358 officium

44 2412 76 2455 se
95 2393 213 2466 audiat,
236 2392 395 2471 quianon
415 2391 535 2454 auditio
556 2391 611 2453 sed
633 2393 777 2454 recitatio
796 2393 995 2472 praecipitur;
1017 2393 1058 2454 ad

45 2489 331 2570 pronuntiationem
357 2507 432 2551 vero
458 2489 579 2551 orclem
603 2490 730 2567 suflicit,
754 2497 790 2552 ut
814 2492 894 2552 beue
922 2491 1058 2552 advertit

48 2590 78 2652 S.
95 2588 233 2667 Liguori,
252 2611 267 2644 ι
281 2587 366 2665 quod
380 2587 537 2649 formetur
548 2587 664 2667 aliquis
677 2605 773 2648 sonus
787 2590 968 2659 verborum,
985 2587 1058 2650 licet

50 2709 65 2742 ιι
85 2685 224 2747 modicus
240 2691 271 2746 et
284 2684 337 2746 vix
351 2684 505 2746 sensibilis
521 2684 571 2756 sit,
589 2691 684 2764 prout
699 2686 909 2747 communiter
923 2685 1058 2748 recitant

54 2805 68 2842 ιι
87 2784 140 2863 qui
152 2783 297 2863 privatim
311 2782 452 2843 officium
466 2783 661 2862 persolvunt.
678 2807 692 2837 ιι
708 2783 760 2864 (Νο
775 2783 858 2864 163.)

107 2881 221 2966 Siquis
234 2879 267 2940 in
283 2880 392 2955 choro,
407 2878 459 2941 vel
473 2898 545 2941 cum
557 2879 654 2955 socio,
672 2881 785 2942 recitat
798 2881 949 2958 officium,
966 2881 1059 2943 satis·

53 2978 125 3040 lacit
138 2978 209 3038 dum
223 2982 346 3056 partem
360 2978 555 3057 psalmorum
571 2978 695 3051 recitat,
714 2977 848 3058 alteram
861 2985 968 3040 autem
982 2997 1058 3059 par·

53 3081 125 3149 tem,
147 3094 213 3136 cum
236 3075 617 3155 orationibusmapitulo,
642 3075 829 3138 lectionibus
852 3076 1021 3138 recitatam
1040 3096 1060 3139 a

56 3173 141 3236 sociis
163 3171 265 3247 audit;
288 3173 373 3252 quod
395 3173 490 3234 etiem
511 3172 720 3251 probabiliter
741 3174 909 3235 dicendum
930 3173 1059 3254 quando

56 3289 117 3332 non
129 3269 197 3331 satis
209 3269 342 3352 percipit
356 3287 425 3348 quae
442 3269 600 3346 dicuntur,
614 3270 789 3332 dummodo
804 3271 947 3331 attendat
960 3288 1061 3349 quan·

58 3373 122 3430 tum
134 3367 291 3429 moraliter
304 3373 419 3448 potest.

114 3468 144 3526 2⁰
163 3465 268 3538 Quoad
283 3473 396 3546 tempus
408 3465 477 3528 haeo
493 3467 633 3529 notanda
650 3485 658 3528 τ

115 3562 242 3642 Singulis
255 3563 366 3624 diebus
379 3564 538 3642 integrum
551 3565 690 3628 officium
705 3563 903 3626 recitandum
916 3569 978 3640 est;
993 3562 1061 3626 dies

64 3667 159 3726 autem
174 3663 262 3742 juxta
283 3680 483 3725 communem
503 3663 762 3726 consuetudinem
780 3662 892 3743 incipit
915 3681 934 3724 a
954 3660 1051 3726 medin
