2642 4268
186 289 254 342 aar.
277 269 313 339 ir.
333 279 528 350 eretricum,
547 285 753 338 rurusrmrss
773 287 811 338 rr
829 285 1000 342 scurnum
1036 284 1087 348 em

70 388 184 470 stricte
198 411 370 488 sumptum,
387 405 467 468 illud
481 406 627 487 estquod
643 405 787 468 Perocho
806 406 1004 488 adscribitur,
1025 427 1089 472 uon

70 510 230 588 tanquam
255 505 447 586 stipendium
469 505 587 567 laboris
607 503 818 582 determinati,
836 523 937 586 neque
952 526 1088 594 prasen-

70 603 127 666 tiae
149 605 341 684 personalis,
360 605 416 666 sed
437 603 559 666 ratione
577 602 661 666 tituli
681 603 884 683 parochialis,
903 604 994 667 sicuti
1010 624 1088 686 pen·⁴

72 702 179 764 sinnes
199 703 310 764 solute
329 703 528 781 agnbemio,
546 721 601 763 seu
617 703 737 762 fructus
751 701 863 781 praedii
883 701 1087 770 beneficialis.

71 800 107 862 Si
122 807 229 864 autem
242 801 287 864 ita
299 801 483 881 accipiatur,
505 819 570 862 non
591 799 723 862 dubium
737 805 784 864 est
798 801 875 884 quin
889 803 1088 867 referendum
1179 857 1182 864 ,

71 899 113 960 sit
126 901 168 961 ad
180 899 267 962 bona
280 899 492 962 ecclesiastica
506 909 529 963 ¹.

133 997 220 1061 Nihil
237 998 334 1078 igitur
354 998 551 1060 desideratur
565 997 599 1058 in
623 997 723 1061 titulis
742 997 914 1075 hodiernis,
938 1019 995 1062 nec
1017 1003 1088 1064 cffi-

74 1095 160 1158 cium
176 1097 351 1177 spirituale,
368 1115 426 1158 nec
439 1097 559 1164 honum
571 1096 746 1177 temporale
761 1093 1006 1162 ecclesiasticum
1018 1101 1089 1164 offl-

72 1195 122 1256 cio
133 1195 365 1275 inperpetuum
376 1195 526 1258 canonice
544 1195 894 1276 annexum‚quominus
905 1203 1091 1277 reputentur

73 1312 149 1355 vera
158 1293 376 1369 beneficie3et
384 1291 498 1356 ultimo
508 1293 910 1358 concludimussanctiones
914 1294 995 1374 juris
1006 1297 1089 1358 circa

72 1392 230 1454 beneficia
257 1410 330 1458 suas
360 1393 478 1456 habere
509 1392 737 1473 applicationes
763 1392 797 1458 iu
827 1398 911 1456 statu
941 1394 1090 1474 prasenti

71 1491 286 1555 Ecclesiarum
307 1491 426 1555 Gallim.
453 1493 542 1554 lianc
562 1490 798 1554 conclusionem
816 1493 1006 1554 confirmant
1022 1513 1088 1556 res·

71 1609 176 1671 ponsa
207 1591 495 1670 congregationum
522 1593 749 1666 Romanarum,
779 1609 851 1672 quae
880 1592 968 1652 haud
993 1594 1089 1656 semel

71 1689 317 1750 declaraverunt
331 1713 346 1746 «
357 1689 524 1770 pensiones
540 1690 728 1752 constitutas
737 1691 808 1752 loco
818 1690 1000 1752 reddituum
1011 1710 1089 1772 quos

72 1812 88 1843 a
104 1787 301 1851 beneficiarii
321 1794 416 1850 antea
433 1777 650 1868 percipiebant
668 1807 708 1850 ex
724 1788 840 1864 fundis,
856 1807 912 1850 sen
927 1789 996 1854 loco
1015 1809 1088 1861 suo-

73 1911 89 1943 «
104 1905 177 1948 rum
192 1886 434 1964 beneficiorum,
454 1905 508 1949 eas
523 1888 642 1950 censeri
656 1887 797 1950 redditus
816 1887 1053 1952 ecclesiasticos
1071 1913 1085 1944 n

71 1987 117 2070 (S.
132 1985 385 2064 Poenitentiaria,
401 1987 420 2046 9
433 1986 499 2066 jan.
518 1985 621 2068 1823.)
721 2043 725 2050 .

131 2085 216 2148 *595.
229 2087 315 2148 -IL
329 2085 486 2148 Beneficia
500 2085 683 2166 multiplicis
699 2085 814 2166 speciei
828 2085 1064 2166 distinguuntur
1078 2107 1085 2151 :
1111 2130 1113 2135 ,

133 2184 310 2246 l⁰ltatione
319 2179 503 2266 officiorum,
513 2183 660 2246 aliasunt
669 2183 800 2264 majora,
812 2184 966 2248 beneficia
974 2202 1087 2265 nempe

70 2283 303 2362 Episcopornm
318 2282 498 2344 stallorum
514 2281 724 2345 Praelatorum
733 2281 984 2361 jurisdictionem
999 2284 1089 2364 quusi

72 2380 286 2462 episcopalem
301 2381 498 2459 habentium,
520 2387 552 2443 et
566 2381 629 2442 alia
644 2383 763 2443 mr'noro
778 2381 893 2460 quibus
909 2380 979 2444 haec
990 2382 1087 2462 juris-

72 2481 169 2543 dictio
185 2499 251 2544 non
265 2480 455 2542 annectitur.
473 2480 621 2554 Quamvis
636 2485 741 2542 tamen
753 2480 903 2544 sublimes
915 2481 978 2544 illm
989 2481 1089 2562 digni·
1147 2551 1150 2572 ,

71 2585 153 2643 tates
171 2582 408 2643 Patriarchatus
425 2588 458 2642 et
470 2582 677 2662 Episcopatus
695 2583 760 2643 sint
774 2582 879 2662 reipsa
897 2587 928 2644 et
943 2583 1085 2662 quaudo-

71 2698 133 2760 que
148 2680 295 2742 dieantur
309 2681 476 2756 beneficia,
492 2691 555 2742 non
568 2680 672 2742 solent
684 2680 717 2740 in
734 2680 913 2770 poenalibus
925 2686 957 2743 et
970 2682 1003 2743 in
1018 2682 1088 2744 aliis

72 2797 144 2860 quae
163 2785 236 2840 sunt
251 2780 367 2842 strictae
381 2779 660 2860 interpretationis
679 2779 904 2860 comprehendi
927 2781 1088 2842 communi

44 2923 46 2931 .
69 2869 286 2958 'appellatione
301 2878 538 2952 beneficiorum,
559 2879 695 2959 ideoque
710 2878 901 2958 dispensatio
918 2879 1087 2959 impetrata

71 2977 112 3037 ad
126 2977 233 3038 omnia
241 2977 407 3052 beneficia,
420 2969 485 3039 nou
495 2977 676 3040 extenditur
690 2979 730 3040 ad
741 2977 979 3058 Episcopatum,
989 2997 1086 3060 prop·
1131 2983 1132 2988 ’

71 3080 121 3136 ter
141 3075 347 3136 eminentiam
375 3075 538 3155 dignitatis
563 3093 633 3156 qua
658 3081 705 3138 est
723 3076 824 3156 digna
845 3076 973 3157 speciali
997 3082 1085 3141 nota.

70 3171 299 3254 (Reiffenstuel,
316 3181 356 3261 ¹¹⁰.
368 3175 424 3248 2t;
441 3173 583 3252 Pirhing,
605 3181 639 3234 n⁰
655 3173 699 3256 9.)
717 3209 756 3220 -
774 3174 845 3236 Alia
865 3175 996 3255 insuper
1013 3180 1087 3237 sunt

71 3271 218 3354 duplicati,
231 3291 302 3353 quae
311 3272 549 3335 habent-curam
560 3271 750 3348 animarum,
761 3273 812 3334 vel
819 3272 1083 3353 jurisdictionem,

73 3375 129 3432 aut
146 3371 432 3450 praeeminentiam,
452 3371 623 3434 autetiam
644 3370 960 3450 administrationem,
979 3377 1010 3434 et
1025 3373 1087 3434 alia

71 3467 230 3552 recepticio,
248 3488 319 3550 qum
336 3470 525 3531 ordinantur
539 3471 579 3530 ad
595 3469 716 3532 cultum
732 3469 885 3547 divinum,
901 3475 933 3532 et
949 3471 1084 3532 attribu-

72 3567 212 3630 tionibus
234 3569 417 3630 memoratis
444 3575 562 3631 carent.
588 3569 777 3648 Hujusmodi
798 3573 881 3645 sunt,
903 3569 975 3648 jure
997 3587 1083 3631 com·

123 3718 146 3767 1.
157 3713 330 3767 Reiffenstnel
341 3717 369 3768 iu
383 3717 423 3766 tit.
440 3717 473 3766 de
487 3717 642 3779 Parcarum,
654 3721 681 3768 et
696 3717 728 3768 de
746 3720 855 3769 Paruum
867 3731 1033 3780 ceraseorum,
1047 3721 1088 3769 αἱ·

83 3792 138 3857 l-83
154 3819 184 3829 -
199 3791 305 3854 Saurea,
317 3791 349 3842 de
362 3791 493 3856 censuris,
505 3793 574 3858 disp.
589 3793 666 3857 xxti,
682 3799 745 3846 sect.
757 3809 775 3856 r,
786 3803 818 3845 n⁰
831 3796 871 3846 29.
