2642 4268
186 213 254 264 lter.
275 214 309 263 11.
330 211 525 275 OBLA'HONES,
545 212 753 264 rurusrmuss
773 211 810 262 tlt
828 211 996 263 senestuti.
1045 203 1097 262 527

83 332 215 412 quidem
229 314 347 394 recedit
365 351 386 393 a
396 330 467 412 jure
483 331 654 408 ordinario,
676 351 739 392 non
755 350 829 392 vero
844 330 976 393 destruit
995 331 1096 411 ipsam

82 430 264 509 essentiam,
279 449 334 494 seu
353 434 500 492 naturam
518 430 676 494 beneficii.
702 430 925 493 concludimus
942 429 1098 492 Ecclesiae

82 530 279 593 succursoles
293 549 384 611 posse
394 530 500 594 venire
513 530 641 592 nomine
650 529 877 593 beneficiorum
888 528 1096 603 manualium,

81 627 192 692 latiori
210 629 322 692 saltem
336 647 442 706 sensu,
462 628 496 690 iu
510 628 748 705 favorabilibus,
765 627 841 689 etin
861 627 899 688 iis
913 645 984 708 quae
999 627 1096 708 eequi-

80 731 148 788 tate
167 727 307 789 naturali
324 728 365 789 ad
386 726 547 809 publicam
566 727 736 791 utilitatem
759 726 930 802 constituta
949 729 1032 788 sunt.
1054 728 1098 788 De

81 825 263 906 poenalibus
287 825 373 888 idem
397 826 603 907 pronuntiare
628 845 693 888 non
717 825 916 900 auderemus,
943 824 1018 906 quia
1040 823 1099 886 etsi

81 925 176 987 valde
195 923 373 987 verisimilis
392 924 483 988 nobis
502 925 543 987 sit
564 925 672 1007 opinio
693 944 788 1006 quam
804 923 1017 1004 exposuimus,
1034 943 1098 984 non

81 1023 208 1086 excedit
224 1029 331 1086 tamen
353 1023 468 1087 limites
489 1023 734 1106 probabilitatis,
758 1027 790 1085 et
811 1021 1009 1086 communius
1031 1041 1098 1083 sue·

81 1123 224 1186 cursales
238 1143 303 1186 non
315 1127 505 1205 reputantur
517 1122 626 1188 stricto
635 1123 707 1206 jure
719 1141 795 1185 vera
809 1118 976 1184 beneficia.

144 1224 216 1287 596.
235 1223 330 1286 -110
355 1219 436 1304 Quid
448 1219 524 1306 jore
536 1222 747 1306 pracceptum
769 1221 809 1282 sit
828 1240 886 1303 pro
907 1218 1053 1284 erectione
1071 1227 1100 1282 et

81 1321 193 1384 unione
209 1317 439 1404 beneficiorum?

140 1420 166 1484 I.
180 1416 306 1483 Erectio
319 1419 477 1500 majorum
491 1419 717 1483 beneficiorum
729 1424 908 1483 reservatur
925 1415 999 1482 Sedi
1017 1420 1099 1501 Apo·

81 1518 217 1594 stolicae3
241 1519 397 1584 beneficia
415 1519 539 1582 minora
559 1519 638 1600 erigi
656 1525 789 1600 possunt
806 1519 845 1580 ab
858 1517 1034 1600 Episcopis,
1048 1517 1098 1580 vel

81 1617 271 1682 aPraelatis
295 1617 350 1699 qui
373 1617 541 1699 potiuntur
562 1615 783 1699 jurisdictione
811 1611 1095 1700 quasi-episcopali.

79 1719 116 1782 V.
135 1735 180 1798 3.,
192 1715 366 1800 Episcopus
375 1722 479 1799 potest
493 1717 614 1798 erigere
629 1715 820 1780 beneficium
835 1716 980 1797 simplex,
996 1719 1028 1777 et
1039 1715 1097 1776 be-

78 1817 189 1880 fleium
204 1837 278 1880 eum
297 1836 373 1880 cura
391 1817 582 1894 animarum,
603 1811 776 1879 Ecclesiam
795 1833 910 1896 nempe
929 1815 1098 1897 parochia·

80 1915 155 1978 lem.
170 1917 215 1979 De
226 1895 463 1979 canonicatibus
479 1915 556 1979 alibi
570 1915 690 1977 dictum
708 1920 765 1976 est.
781 1917 832 1992 (N0
847 1915 916 1988 386,
934 1932 966 1993 p.
980 1912 1064 1992 itt.)

140 2015 177 2077 In
195 2013 350 2080 erectione
369 2014 597 2078 beneficiorum
617 2013 679 2076 tria
697 2013 872 2095 prasertim
891 2015 1096 2072 statuuntur:

80 2113 113 2175 1⁰
133 2113 246 2178 titulus
266 2113 418 2178 canonice
440 2113 652 2188 constituitur,
670 2111 788 2174 scilicet
802 2108 952 2188 Ecclesia,
969 2129 1024 2172 seu
1044 2127 1099 2172 ara

77 2215 145 2276 Deo
166 2211 282 2292 dicata,
299 2214 358 2276 sub
380 2211 681 2294 alicujusmysterii
701 2210 902 2274 veneratione
916 2215 971 2270 aut
991 2207 1099 2272 Sancti
1144 2251 1146 2258 ,

80 2311 275 2394 patrocini03
289 2316 322 2376 2⁰
343 2311 573 2376 determinatur
588 2311 728 2404 officium
742 2309 905 2391 spirituale
921 2305 1006 2389 quod
1021 2307 1097 2370 titu-

77 2413 155 2476 laris
177 2411 264 2475 obire
287 2413 402 2475 debeat
421 2412 456 2474 in
478 2412 589 2474 eadem
611 2409 766 2486 Ecclesia;
787 2412 818 2471 3⁰
838 2409 895 2471 dos
917 2412 1098 2489 competens

78 2513 270 2592 assignatur,
286 2531 351 2593 qua
369 2511 573 2593 provideatur
590 2507 812 2573 sustentationi
827 2507 933 2571 elerici
946 2505 1095 2583 titularis,

79 2617 110 2674 et
125 2611 345 2694 adimpletioni
359 2611 463 2674 oneris
476 2607 635 2676 beneficii.

137 2710 300 2774 Fundetur
312 2711 458 2774 beneficii
472 2715 578 2792 potest
591 2708 624 2771 in
638 2715 710 2772 actu
727 2705 921 2772 fundationis
937 2717 1097 2789 apponere

77 2811 283 2888 conditiones,
296 2829 367 2892 quae
386 2809 413 2872 si
432 2809 649 2891 approbentur
669 2810 709 2871 ab
729 2809 895 2871 Ordinario
916 2812 947 2870 et
968 2805 1096 2868 aliunde

77 2930 143 2972 non
172 2911 377 2972 adversentur
408 2909 527 2990 regulis
553 2908 723 2986 canonicis,
753 2908 900 2988 religiose
935 2905 1096 2969 servandae

78 3012 182 3086 erunt,
199 3015 268 3072 tum
282 3010 324 3072 ab
342 3009 533 3086 haeredibus,
549 3013 617 3071 tum
637 3029 657 3072 a
674 3006 908 3071 suecessoribus
925 3003 1095 3070 Ordinarii.

79 3133 94 3166 u
111 3103 203 3172 Ratio
218 3109 369 3190 postulat,
386 3113 422 3170 ut
434 3107 496 3172 illis
512 3127 582 3191 quar
597 3109 678 3170 bene
696 3107 870 3170 constituta
883 3111 956 3169 sunt
970 3108 1093 3168 contra·

79 3207 165 3269 eriis
188 3207 440 3271 ordinationibus
462 3228 526 3271 non
551 3208 749 3271 detrahatur.
772 3202 904 3281 Quando
929 3204 1028 3284 igitur
1055 3221 1093 3265 ex

73 3330 94 3370 n
109 3306 337 3369 beneficiorum
352 3305 799 3389 quorumcumqueerectione
819 3319 876 3366 seu
895 3303 1092 3381 fundatione,

84 3428 98 3466 n
112 3412 167 3470 aut
179 3406 249 3469 aliis
262 3405 547 3483 constitutionibus,
564 3405 733 3486 qualitates
748 3405 863 3486 aliquae
877 3401 1092 3483 requiruntur,

80 3532 96 3564 u
112 3525 167 3568 seu
182 3511 269 3568 certa
281 3505 344 3566 illis
361 3524 458 3568 onera
477 3510 550 3567 sunt
567 3504 723 3585 injuncta,
739 3503 772 3566 in
787 3500 1013 3566 beneficiorum
1029 3499 1094 3561 col-

23 3600 25 3604 ’
82 3632 96 3664 «
110 3605 239 3685 latione,
250 3603 568 3688 seuineliaqualibet
576 3604 823 3688 dispensatione,
834 3603 878 3665 eis
886 3619 950 3664 non
961 3599 1093 3682 deroge-

81 3731 96 3762 «
109 3711 172 3769 tur.
197 3703 216 3764 n'
239 3701 372 3790 (Gonoil.
393 3704 623 3780 'tridentinum
640 3723 714 3768 sess.
740 3721 815 3783 xxv,
840 3722 909 3783 cap.
934 3717 965 3777 v,
984 3696 1020 3762 de
1040 3698 1096 3762 ue·-
