2632 4260
283 243 351 292 ΛΒΤ.
372 245 412 292 1v.
434 245 610 295 Pntvltuula
630 246 830 295 ctunluonuu.
1029 239 1062 294 73

106 360 161 434 Oui
171 359 245 439 jure
261 359 460 422 haereditario
473 361 618 423 obtinent
632 362 810 423 institutum
823 362 1056 436 commerciale,

57 463 202 532 tenentur,
218 458 455 537 quamprimum
467 460 629 521 moraliter
638 464 782 539 possunt,
798 459 878 520 illud
893 460 986 521 alteri
996 466 1062 521 tra·

58 557 120 618 dere
141 561 171 616 et
193 555 318 616 interea
337 574 395 634 per
413 556 646 618 mandatarium
666 575 775 635 gerere
797 574 847 618 res
870 559 1061 650 commercii,

57 663 83 716 et
99 653 261 714 licentiam
277 654 318 713 ad
333 653 393 714 hoc
408 653 569 733 postulare
587 674 606 716 a
621 655 653 717 S.
676 655 928 735 Congregatione
942 656 969 715 si
980 656 1063 716 intra

57 751 167 813 ltaliam
188 757 375 826 morentur;
401 751 441 812 ab
462 752 628 812 Ordinario
648 753 720 825 loci,
743 753 768 812 si
789 758 954 814 versentur
976 758 1065 814 extra

56 850 177 924 ltaliam,
208 849 483 927 quemadmodum
511 850 704 929 praeseripsit
729 851 916 912 Benedictus
939 851 1006 913 XIV
1031 851 1064 911 in

60 950 152 1010 donst.
168 946 351 1026 Apostolieae
364 948 527 1024 servitutis,
544 949 604 1024 §2

60 1149 216 1209 irrisurus
239 1165 281 1209 ιι.
301 1181 341 1192 -
354 1149 406 1226 Dr
427 1164 561 1220 romnus,
578 1165 616 1208 nn
638 1163 813 1210 rnrrnsens
835 1165 873 1208 cr
895 1164 1061 1210 ιιιιιιιιιιιϊ

396 1261 486 1307 risos
507 1261 689 1306 omnrconou
701 1245 722 1304 ¹.

107 1415 173 1474 357.
191 1415 275 1474 --1ο
295 1413 366 1488 Quae
383 1415 444 1476 ent
452 1413 531 1494 jura
546 1413 722 1475 elericorum
738 1415 769 1474 tn
789 1413 893 1475 ordine
910 1413 1059 1476 ecclesias·

65 1509 131 1572 tico?
798 1523 803 1532 “

111 1610 138 1667 l⁰
153 1609 267 1671 Clerici
284 1608 337 1689 jus
353 1609 474 1672 habent
488 1609 631 1688 gestandi
651 1614 770 1670 vestem
786 1609 835 1670 sui
855 1608 974 1671 ordinis
990 1627 1065 1688 pro·

66 1706 162 1784 priam,
177 1727 244 1786 quo
261 1707 334 1786 jure
353 1707 472 1786 privari
489 1727 553 1768 non
569 1713 703 1786 possunt
721 1707 781 1768 nisi
799 1724 857 1786 per
877 1706 1065 1768 sententiam

67 1805 194 1884 Episcopi
208 1805 242 1866 in
255 1824 385 1884 poenam
400 1805 517 1867 delicti.

112 1905 142 1962 2⁰
152 1903 264 1964 ldonei
274 1909 349 1964 sunt
362 1903 566 1984 assequendis
576 1903 687 1965 officiis
702 1903 917 1983 spiritualibus
928 1907 960 1964 et
973 1903 1068 1963 bene·

70 2000 129 2060 liciis
141 2006 171 2061 et
185 2000 338 2062 exercitio
346 2000 573 2081 jurisdictionis
583 2002 644 2062 sibi
655 2001 867 2076 demandatae,
881 2001 967 2081 quod
979 2000 1067 2061 laicis

70 2116 118 2158 non
130 2099 324 2161 conceditur.

113 2197 140 2256 3ο
157 2197 290 2256 Partem
309 2197 522 2259 sublimiorem
546 2202 655 2257 tenent
669 2196 702 2257 in
716 2196 856 2257 Ecclesia
877 2196 954 2257 dum
969 2196 1067 2258 saeris

70 2292 159 2352 officiis
180 2294 331 2372 publicis,
353 2294 618 2374 processionibus,
632 2299 706 2367 eta,
729 2293 889 2369 assistunt,
908 2299 939 2353 et
953 2293 1062 2368 laicos,

71 2389 281 2471 cujuscumque
295 2391 457 2470 dignitatis
473 2392 685 2472 prerogativa
699 2391 844 2463 donatos,
868 2391 1063 2471 praeoedunt.

71 2487 137 2547 lnter
151 2488 237 2567 ipsos
254 2494 361 2550 autem
377 2495 520 2550 servatur
533 2489 644 2568 regula
654 2488 874 2569 praecedentioe
885 2489 956 2569 jure
980 2507 1068 2560 corp-

72 2585 152 2658 nuni,
167 2592 223 2648 aut
238 2587 381 2648 locorum
395 2587 684 2660 consuetudinibus,
697 2591 825 2648 statuta.
841 2586 962 2664 Regula
974 2605 1070 2664 gene-

73 2680 130 2742 ralis
145 2689 189 2745 est
209 2689 247 2746 ut
262 2685 475 2764 praecedentia
493 2685 720 2746 determinetur
740 2684 861 2747 ratione
892 2683 1069 2762 dignitatis,

75 2867 205 2917 «concedit
213 2867 354 2918 facultates
365 2869 396 2918 R.
413 2869 444 2917 R.
460 2867 598 2931 Episcopis
618 2865 856 2918 communicandas
869 2879 918 2929 per
937 2879 1070 2930 organum

77 2938 115 2988 «S.
127 2941 152 2992 C.
165 2945 195 2993 Ε.
210 2945 253 3005 Ε.,
270 2943 442 3008 permittendi
465 2943 649 2993 ecelesiasticis
668 2945 699 2992 ut
720 2942 852 3006 accipiant
867 2942 987 2992 actiones
1004 2941 1071 2991 delle

77 3017 171 3066 «strada
184 3020 294 3081 ferrata,
306 3019 339 3069 de
354 3019 463 3084 propria
473 3019 589 3082 pecunia
602 3022 717 3068 tantum.
732 3037 745 3062 ι
758 3017 893 3082 Agebatur
909 3015 1003 3067 deviis
1018 3015 1071 3065 ier·

76 3090 124 3139 ratis
137 3091 225 3145 Status
235 3094 377 3157 Pontificii3
389 3094 565 3145 occurrebant
575 3093 695 3144 fortassis
705 3093 914 3144 circumstantie
923 3091 1071 3157 peculiares

79 3175 124 3224 qua
135 3167 245 3219 dubium
258 3170 397 3234 Episcopis
412 3170 578 3235 ingerebant,
595 3182 630 3220 an
648 3169 785 3232 expediret
804 3169 997 3219 ecclesiasticos
1012 3178 1072 3228 par-

79 3241 262 3297 transsumere
277 3247 305 3296 in
321 3246 372 3295 hae
382 3259 453 3296 nova
469 3246 603 3296 societate.
619 3273 649 3282 -
663 3245 820 3306 Veccbiotti,
836 3244 882 3294 lib.
896 3244 927 3304 ll,
945 3255 1005 3304 cap.
1018 3252 1072 3300 ιιιιι,

117 3395 134 3441 t.
151 3396 198 3445 Tit.
214 3411 246 3446 os
262 3398 331 3448 Foro
351 3411 513 3459 concursuri,
530 3396 575 3447 lib.
594 3398 617 3447 ll
635 3399 752 3457 Decret.;
766 3423 797 3432 -
813 3409 844 3446 os
862 3395 1017 3444 luuonrrsrr
1031 3405 1074 3442 sc·

82 3479 204 3534 cassurus,
217 3474 264 3525 lib.
277 3475 320 3524 lll.
336 3501 367 3510 -
382 3474 419 3524 Gi.
435 3473 542 3537 Suarez,
558 3474 679 3536 Defensio
690 3473 761 3538 fidei,
774 3471 821 3522 lib.
840 3471 882 3532 lv,
894 3468 927 3519 de
947 3471 1074 3520 immant-

85 3544 160 3595 tntibas
172 3549 257 3613 Eccl.,·
272 3577 302 3587 -
317 3549 519 3610 Bellarminum,
536 3549 568 3599 de
589 3549 703 3609 clericis,
719 3561 778 3611 cap.
794 3559 942 3609 xxviii-1113
960 3574 990 3582 -
1002 3547 1075 3597 Muz-

85 3619 161 3744 labella}
178 3623 221 3673 des
234 3625 396 3689 immunitta·
411 3653 440 3662 -
458 3625 590 3686 Gosselin,
604 3623 714 3674 Pouvoir
727 3621 762 3671 du
779 3621 848 3685 Pape
861 3635 896 3671 nu
911 3636 1003 3686 moyen
1018 3621 1074 3684 αρε.

96 3705 141 3743 oro
159 3700 252 3750 action.

142 3824 210 3858 rnen.
225 3829 278 3862 sun.
289 3829 344 3861 cau.
357 3830 382 3861 n·
919 3819 934 3870 5
