2642 4268
4 273 9 310 r
87 244 88 247 ’
192 250 249 303 452·
452 261 526 307 rans
546 261 592 308 111.
614 261 669 310 nus
691 256 938 306 scucususrrcu.

191 379 301 435 rentur
323 375 373 455 (N⁰
388 374 472 456 559.)
493 377 616 439 Addere
636 375 788 437 debemus
810 391 915 434 sacras
937 371 1086 452 reliquias
1109 369 1207 432 luisse

189 471 336 533 fidelibus
346 474 504 552 expositas
517 493 579 534 non
591 475 690 536 solum
705 478 741 534 ut
753 471 939 533 memoriam
951 474 1136 532 sanctorum
1147 487 1205 529 co·

187 569 299 644 lerent,
316 571 371 632 sed
382 572 512 650 insuper
525 577 560 632 ut
569 572 776 633 incitarentur
789 570 829 630 ad
840 569 999 641 virtutem,
1013 567 1099 647 quod
1112 565 1205 627 uobis

160 658 161 662 ’
187 669 341 747 expressit
354 670 487 749 scriptor
498 672 648 732 Actorum
661 669 804 750 martyrii
814 669 913 730 sancti
928 665 1105 746 polycarpi.
1120 667 1204 728 Dum

187 766 343 844 urgebant
369 767 471 828 Judaei
500 774 535 828 ut
562 787 676 846 corpus
703 767 849 846 martyris
877 764 1133 836 combureretur,
1161 781 1204 824 ne

185 861 348 924 christiani
367 864 434 944 ejus
452 865 601 944 reliquias
621 867 793 940 auferrent,
816 889 830 920 «
852 882 920 934 nos,
940 861 984 922 ait
1001 861 1079 940 pius·
1090 865 1203 920 auctor

186 981 202 1014 a
223 962 423 1035 narrationis,
443 981 515 1024 ossa
533 961 616 1023 illius
632 962 764 1040 gemmis
781 957 1013 1040 pretiosissimis
1027 957 1151 1020 cariora
1168 963 1202 1018 et

185 1079 201 1112 «
223 1059 332 1137 quovis
346 1077 422 1121 auro
431 1060 558 1140 puriora
568 1060 762 1138 colligentes,
776 1059 829 1119 uhi
838 1057 968 1118 decebat
978 1054 1197 1134 deposuimus,

186 1175 201 1211 u
222 1173 285 1234 quo
301 1156 396 1216 etiam
410 1157 444 1218 iu
456 1158 538 1234 loco,
553 1157 655 1232 nobis,
672 1159 698 1218 si
712 1155 918 1236 lieri-poterit,
935 1152 1199 1214 convenientibus

185 1275 199 1308 ιι
219 1251 253 1312 in
279 1254 471 1316 exultatione
496 1261 527 1317 et
550 1255 677 1334 gaudio,
699 1255 851 1335 praebebit
881 1251 1033 1313 Dominus
1053 1251 1197 1311 natalem

181 1372 200 1404 u
220 1353 364 1431 martyrii
378 1351 519 1432 ejusdem
535 1371 607 1414 cum
623 1354 737 1434 gaudio
753 1352 923 1426 celebrare,
939 1356 1006 1411 tum
1022 1349 1055 1409 iu
1072 1367 1196 1410 memo-

180 1469 196 1502 «
218 1447 299 1508 riam
314 1467 422 1510 eorum
441 1450 496 1528 qui
510 1450 647 1528 glorioso
663 1451 833 1512 certamine
849 1447 1008 1528 perfuncti
1022 1451 1108 1520 sunt,
1126 1451 1196 1507 tum

179 1566 197 1599 «
217 1545 259 1604 ad
279 1551 421 1624 posteros
440 1547 623 1626 hujusmodi
643 1549 788 1628 exemplo
811 1545 998 1608 erudiendos
1020 1533 1051 1606 et
1073 1543 1193 1606 confir·

111 1648 117 1658 '
179 1665 194 1696 α
216 1643 348 1705 mandes
361 1668 390 1704 u.
406 1645 531 1725 (Euseh.
547 1645 629 1708 Hist.
644 1647 728 1721 ecci,
743 1647 797 1706 lib.
812 1646 862 1720 IV,
879 1663 948 1724 cap.
963 1641 1028 1724 xv.)

234 1742 274 1804 Ut
289 1750 503 1820 praecaveatur
518 1744 635 1805 abusus
650 1743 683 1805 in
698 1743 758 1804 hac
775 1741 918 1817 materia,
936 1747 1032 1821 atque
1047 1745 1192 1800 servetur

174 1836 229 1916 pia
242 1839 476 1917 praeteritorum
492 1843 677 1904 saeculorum
693 1841 831 1913 traditio,
846 1839 1014 1900 concilium
1029 1837 1189 1899 Tridenti-

174 1953 250 1994 uum
263 1935 357 2014 jussit
375 1944 410 1999 ut
427 1939 576 2019 Episcopi
594 1939 704 2001 sedulo
720 1938 903 2018 invigileut3
925 1935 1034 1997 statuit
1054 1959 1069 1990 «
1089 1952 1185 1995 novas

174 2053 190 2086 «
211 2032 361 2112 reliquias
380 2053 443 2096 non
460 2037 668 2116 recipiendas,
685 2033 744 2098 nisi
758 2039 1000 2113 recognoscente
1020 2038 1052 2093 et
1070 2049 1182 2111 appro-

172 2151 188 2185 «
206 2130 302 2192 bante
331 2133 497 2213 Episcopo.
527 2135 616 2207 Quod
642 2135 668 2195 si
689 2135 801 2214 aliquis
826 2133 941 2194 dubius
967 2135 1023 2192 aut
1046 2129 1185 2191 difficilis

171 2249 187 2283 α
209 2228 325 2290 abusus
344 2229 385 2290 sit
404 2232 618 2310 extirpandus,
639 2233 690 2293 vel
709 2232 837 2294 omnino
853 2230 960 2309 aliqua
977 2229 1016 2288 de
1032 2227 1071 2287 iis
1090 2227 1185 2288 rebus

168 2347 183 2380 (ι
208 2327 335 2402 gravior
353 2330 485 2407 quaestio
504 2329 633 2405 incidat,
657 2331 840 2410 Episcopus,
864 2334 1035 2406 autequam
1055 2329 1183 2386 contro·

169 2424 342 2486 «versiam
372 2427 512 2506 dirimat,
536 2429 771 2508 Metropolitani
802 2433 833 2489 et
865 2422 1183 2505 comprovincialium

164 2512 184 2574 ἰ(
203 2521 431 2602 Episcoporum
441 2525 473 2586 in
482 2526 614 2588 concilio
624 2525 811 2606 provinciali
821 2524 1010 2586 sententiam
1018 2525 1182 2600 expectet,

167 2639 182 2672 «
204 2617 249 2677 ita
270 2624 375 2680 tamen
398 2628 432 2683 ut
451 2623 542 2699 nihil,
564 2624 742 2686 inconsulto
762 2626 851 2684 Rom.
873 2619 1038 2692 Pontilice,
1060 2635 1180 2679 novum

165 2736 183 2770 «
203 2719 259 2774 aut
291 2716 444 2784 hacteuus
476 2720 659 2798 inusitatum
692 2721 724 2781 in
756 2719 895 2782 Ecclesia
929 2718 1117 2779 decernatur
1147 2739 1176 2774 u.

162 2809 258 2891 (Sese.
274 2813 359 2896 xxv.)

220 2911 384 2974 Distinctio
401 2913 438 2974 lit
453 2914 536 2976 inter
553 2915 702 2996 reliquias
719 2916 856 2995 insignes
873 2919 905 2976 et
923 2913 1073 2992 reliquias
1092 2930 1177 2973 com-

160 3025 280 3070 munes
300 3011 330 3072 S.
350 3011 477 3072 Rituum
494 3013 701 3092 congregatio
717 3014 889 3076 declaravit
905 3037 920 3068 (ι
935 3012 1087 3092 reliquias
1102 3011 1176 3072 insi·

162 3130 177 3160 u
192 3124 276 3184 gnes
289 3126 356 3168 esse
371 3127 495 3188 corpus,
511 3116 615 3190 caput,
632 3111 809 3186 brachium,
827 3130 907 3184 crus,
925 3116 980 3172 aut
993 3111 1083 3171 illam
1098 3129 1174 3190 par·

160 3225 176 3259 a
197 3208 261 3264 tem
277 3207 426 3284 corporis,
442 3207 475 3268 in
491 3226 553 3287 qua
565 3227 675 3288 passus
685 3214 732 3270 est
744 3213 874 3289 martyr,
889 3208 984 3270 modo
995 3209 1035 3269 sit
1046 3209 1175 3287 integre

157 3322 173 3356 ι(
197 3306 229 3361 et
251 3320 314 3364 non
338 3323 446 3383 parva,
470 3312 502 3368 et
523 3306 661 3386 legitime
686 3307 725 3367 ab
747 3306 913 3368 Ordinario
938 3307 1118 3386 approbata
1139 3329 1169 3369 a.

157 3395 258 3477 (Decr.
275 3402 315 3461 ab
330 3403 457 3464 Urbano
472 3405 539 3465 Vlll
557 3403 736 3484 approbat.)
751 3405 846 3466 Juxta
861 3403 986 3483 regulas
1000 3404 1041 3464 ab
1057 3403 1169 3465 eadem

156 3494 186 3554 S.
205 3496 317 3576 Gongr.
336 3501 482 3576 sancitas,
500 3502 652 3563 celebrari
665 3502 738 3562 licet
750 3501 889 3562 officium
904 3501 1044 3562 divinum
1060 3503 1171 3566 Sauoti

153 3590 186 3650 in
201 3593 340 3656 Ecclesia
352 3597 384 3656 in
398 3617 462 3678 qua
474 3605 653 3660 asservatur
664 3599 798 3678 reliquia
810 3598 951 3676 insignis,
967 3598 1099 3660 servatis
1110 3618 1167 3660 ru-

152 3687 246 3750 bricis
260 3691 420 3756 Breviarii.
460 3745 462 3748 ,
