2632 4260
192 233 228 289 48
543 239 634 290 raus
655 237 690 288 11.
711 237 839 288 chemel.

105 355 107 361 ’
194 383 211 416 «
226 359 267 420 ab
286 357 460 433 ordinibus,
481 376 517 420 ao
538 357 654 432 officio,
671 362 702 418 et
718 355 883 430 beneficio,
901 373 938 417 ao
956 356 1122 434 fructibus
1138 355 1222 418 red-

194 481 211 516 «
225 457 343 520 ditibus
358 461 389 518 et
403 457 609 538 proventibus
623 457 765 536 ipsorum
780 454 1007 516 beneficiorum
1020 474 1027 530 ;
1043 473 1174 518 necnon
1192 453 1224 515 si

193 580 209 613 «
222 555 481 634 semelcorrcpti,
496 555 602 616 denuo
616 555 649 615 in
661 553 723 615 hoc
739 552 940 632 deliquerint,
960 553 1057 615 etiam
1069 559 1127 634 per
1140 551 1220 632 pri·

193 677 209 712 u
224 653 385 715 nationem
407 652 585 714 officiorum
609 658 640 713 et
661 651 890 734 beneficiorum
911 651 1098 730 hujusmodi
1118 669 1221 712 coer·

195 775 211 809 a
226 751 290 814 ceri
308 751 431 831 possint
454 757 484 812 et
507 750 644 812 debeant
668 768 675 810 :
698 749 957 811 constitutionem
981 748 1152 832 Clementis
1176 747 1222 822 V,
1286 791 1287 794 ,

197 850 258 911 uin
282 849 415 912 concilio
443 848 614 913 Viennensi
641 848 775 923 editam,
806 865 876 927 quae
903 846 1014 926 incipit
1043 845 1221 922 Quoniam,

196 948 410 1011 «innovando
429 953 461 1010 et
482 947 677 1028 ampliando.
694 967 708 1006 o
736 945 829 1028 (Sess
851 963 913 1021 inv,
935 963 1005 1024 cap.
1026 961 1067 1020 vr,
1088 943 1135 1006 De
1153 943 1225 1006 ne·

194 1045 300 1128 form-l
1286 1063 1287 1126 l

254 1147 420 1205 Decretum
431 1144 558 1207 concilii
567 1162 607 1204 ex
615 1143 740 1224 integro
754 1143 929 1218 retulimus,
943 1142 1124 1221 utquisque
1138 1157 1224 1220 per·
1266 1175 1271 1184 ·

193 1243 312 1323 pendat
341 1243 531 1322 gravitatem
556 1241 727 1302 verborum
754 1240 868 1322 quibus
895 1242 1006 1301 Patres
1036 1236 1225 1299 Tridentini
1286 1227 1287 1292 l

194 1345 332 1420 arguunt
350 1339 481 1400 clericos
500 1338 555 1419 qui
574 1339 719 1401 deferunt
738 1338 1003 1414 vestes-laicales;
1025 1335 1093 1398 haeo
1114 1335 1222 1410 enim,

194 1435 289 1498 simul
302 1455 339 1496 ac
350 1454 452 1516 poenae
467 1442 578 1497 contra
590 1437 809 1517 delinquentes
824 1437 909 1513 latae,
922 1435 1071 1496 evincunt
1080 1450 1226 1514 peccare

194 1534 356 1595 lethaliter
367 1533 601 1596 clericossacris
610 1535 773 1595 ordinibus
783 1534 933 1609 initiatos,
945 1530 1224 1594 autbeneliciatos
1286 1587 1287 1590 ,

196 1631 251 1711 qui
266 1632 313 1692 sui
329 1631 449 1693 ordinis
462 1639 563 1694 vestes
576 1652 640 1694 non
655 1633 810 1693 deferunt.
828 1633 962 1705 Quidam
975 1630 1123 1690 dixerunt
1137 1647 1221 1709 pec·
1286 1643 1287 1656 ¹

196 1733 303 1790 catum
319 1749 383 1792 non
397 1749 463 1791 essc
476 1731 623 1806 mortale,
638 1731 664 1791 si
679 1731 760 1791 desit
773 1729 973 1791 contumacia
985 1733 1040 1789 aut
1055 1731 1224 1806 contemp-

195 1832 257 1904 tus,
281 1847 335 1889 seu
357 1829 535 1908 periculum
560 1828 720 1903 scandali;
751 1850 765 1886 u
786 1829 841 1889 sed
866 1826 1060 1890 contrarium
1084 1824 1221 1886 omnino

203 1945 218 1984 o
232 1928 405 1987 tenendum
429 1932 485 1999 est,
513 1927 557 1987 ait
579 1931 705 1987 sanctus
726 1925 820 2005 Alph.
845 1925 883 1985 de
908 1924 1046 2002 Lignori,
1076 1923 1153 2003 quia
1179 1941 1223 1984 cx

203 2024 367 2086 «concilio
392 2029 481 2104 patet
503 2024 606 2103 ipsam
633 2023 825 2085 delationem
852 2023 981 2084 habitus
1003 2021 1125 2083 laicalis
1149 2038 1225 2082 esse
1286 2095 1287 2102 ἵ

201 2145 216 2176 «
231 2122 506 2201 parvipensionem
526 2121 656 2183 honoris
677 2121 846 2197 clericalis3
865 2121 911 2182 ita
930 2119 1180 2182 communiter...
1201 2140 1221 2201 n

199 2217 276 2300 (Lib.
294 2221 345 2298 Vl,
360 2230 393 2280 n⁰
408 2219 493 2301 825.)

257 2318 487 2400 Excipiendum
504 2336 511 2379 :
528 2319 559 2376 l0
572 2317 598 2377 si
611 2317 644 2377 id
655 2317 812 2378 rarissime
828 2317 895 2391 fiat,
910 2317 950 2378 ad
962 2317 1057 2377 breve
1071 2321 1223 2394 tempus;

196 2413 257 2474 nisi
272 2420 378 2476 tamen
395 2415 520 2477 statutis
535 2414 721 2475 dioecesanis
736 2415 958 2493 pronuntietur
972 2432 1069 2494 poena
1083 2430 1219 2492 suspen·

197 2510 293 2571 sionis
314 2513 347 2571 in
366 2512 437 2572 illos
458 2512 512 2591 qui
531 2510 582 2572 vol
602 2511 698 2572 semel
715 2512 749 2572 in
765 2513 928 2592 publicum
948 2510 1224 2591 progrederentur
1276 2537 1278 2542 ·

198 2627 270 2669 cum
282 2614 368 2670 veste
382 2608 488 2670 laicali
499 2617 509 2684 ;“
518 2609 587 2670 hacc
598 2609 683 2670 enirn
693 2629 788 2689 poena
802 2610 921 2671 iudicat
934 2608 1135 2689 prohibitum
1150 2625 1222 2670 esse

197 2706 257 2766 sub
273 2707 360 2784 gravi
376 2725 415 2768 ne
433 2707 564 2768 clericus
580 2727 672 2769 suum
687 2708 833 2769 habitum
850 2709 984 2770 deserat.
1001 2707 1138 2768 Aliunde
1153 2723 1222 2767 non

198 2803 347 2864 excidant
364 2824 380 2865 e
400 2805 554 2866 memoria
567 2807 666 2868 verba
684 2806 810 2868 concilii
827 2824 834 2866 :
854 2805 977 2888 Oportet
990 2805 1110 2866 clericos
1124 2813 1224 2866 vestes

196 2901 324 2982 proprio
337 2901 437 2960 ordcbi
450 2913 644 2983 conpatientes
658 2921 773 2966 scursa
788 2903 917 2982 deferre.

258 2998 558 3077 Excipiendum12⁰
582 3001 607 3061 si
624 3001 657 3061 id
674 3000 731 3062 liat
751 3000 932 3062 rationabili
956 3018 1061 3076 causa,
1087 3005 1168 3080 puta
1192 3003 1223 3063 si

198 3101 312 3177 urgeat
327 3096 505 3176 periculum
523 3099 750 3178 persecutionis
766 3099 798 3159 in
815 3099 955 3176 clericos,
973 3099 1024 3160 vel
1038 3097 1064 3158 si
1083 3098 1222 3161 clericus

199 3193 239 3256 sit
252 3195 285 3255 in
299 3195 422 3257 itinero.

258 3293 409 3373 Exceptio
419 3294 493 3355 data
503 3313 562 3374 pro
572 3313 646 3358 casu
654 3295 775 3358 itineris
785 3314 850 3357 non
859 3314 897 3356 co
906 3313 1000 3356 sensu
1009 3294 1223 3374 intelligenda

198 3395 257 3467 cst,
281 3397 315 3451 ut
337 3392 450 3453 clerico
472 3390 570 3454 liceat
587 3395 708 3455 deferre
729 3400 831 3456 vestes
853 3393 982 3454 omnino
1003 3392 1143 3467 laicales,
1167 3391 1222 3454 vel

199 3504 257 3566 per
276 3492 379 3550 totum
398 3496 524 3580 tempus
544 3511 608 3572 quo
628 3493 806 3554 remanebit
826 3496 917 3554 extra
938 3491 1044 3552 locum
1066 3489 1222 3552 domicilii
1243 3549 1245 3554 ,

200 3602 315 3652 exuere
330 3586 474 3650 habitum
490 3591 654 3670 proprium
674 3591 721 3652 sui
739 3589 875 3665 ordinis;
893 3590 948 3652 sed
963 3609 1001 3652 eo
1018 3587 1222 3651 solummodo

200 3701 292 3750 sensu
307 3690 342 3747 ut
357 3686 404 3748 fas
421 3687 460 3748 sit
474 3694 576 3750 vestes
592 3689 682 3765 alias,
701 3690 796 3751 modo
813 3688 983 3766 modestas,
1001 3687 1124 3751 deferre
1140 3683 1219 3748 dum
