<?xml version="1.0" encoding="UTF-8"?>
<!DOCTYPE html PUBLIC "-//W3C//DTD XHTML 1.0 Transitional//EN"
    "http://www.w3.org/TR/xhtml1/DTD/xhtml1-transitional.dtd">
<html xmlns="http://www.w3.org/1999/xhtml" xml:lang="en" lang="en">
 <head>
  <title>
</title>
<meta http-equiv="Content-Type" content="text/html;charset=utf-8" />
  <meta name='ocr-system' content='tesseract 3.04.00' />
  <meta name='ocr-capabilities' content='ocr_page ocr_carea ocr_par ocr_line ocrx_word'/>
</head>
<body>
  <div class='ocr_page' id='page_1' title='image "./praelectionesju00murrgoog_0245.png"; bbox 0 0 2588 4276; ppageno 0'>
   <div class='ocr_carea' id='block_1_1' title="bbox 219 230 891 286">
    <p class='ocr_par' dir='ltr' id='par_1_1' title="bbox 219 230 891 286">
     <span class='ocr_line' id='line_1_1' title="bbox 219 230 891 286; baseline -0.003 -2"><span class='ocrx_word' id='word_1_1' title='bbox 219 230 272 285; x_wconf 75' lang='lat'><strong>232</strong></span> <span class='ocrx_word' id='word_1_2' title='bbox 558 235 631 286; x_wconf 77' lang='lat' dir='ltr'><strong>slus</strong></span> <span class='ocrx_word' id='word_1_3' title='bbox 651 236 683 285; x_wconf 88' lang='lat'><strong>11.</strong></span> <span class='ocrx_word' id='word_1_4' title='bbox 705 235 891 286; x_wconf 68' lang='lat' dir='ltr'><strong>assotians.</strong></span> 
     </span>
    </p>
   </div>
   <div class='ocr_carea' id='block_1_2' title="bbox 131 354 1271 3784">
    <p class='ocr_par' dir='ltr' id='par_1_2' title="bbox 218 354 1224 616">
     <span class='ocr_line' id='line_1_2' title="bbox 219 354 1224 436; baseline -0.001 -19"><span class='ocrx_word' id='word_1_5' title='bbox 219 355 419 436; x_wconf 78' lang='lat' dir='ltr'>approbavit,</span> <span class='ocrx_word' id='word_1_6' title='bbox 439 355 514 435; x_wconf 90' lang='lat' dir='ltr'><strong>quia</strong></span> <span class='ocrx_word' id='word_1_7' title='bbox 536 355 660 434; x_wconf 86' lang='lat' dir='ltr'><strong>adjecto</strong></span> <span class='ocrx_word' id='word_1_8' title='bbox 679 360 753 416; x_wconf 92' lang='lat' dir='ltr'><strong>voto</strong></span> <span class='ocrx_word' id='word_1_9' title='bbox 775 355 1016 434; x_wconf 70' lang='lat' dir='ltr'><strong>perseverantia</strong></span> <span class='ocrx_word' id='word_1_10' title='bbox 1039 354 1224 416; x_wconf 85' lang='lat' dir='ltr'><strong>sufficienter</strong></span> 
     </span>
     <span class='ocr_line' id='line_1_3' title="bbox 219 453 1224 534; baseline 0.001 -20"><span class='ocrx_word' id='word_1_11' title='bbox 219 461 344 515; x_wconf 88' lang='lat' dir='ltr'><strong>cautum</strong></span> <span class='ocrx_word' id='word_1_12' title='bbox 356 455 458 516; x_wconf 89' lang='lat' dir='ltr'><strong>visum</strong></span> <span class='ocrx_word' id='word_1_13' title='bbox 472 460 519 515; x_wconf 92' lang='lat' dir='ltr'><strong>est</strong></span> <span class='ocrx_word' id='word_1_14' title='bbox 531 453 696 515; x_wconf 81' lang='lat' dir='ltr'><strong>stabilitati</strong></span> <span class='ocrx_word' id='word_1_15' title='bbox 706 454 777 514; x_wconf 83' lang='lat' dir='ltr'><strong>vitae</strong></span> <span class='ocrx_word' id='word_1_16' title='bbox 788 453 954 531; x_wconf 83' lang='lat' dir='ltr'><strong>regularis,</strong></span> <span class='ocrx_word' id='word_1_17' title='bbox 971 453 1057 534; x_wconf 90' lang='lat' dir='ltr'><strong>quod</strong></span> <span class='ocrx_word' id='word_1_18' title='bbox 1073 454 1224 533; x_wconf 77' lang='lat' dir='ltr'><strong>pracipue</strong></span> 
     </span>
     <span class='ocr_line' id='line_1_4' title="bbox 218 551 582 616; baseline 0.008 -5"><span class='ocrx_word' id='word_1_19' title='bbox 218 551 397 614; x_wconf 84' lang='lat' dir='ltr'><strong>intenderat</strong></span> <span class='ocrx_word' id='word_1_20' title='bbox 412 556 443 616; x_wconf 88' lang='lat' dir='ltr'><strong>S.</strong></span> <span class='ocrx_word' id='word_1_21' title='bbox 460 553 535 614; x_wconf 89' lang='lat' dir='ltr'><strong>Pius</strong></span> <span class='ocrx_word' id='word_1_22' title='bbox 546 553 582 614; x_wconf 80' lang='lat' dir='ltr'><strong>V.</strong></span> 
     </span>
    </p>

    <p class='ocr_par' dir='ltr' id='par_1_3' title="bbox 213 651 1226 1328">
     <span class='ocr_line' id='line_1_5' title="bbox 277 651 1222 731; baseline -0.003 -16"><span class='ocrx_word' id='word_1_23' title='bbox 277 653 329 715; x_wconf 91' lang='grc' dir='ltr'><strong>ΙΙΙ.</strong></span> <span class='ocrx_word' id='word_1_24' title='bbox 345 654 401 713; x_wconf 79' lang='lat' dir='ltr'><strong>Est</strong></span> <span class='ocrx_word' id='word_1_25' title='bbox 414 652 512 728; x_wconf 83' lang='lat' dir='ltr'><strong>igitur</strong></span> <span class='ocrx_word' id='word_1_26' title='bbox 522 656 817 731; x_wconf 81' lang='lat' dir='ltr'><strong>temperamentum,</strong></span> <span class='ocrx_word' id='word_1_27' title='bbox 830 652 927 730; x_wconf 81' lang='lat' dir='ltr'><strong>longa</strong></span> <span class='ocrx_word' id='word_1_28' title='bbox 941 651 1222 714; x_wconf 90' lang='lat' dir='ltr'><strong>consuctudinein-</strong></span> 
     </span>
     <span class='ocr_line' id='line_1_6' title="bbox 218 748 1224 830; baseline 0 -19"><span class='ocrx_word' id='word_1_29' title='bbox 218 752 359 823; x_wconf 89' lang='lat' dir='ltr'><strong>ductum,</strong></span> <span class='ocrx_word' id='word_1_30' title='bbox 384 750 566 830; x_wconf 88' lang='lat' dir='ltr'><strong>hujusmodi</strong></span> <span class='ocrx_word' id='word_1_31' title='bbox 593 750 860 830; x_wconf 76' lang='lat' dir='ltr'><strong>Congregationes</strong></span> <span class='ocrx_word' id='word_1_32' title='bbox 885 751 1002 812; x_wconf 89' lang='lat' dir='ltr'><strong>tentari</strong></span> <span class='ocrx_word' id='word_1_33' title='bbox 1027 756 1059 811; x_wconf 88' lang='lat' dir='ltr'><strong>et</strong></span> <span class='ocrx_word' id='word_1_34' title='bbox 1086 748 1224 812; x_wconf 89' lang='lat' dir='ltr'><strong>inchoari</strong></span> 
     </span>
     <span class='ocr_line' id='line_1_7' title="bbox 217 849 1222 934; baseline 0 -24"><span class='ocrx_word' id='word_1_35' title='bbox 217 868 319 929; x_wconf 89' lang='lat' dir='ltr'><strong>posse,</strong></span> <span class='ocrx_word' id='word_1_36' title='bbox 337 867 409 910; x_wconf 89' lang='lat' dir='ltr'><strong>cum</strong></span> <span class='ocrx_word' id='word_1_37' title='bbox 424 849 488 912; x_wconf 87' lang='lat' dir='ltr'><strong>suis</strong></span> <span class='ocrx_word' id='word_1_38' title='bbox 504 851 628 912; x_wconf 89' lang='lat' dir='ltr'><strong>statutis</strong></span> <span class='ocrx_word' id='word_1_39' title='bbox 642 869 679 912; x_wconf 88' lang='lat' dir='ltr'><strong>ac</strong></span> <span class='ocrx_word' id='word_1_40' title='bbox 691 851 774 912; x_wconf 86' lang='lat' dir='ltr'><strong>votis</strong></span> <span class='ocrx_word' id='word_1_41' title='bbox 789 849 996 934; x_wconf 74' lang='lat' dir='ltr'><strong>simplicibus,</strong></span> <span class='ocrx_word' id='word_1_42' title='bbox 1014 850 1072 910; x_wconf 92' lang='lat' dir='ltr'><strong>sub</strong></span> <span class='ocrx_word' id='word_1_43' title='bbox 1085 851 1222 910; x_wconf 87' lang='lat' dir='ltr'><strong>auctori·</strong></span> 
     </span>
     <span class='ocr_line' id='line_1_8' title="bbox 217 947 1226 1028; baseline 0 -20"><span class='ocrx_word' id='word_1_44' title='bbox 217 953 281 1009; x_wconf 89' lang='lat' dir='ltr'><strong>tate</strong></span> <span class='ocrx_word' id='word_1_45' title='bbox 299 948 537 1028; x_wconf 76' lang='lat' dir='ltr'><strong>Episcoporum.</strong></span> <span class='ocrx_word' id='word_1_46' title='bbox 560 949 641 1022; x_wconf 83' lang='lat' dir='ltr'><strong>Quin</strong></span> <span class='ocrx_word' id='word_1_47' title='bbox 662 949 758 1010; x_wconf 87' lang='lat' dir='ltr'><strong>etiam</strong></span> <span class='ocrx_word' id='word_1_48' title='bbox 778 949 925 1028; x_wconf 86' lang='lat' dir='ltr'><strong>expedire</strong></span> <span class='ocrx_word' id='word_1_49' title='bbox 936 947 1116 1026; x_wconf 85' lang='lat' dir='ltr'><strong>judicatum</strong></span> <span class='ocrx_word' id='word_1_50' title='bbox 1133 953 1177 1009; x_wconf 88' lang='lat' dir='ltr'><strong>est</strong></span> <span class='ocrx_word' id='word_1_51' title='bbox 1191 955 1226 1009; x_wconf 92' lang='lat' dir='ltr'><strong>ut</strong></span> 
     </span>
     <span class='ocr_line' id='line_1_9' title="bbox 216 1046 1226 1126; baseline -0.001 -19"><span class='ocrx_word' id='word_1_52' title='bbox 216 1065 273 1124; x_wconf 85' lang='lat' dir='ltr'><strong>per</strong></span> <span class='ocrx_word' id='word_1_53' title='bbox 287 1053 407 1108; x_wconf 88' lang='lat' dir='ltr'><strong>certum</strong></span> <span class='ocrx_word' id='word_1_54' title='bbox 422 1052 548 1126; x_wconf 87' lang='lat' dir='ltr'><strong>tempus</strong></span> <span class='ocrx_word' id='word_1_55' title='bbox 560 1047 628 1108; x_wconf 86' lang='lat' dir='ltr'><strong>haec</strong></span> <span class='ocrx_word' id='word_1_56' title='bbox 638 1047 783 1108; x_wconf 87' lang='lat' dir='ltr'><strong>instituta</strong></span> <span class='ocrx_word' id='word_1_57' title='bbox 795 1053 959 1126; x_wconf 86' lang='lat' dir='ltr'><strong>expertam</strong></span> <span class='ocrx_word' id='word_1_58' title='bbox 970 1046 1141 1106; x_wconf 85' lang='lat' dir='ltr'><strong>habuerint</strong></span> <span class='ocrx_word' id='word_1_59' title='bbox 1152 1065 1226 1106; x_wconf 90' lang='lat' dir='ltr'><strong>oon-</strong></span> 
     </span>
     <span class='ocr_line' id='line_1_10' title="bbox 215 1143 1226 1220; baseline 0 -16"><span class='ocrx_word' id='word_1_60' title='bbox 215 1143 407 1207; x_wconf 88' lang='lat' dir='ltr'><strong>venientiam</strong></span> <span class='ocrx_word' id='word_1_61' title='bbox 422 1164 552 1208; x_wconf 88' lang='lat' dir='ltr'><strong>suorum</strong></span> <span class='ocrx_word' id='word_1_62' title='bbox 572 1150 773 1220; x_wconf 88' lang='lat' dir='ltr'><strong>statutorum,</strong></span> <span class='ocrx_word' id='word_1_63' title='bbox 798 1145 899 1206; x_wconf 90' lang='lat' dir='ltr'><strong>donec</strong></span> <span class='ocrx_word' id='word_1_64' title='bbox 919 1163 1061 1208; x_wconf 89' lang='lat' dir='ltr'><strong>summus</strong></span> <span class='ocrx_word' id='word_1_65' title='bbox 1081 1144 1226 1207; x_wconf 76' lang='lat' dir='ltr'><strong>Pontifex</strong></span> 
     </span>
     <span class='ocr_line' id='line_1_11' title="bbox 213 1242 604 1328; baseline 0.013 -26"><span class='ocrx_word' id='word_1_66' title='bbox 213 1242 269 1304; x_wconf 90' lang='lat' dir='ltr'><strong>illa</strong></span> <span class='ocrx_word' id='word_1_67' title='bbox 282 1245 447 1322; x_wconf 89' lang='lat' dir='ltr'><strong>approbet.</strong></span> <span class='ocrx_word' id='word_1_68' title='bbox 600 1319 604 1328; x_wconf 31' lang='grc' dir='ltr'>Ι</span> 
     </span>
    </p>

    <p class='ocr_par' dir='ltr' id='par_1_4' title="bbox 274 1341 1224 1421">
     <span class='ocr_line' id='line_1_12' title="bbox 274 1341 1224 1421; baseline -0.001 -19"><span class='ocrx_word' id='word_1_69' title='bbox 274 1342 461 1421; x_wconf 79' lang='lat' dir='ltr'><strong>Exemplum</strong></span> <span class='ocrx_word' id='word_1_70' title='bbox 487 1343 641 1404; x_wconf 86' lang='lat' dir='ltr'><strong>memoria</strong></span> <span class='ocrx_word' id='word_1_71' title='bbox 667 1343 886 1420; x_wconf 83' lang='lat' dir='ltr'><strong>dignissimum</strong></span> <span class='ocrx_word' id='word_1_72' title='bbox 914 1341 1010 1420; x_wconf 88' lang='lat' dir='ltr'><strong>hujus</strong></span> <span class='ocrx_word' id='word_1_73' title='bbox 1039 1341 1224 1414; x_wconf 88' lang='lat' dir='ltr'><strong>tolerantiae,</strong></span> 
     </span>
    </p>

    <p class='ocr_par' dir='ltr' id='par_1_5' title="bbox 131 1439 1225 2012">
     <span class='ocr_line' id='line_1_13' title="bbox 163 1439 1224 1521; baseline 0 -21"><span class='ocrx_word' id='word_1_74' title='bbox 163 1447 166 1454; x_wconf 88' lang='grc'><strong>“</strong></span> <span class='ocrx_word' id='word_1_75' title='bbox 213 1440 278 1501; x_wconf 89' lang='lat' dir='ltr'><strong>imo</strong></span> <span class='ocrx_word' id='word_1_76' title='bbox 293 1445 325 1501; x_wconf 89' lang='lat' dir='ltr'><strong>et</strong></span> <span class='ocrx_word' id='word_1_77' title='bbox 337 1458 482 1501; x_wconf 84' lang='lat' dir='ltr'><strong>assensus</strong></span> <span class='ocrx_word' id='word_1_78' title='bbox 499 1441 595 1515; x_wconf 87' lang='lat' dir='ltr'><strong>taciti,</strong></span> <span class='ocrx_word' id='word_1_79' title='bbox 612 1442 778 1503; x_wconf 88' lang='lat' dir='ltr'><strong>retulimus</strong></span> <span class='ocrx_word' id='word_1_80' title='bbox 793 1441 899 1521; x_wconf 89' lang='lat' dir='ltr'><strong>quoad</strong></span> <span class='ocrx_word' id='word_1_81' title='bbox 914 1445 1088 1502; x_wconf 90' lang='lat' dir='ltr'><strong>conventus</strong></span> <span class='ocrx_word' id='word_1_82' title='bbox 1105 1439 1224 1500; x_wconf 87' lang='lat' dir='ltr'><strong>Tertia·</strong></span> 
     </span>
     <span class='ocr_line' id='line_1_14' title="bbox 131 1538 1225 1620; baseline 0.002 -24"><span class='ocrx_word' id='word_1_83' title='bbox 131 1564 133 1570; x_wconf 95' lang='lat'>·</span> <span class='ocrx_word' id='word_1_84' title='bbox 166 1601 168 1604; x_wconf 63' lang='grc'><strong>,</strong></span> <span class='ocrx_word' id='word_1_85' title='bbox 214 1538 345 1600; x_wconf 88' lang='lat' dir='ltr'><strong>riorum.</strong></span> <span class='ocrx_word' id='word_1_86' title='bbox 363 1539 460 1600; x_wconf 90' lang='lat' dir='ltr'><strong>Nemo</strong></span> <span class='ocrx_word' id='word_1_87' title='bbox 476 1539 603 1600; x_wconf 85' lang='lat' dir='ltr'><strong>aliunde</strong></span> <span class='ocrx_word' id='word_1_88' title='bbox 618 1540 744 1619; x_wconf 86' lang='lat' dir='ltr'><strong>ignorat</strong></span> <span class='ocrx_word' id='word_1_89' title='bbox 759 1545 846 1620; x_wconf 89' lang='lat' dir='ltr'><strong>quot,</strong></span> <span class='ocrx_word' id='word_1_90' title='bbox 863 1559 882 1601; x_wconf 88' lang='lat' dir='ltr'><strong>a</strong></span> <span class='ocrx_word' id='word_1_91' title='bbox 897 1543 1023 1601; x_wconf 90' lang='lat' dir='ltr'><strong>centum</strong></span> <span class='ocrx_word' id='word_1_92' title='bbox 1037 1538 1162 1599; x_wconf 81' lang='lat' dir='ltr'><strong>circiter</strong></span> <span class='ocrx_word' id='word_1_93' title='bbox 1173 1557 1225 1598; x_wconf 91' lang='lat' dir='ltr'><strong>an-</strong></span> 
     </span>
     <span class='ocr_line' id='line_1_15' title="bbox 214 1635 1224 1717; baseline -0.001 -20"><span class='ocrx_word' id='word_1_94' title='bbox 214 1635 272 1710; x_wconf 89' lang='lat' dir='ltr'><strong>uis,</strong></span> <span class='ocrx_word' id='word_1_95' title='bbox 285 1635 433 1699; x_wconf 74' lang='lat' dir='ltr'><strong>&#39;formatae</strong></span> <span class='ocrx_word' id='word_1_96' title='bbox 449 1637 511 1698; x_wconf 89' lang='lat' dir='ltr'><strong>sint</strong></span> <span class='ocrx_word' id='word_1_97' title='bbox 524 1639 789 1717; x_wconf 80' lang='lat' dir='ltr'><strong>Congregatioues</strong></span> <span class='ocrx_word' id='word_1_98' title='bbox 802 1638 971 1699; x_wconf 86' lang='lat' dir='ltr'><strong>mulierum</strong></span> <span class='ocrx_word' id='word_1_99' title='bbox 983 1638 1016 1698; x_wconf 91' lang='lat' dir='ltr'><strong>in</strong></span> <span class='ocrx_word' id='word_1_100' title='bbox 1031 1636 1151 1710; x_wconf 89' lang='lat' dir='ltr'><strong>Galliis,</strong></span> <span class='ocrx_word' id='word_1_101' title='bbox 1168 1637 1224 1697; x_wconf 91' lang='lat' dir='ltr'><strong>sub</strong></span> 
     </span>
     <span class='ocr_line' id='line_1_16' title="bbox 213 1734 1223 1841; baseline 0.001 -48"><span class='ocrx_word' id='word_1_102' title='bbox 213 1734 365 1812; x_wconf 76' lang='lat' dir='ltr'><strong>regimine</strong></span> <span class='ocrx_word' id='word_1_103' title='bbox 380 1735 619 1816; x_wconf 80' lang='lat' dir='ltr'><strong>Episcoporum,</strong></span> <span class='ocrx_word' id='word_1_104' title='bbox 637 1756 716 1817; x_wconf 92' lang='lat' dir='ltr'><strong>quas</strong></span> <span class='ocrx_word' id='word_1_105' title='bbox 730 1739 852 1841; x_wconf 53' lang='lat' dir='ltr'><strong>‘Sancta</strong></span> <span class='ocrx_word' id='word_1_106' title='bbox 866 1736 963 1798; x_wconf 85' lang='lat' dir='ltr'><strong>Sedes</strong></span> <span class='ocrx_word' id='word_1_107' title='bbox 980 1734 1102 1796; x_wconf 86' lang='lat' dir='ltr'><strong>eximiis</strong></span> <span class='ocrx_word' id='word_1_108' title='bbox 1121 1735 1223 1794; x_wconf 90' lang='lat' dir='ltr'><strong>laudi-</strong></span> 
     </span>
     <span class='ocr_line' id='line_1_17' title="bbox 213 1831 1225 1916; baseline -0.001 -24"><span class='ocrx_word' id='word_1_109' title='bbox 213 1831 272 1892; x_wconf 92' lang='lat' dir='ltr'><strong>bus</strong></span> <span class='ocrx_word' id='word_1_110' title='bbox 293 1833 481 1910; x_wconf 85' lang='lat' dir='ltr'><strong>honestavit,</strong></span> <span class='ocrx_word' id='word_1_111' title='bbox 511 1835 683 1915; x_wconf 75' lang='lat' dir='ltr'><strong>gratiisque</strong></span> <span class='ocrx_word' id='word_1_112' title='bbox 709 1835 927 1916; x_wconf 88' lang='lat' dir='ltr'><strong>spiritualibus</strong></span> <span class='ocrx_word' id='word_1_113' title='bbox 954 1833 1107 1914; x_wconf 63' lang='lat' dir='ltr'><strong>benigno!</strong></span> <span class='ocrx_word' id='word_1_114' title='bbox 1121 1833 1225 1894; x_wconf 86' lang='lat' dir='ltr'><strong>lavore</strong></span> 
     </span>
     <span class='ocr_line' id='line_1_18' title="bbox 213 1930 721 2012; baseline 0.016 -22"><span class='ocrx_word' id='word_1_115' title='bbox 213 1930 334 2006; x_wconf 91' lang='lat' dir='ltr'><strong>ditavit,</strong></span> <span class='ocrx_word' id='word_1_116' title='bbox 351 1932 469 1992; x_wconf 90' lang='lat' dir='ltr'><strong>nedum</strong></span> <span class='ocrx_word' id='word_1_117' title='bbox 483 1933 721 2012; x_wconf 85' lang='lat' dir='ltr'><strong>improbaverit.</strong></span> 
     </span>
    </p>

    <p class='ocr_par' dir='ltr' id='par_1_6' title="bbox 131 2029 1224 3099">
     <span class='ocr_line' id='line_1_19' title="bbox 273 2029 1224 2114; baseline -0.001 -24"><span class='ocrx_word' id='word_1_118' title='bbox 273 2030 389 2090; x_wconf 88' lang='lat' dir='ltr'><strong>Sancta</strong></span> <span class='ocrx_word' id='word_1_119' title='bbox 404 2030 499 2092; x_wconf 84' lang='lat' dir='ltr'><strong>Sedes</strong></span> <span class='ocrx_word' id='word_1_120' title='bbox 512 2032 623 2093; x_wconf 89' lang='lat' dir='ltr'><strong>eodem</strong></span> <span class='ocrx_word' id='word_1_121' title='bbox 634 2035 729 2094; x_wconf 91' lang='lat' dir='ltr'><strong>modo</strong></span> <span class='ocrx_word' id='word_1_122' title='bbox 741 2035 806 2114; x_wconf 82' lang='lat' dir='ltr'><strong>egit</strong></span> <span class='ocrx_word' id='word_1_123' title='bbox 815 2052 891 2110; x_wconf 83' lang='lat' dir='ltr'><strong>erga</strong></span> <span class='ocrx_word' id='word_1_124' title='bbox 903 2030 1170 2110; x_wconf 77' lang='lat' dir='ltr'><strong>Congregatioues</strong></span> <span class='ocrx_word' id='word_1_125' title='bbox 1183 2029 1224 2090; x_wconf 92' lang='lat' dir='ltr'><strong>vi·</strong></span> 
     </span>
     <span class='ocr_line' id='line_1_20' title="bbox 212 2129 1223 2211; baseline 0.002 -25"><span class='ocrx_word' id='word_1_126' title='bbox 212 2145 338 2204; x_wconf 80' lang='lat' dir='ltr'><strong>rorum3</strong></span> <span class='ocrx_word' id='word_1_127' title='bbox 363 2129 471 2207; x_wconf 90' lang='lat' dir='ltr'><strong>plures</strong></span> <span class='ocrx_word' id='word_1_128' title='bbox 498 2130 763 2211; x_wconf 81' lang='lat' dir='ltr'><strong>Congregationes</strong></span> <span class='ocrx_word' id='word_1_129' title='bbox 792 2131 979 2192; x_wconf 87' lang='lat' dir='ltr'><strong>clericorum</strong></span> <span class='ocrx_word' id='word_1_130' title='bbox 1001 2134 1112 2190; x_wconf 91' lang='lat' dir='ltr'><strong>nostra</strong></span> <span class='ocrx_word' id='word_1_131' title='bbox 1133 2133 1223 2190; x_wconf 76' lang='lat' dir='ltr'><strong>atate</strong></span> 
     </span>
     <span class='ocr_line' id='line_1_21' title="bbox 210 2226 1224 2309; baseline -0.001 -22"><span class='ocrx_word' id='word_1_132' title='bbox 210 2226 361 2287; x_wconf 83' lang='lat' dir='ltr'><strong>institutae</strong></span> <span class='ocrx_word' id='word_1_133' title='bbox 382 2232 454 2287; x_wconf 91' lang='lat' dir='ltr'><strong>sunt</strong></span> <span class='ocrx_word' id='word_1_134' title='bbox 475 2247 547 2289; x_wconf 92' lang='lat' dir='ltr'><strong>cum</strong></span> <span class='ocrx_word' id='word_1_135' title='bbox 568 2230 651 2291; x_wconf 86' lang='lat' dir='ltr'><strong>votis</strong></span> <span class='ocrx_word' id='word_1_136' title='bbox 672 2230 882 2309; x_wconf 76' lang='lat' dir='ltr'><strong>simplicibuS,</strong></span> <span class='ocrx_word' id='word_1_137' title='bbox 904 2247 983 2308; x_wconf 89' lang='lat' dir='ltr'><strong>quas</strong></span> <span class='ocrx_word' id='word_1_138' title='bbox 1004 2226 1224 2288; x_wconf 80' lang='lat' dir='ltr'><strong>inchoationes</strong></span> 
     </span>
     <span class='ocr_line' id='line_1_22' title="bbox 211 2325 1222 2406; baseline -0.003 -20"><span class='ocrx_word' id='word_1_139' title='bbox 211 2325 351 2386; x_wconf 86' lang='lat' dir='ltr'><strong>Ecclesia</strong></span> <span class='ocrx_word' id='word_1_140' title='bbox 371 2327 516 2388; x_wconf 87' lang='lat' dir='ltr'><strong>Romana</strong></span> <span class='ocrx_word' id='word_1_141' title='bbox 542 2333 649 2406; x_wconf 75' lang='lat' dir='ltr'><strong>gratas</strong></span> <span class='ocrx_word' id='word_1_142' title='bbox 673 2329 789 2390; x_wconf 87' lang='lat' dir='ltr'><strong>habere</strong></span> <span class='ocrx_word' id='word_1_143' title='bbox 813 2328 980 2390; x_wconf 85' lang='lat' dir='ltr'><strong>testificata</strong></span> <span class='ocrx_word' id='word_1_144' title='bbox 1000 2330 1049 2387; x_wconf 86' lang='lat' dir='ltr'><strong>est</strong></span> <span class='ocrx_word' id='word_1_145' title='bbox 1070 2325 1222 2386; x_wconf 88' lang='lat' dir='ltr'><strong>Brevibus</strong></span> 
     </span>
     <span class='ocr_line' id='line_1_23' title="bbox 211 2423 1223 2505; baseline 0.002 -23"><span class='ocrx_word' id='word_1_146' title='bbox 211 2423 403 2502; x_wconf 79' lang='lat' dir='ltr'><strong>apostolicis</strong></span> <span class='ocrx_word' id='word_1_147' title='bbox 426 2425 476 2486; x_wconf 89' lang='lat' dir='ltr'><strong>Sic</strong></span> <span class='ocrx_word' id='word_1_148' title='bbox 495 2426 662 2504; x_wconf 82' lang='lat' dir='ltr'><strong>Gregorius</strong></span> <span class='ocrx_word' id='word_1_149' title='bbox 675 2427 741 2489; x_wconf 83' lang='lat' dir='ltr'><strong>XVI</strong></span> <span class='ocrx_word' id='word_1_150' title='bbox 756 2427 788 2487; x_wconf 89' lang='lat' dir='ltr'><strong>in</strong></span> <span class='ocrx_word' id='word_1_151' title='bbox 810 2427 903 2487; x_wconf 90' lang='lat' dir='ltr'><strong>Bulla</strong></span> <span class='ocrx_word' id='word_1_152' title='bbox 920 2444 983 2505; x_wconf 88' lang='lat' dir='ltr'><strong>qua</strong></span> <span class='ocrx_word' id='word_1_153' title='bbox 996 2423 1223 2502; x_wconf 74' lang='lat' dir='ltr'><strong>congregatio-</strong></span> 
     </span>
     <span class='ocr_line' id='line_1_24' title="bbox 211 2521 1221 2604; baseline 0 -24"><span class='ocrx_word' id='word_1_154' title='bbox 211 2537 284 2580; x_wconf 91' lang='lat' dir='ltr'><strong>nem</strong></span> <span class='ocrx_word' id='word_1_155' title='bbox 297 2521 483 2583; x_wconf 86' lang='lat' dir='ltr'><strong>clericorum</strong></span> <span class='ocrx_word' id='word_1_156' title='bbox 493 2522 655 2585; x_wconf 67' lang='lat' dir='ltr'><strong>Socratatis</strong></span> <span class='ocrx_word' id='word_1_157' title='bbox 669 2525 776 2586; x_wconf 77' lang='lat' dir='ltr'><strong>Maria</strong></span> <span class='ocrx_word' id='word_1_158' title='bbox 787 2523 987 2604; x_wconf 85' lang='lat' dir='ltr'><strong>approbavit,</strong></span> <span class='ocrx_word' id='word_1_159' title='bbox 1002 2523 1082 2583; x_wconf 83' lang='lat' dir='ltr'><strong>dixit</strong></span> <span class='ocrx_word' id='word_1_160' title='bbox 1098 2539 1107 2583; x_wconf 78' lang='lat' dir='ltr'><strong><em>z</em></strong></span> <span class='ocrx_word' id='word_1_161' title='bbox 1124 2545 1140 2578; x_wconf 80' lang='grc' dir='ltr'>α</span> <span class='ocrx_word' id='word_1_162' title='bbox 1153 2523 1221 2582; x_wconf 91' lang='lat' dir='ltr'><strong>Non</strong></span> 
     </span>
     <span class='ocr_line' id='line_1_25' title="bbox 131 2611 1221 2702; baseline 0.004 -27"><span class='ocrx_word' id='word_1_163' title='bbox 131 2611 138 2626; x_wconf 91' lang='lat'>&#39;</span> <span class='ocrx_word' id='word_1_164' title='bbox 160 2635 169 2648; x_wconf 70' lang='lat'><strong><em>‘</em></strong></span> <span class='ocrx_word' id='word_1_165' title='bbox 215 2640 228 2674; x_wconf 86' lang='lat' dir='ltr'><strong>u</strong></span> <span class='ocrx_word' id='word_1_166' title='bbox 243 2619 394 2679; x_wconf 90' lang='lat' dir='ltr'><strong>mediocri</strong></span> <span class='ocrx_word' id='word_1_167' title='bbox 417 2626 501 2681; x_wconf 88' lang='lat' dir='ltr'><strong>certe</strong></span> <span class='ocrx_word' id='word_1_168' title='bbox 519 2623 681 2702; x_wconf 86' lang='lat' dir='ltr'><strong>voluptate</strong></span> <span class='ocrx_word' id='word_1_169' title='bbox 703 2624 808 2684; x_wconf 83' lang='lat' dir='ltr'><strong>affecti</strong></span> <span class='ocrx_word' id='word_1_170' title='bbox 821 2623 950 2698; x_wconf 88' lang='lat' dir='ltr'><strong>fuimus,</strong></span> <span class='ocrx_word' id='word_1_171' title='bbox 971 2621 1028 2682; x_wconf 89' lang='lat' dir='ltr'><strong>ubi</strong></span> <span class='ocrx_word' id='word_1_172' title='bbox 1041 2620 1221 2700; x_wconf 88' lang='lat' dir='ltr'><strong>accepimus</strong></span> 
     </span>
     <span class='ocr_line' id='line_1_26' title="bbox 211 2715 1218 2800; baseline 0.007 -28"><span class='ocrx_word' id='word_1_173' title='bbox 211 2739 227 2772; x_wconf 89' lang='grc'>«</span> <span class='ocrx_word' id='word_1_174' title='bbox 243 2715 391 2777; x_wconf 88' lang='lat' dir='ltr'><strong>dilectum</strong></span> <span class='ocrx_word' id='word_1_175' title='bbox 411 2718 510 2780; x_wconf 90' lang='lat' dir='ltr'><strong>lilium</strong></span> <span class='ocrx_word' id='word_1_176' title='bbox 526 2721 692 2782; x_wconf 83' lang='lat' dir='ltr'><strong>Claudium</strong></span> <span class='ocrx_word' id='word_1_177' title='bbox 706 2723 806 2796; x_wconf 82' lang='lat' dir='ltr'><strong>(lolin,</strong></span> <span class='ocrx_word' id='word_1_178' title='bbox 824 2727 854 2783; x_wconf 88' lang='lat' dir='ltr'><strong>et</strong></span> <span class='ocrx_word' id='word_1_179' title='bbox 872 2721 994 2800; x_wconf 89' lang='lat' dir='ltr'><strong>aliquos</strong></span> <span class='ocrx_word' id='word_1_180' title='bbox 1007 2719 1218 2799; x_wconf 89' lang='lat' dir='ltr'><strong>presbyteros,</strong></span> 
     </span>
     <span class='ocr_line' id='line_1_27' title="bbox 214 2809 1220 2898; baseline 0.007 -28"><span class='ocrx_word' id='word_1_181' title='bbox 214 2837 227 2870; x_wconf 84' lang='lat' dir='ltr'><strong>o</strong></span> <span class='ocrx_word' id='word_1_182' title='bbox 243 2814 350 2875; x_wconf 90' lang='lat' dir='ltr'><strong>multis</strong></span> <span class='ocrx_word' id='word_1_183' title='bbox 366 2815 481 2878; x_wconf 88' lang='lat' dir='ltr'><strong>abhinc</strong></span> <span class='ocrx_word' id='word_1_184' title='bbox 492 2819 594 2893; x_wconf 77' lang='lat' dir='ltr'><strong>anniS,</strong></span> <span class='ocrx_word' id='word_1_185' title='bbox 609 2838 699 2882; x_wconf 86' lang='lat' dir='ltr'><strong>novae</strong></span> <span class='ocrx_word' id='word_1_186' title='bbox 712 2809 932 2898; x_wconf 85' lang='lat' dir='ltr'><strong>religiosorum</strong></span> <span class='ocrx_word' id='word_1_187' title='bbox 943 2818 1111 2882; x_wconf 89' lang='lat' dir='ltr'><strong>hominum</strong></span> <span class='ocrx_word' id='word_1_188' title='bbox 1124 2817 1220 2879; x_wconf 86' lang='lat' dir='ltr'><strong>socie-</strong></span> 
     </span>
     <span class='ocr_line' id='line_1_28' title="bbox 210 2913 1139 2996; baseline 0.009 -27"><span class='ocrx_word' id='word_1_189' title='bbox 210 2935 225 2969; x_wconf 85' lang='lat'>«</span> <span class='ocrx_word' id='word_1_190' title='bbox 241 2913 315 2974; x_wconf 89' lang='lat' dir='ltr'><strong>tatis</strong></span> <span class='ocrx_word' id='word_1_191' title='bbox 329 2913 536 2978; x_wconf 89' lang='lat' dir='ltr'><strong>fundamenta</strong></span> <span class='ocrx_word' id='word_1_192' title='bbox 549 2919 691 2996; x_wconf 89' lang='lat' dir='ltr'><strong>posuisse</strong></span> <span class='ocrx_word' id='word_1_193' title='bbox 706 2919 799 2980; x_wconf 88' lang='lat' dir='ltr'><strong>titulo</strong></span> <span class='ocrx_word' id='word_1_194' title='bbox 816 2917 977 2980; x_wconf 80' lang='lat' dir='ltr'><strong>Socr&#39;etutis</strong></span> <span class='ocrx_word' id='word_1_195' title='bbox 986 2915 1109 2979; x_wconf 72' lang='lat' dir='ltr'><strong>Maria.</strong></span> <span class='ocrx_word' id='word_1_196' title='bbox 1123 2940 1139 2970; x_wconf 75' lang='lat' dir='ltr'><strong>a</strong></span> 
     </span>
     <span class='ocr_line' id='line_1_29' title="bbox 208 3010 810 3099; baseline 0.01 -27"><span class='ocrx_word' id='word_1_197' title='bbox 208 3011 310 3091; x_wconf 88' lang='lat' dir='ltr'><strong>(Bulla</strong></span> <span class='ocrx_word' id='word_1_198' title='bbox 322 3010 461 3074; x_wconf 81' lang='lat' dir='ltr'><strong>Omnium</strong></span> <span class='ocrx_word' id='word_1_199' title='bbox 475 3015 620 3094; x_wconf 75' lang='lat' dir='ltr'><strong>quatiam,</strong></span> <span class='ocrx_word' id='word_1_200' title='bbox 637 3035 687 3077; x_wconf 89' lang='lat' dir='ltr'><strong>an.</strong></span> <span class='ocrx_word' id='word_1_201' title='bbox 706 3017 810 3099; x_wconf 76' lang='lat'><strong>1836.)</strong></span> 
     </span>
    </p>

    <p class='ocr_par' dir='ltr' id='par_1_7' title="bbox 205 3112 1271 3796">
     <span class='ocr_line' id='line_1_30' title="bbox 266 3112 1217 3195; baseline 0.001 -24"><span class='ocrx_word' id='word_1_202' title='bbox 266 3112 344 3173; x_wconf 92' lang='lat' dir='ltr'><strong>Hinc</strong></span> <span class='ocrx_word' id='word_1_203' title='bbox 361 3112 434 3190; x_wconf 86' lang='lat' dir='ltr'><strong>jure</strong></span> <span class='ocrx_word' id='word_1_204' title='bbox 452 3113 704 3175; x_wconf 89' lang='lat' dir='ltr'><strong>concludendum</strong></span> <span class='ocrx_word' id='word_1_205' title='bbox 724 3121 935 3195; x_wconf 89' lang='lat' dir='ltr'><strong>temperatam</strong></span> <span class='ocrx_word' id='word_1_206' title='bbox 955 3114 1051 3176; x_wconf 88' lang='lat' dir='ltr'><strong>fuisse</strong></span> <span class='ocrx_word' id='word_1_207' title='bbox 1071 3113 1217 3174; x_wconf 90' lang='lat' dir='ltr'><strong>diuturna</strong></span> 
     </span>
     <span class='ocr_line' id='line_1_31' title="bbox 206 3199 1271 3293; baseline 0.005 -24"><span class='ocrx_word' id='word_1_208' title='bbox 206 3199 443 3283; x_wconf 83' lang='lat' dir='ltr'><strong>consuetudine,</strong></span> <span class='ocrx_word' id='word_1_209' title='bbox 461 3215 493 3271; x_wconf 88' lang='lat' dir='ltr'><strong>et</strong></span> <span class='ocrx_word' id='word_1_210' title='bbox 507 3229 636 3272; x_wconf 89' lang='lat' dir='ltr'><strong>assensu</strong></span> <span class='ocrx_word' id='word_1_211' title='bbox 647 3214 770 3274; x_wconf 85' lang='lat' dir='ltr'><strong>Sauctae</strong></span> <span class='ocrx_word' id='word_1_212' title='bbox 785 3215 884 3288; x_wconf 83' lang='lat' dir='ltr'><strong>Sedis,</strong></span> <span class='ocrx_word' id='word_1_213' title='bbox 900 3212 1101 3293; x_wconf 90' lang='lat' dir='ltr'><strong>disciplinam</strong></span> <span class='ocrx_word' id='word_1_214' title='bbox 1116 3213 1218 3272; x_wconf 90' lang='lat' dir='ltr'><strong>decre·</strong></span> <span class='ocrx_word' id='word_1_215' title='bbox 1270 3269 1271 3274; x_wconf 73' lang='grc'>,</span> 
     </span>
     <span class='ocr_line' id='line_1_32' title="bbox 205 3301 1271 3390; baseline 0.002 -24"><span class='ocrx_word' id='word_1_216' title='bbox 205 3307 245 3366; x_wconf 88' lang='lat' dir='ltr'><strong>tis</strong></span> <span class='ocrx_word' id='word_1_217' title='bbox 260 3307 465 3368; x_wconf 88' lang='lat' dir='ltr'><strong>conciliorum</strong></span> <span class='ocrx_word' id='word_1_218' title='bbox 479 3310 698 3371; x_wconf 80' lang='lat' dir='ltr'><strong>lateranensis</strong></span> <span class='ocrx_word' id='word_1_219' title='bbox 711 3316 742 3372; x_wconf 88' lang='lat' dir='ltr'><strong>et</strong></span> <span class='ocrx_word' id='word_1_220' title='bbox 752 3310 983 3390; x_wconf 81' lang='lat' dir='ltr'><strong>Lugdunensis,</strong></span> <span class='ocrx_word' id='word_1_221' title='bbox 995 3329 1053 3371; x_wconf 90' lang='lat' dir='ltr'><strong>nec</strong></span> <span class='ocrx_word' id='word_1_222' title='bbox 1067 3327 1132 3370; x_wconf 91' lang='lat' dir='ltr'><strong>non</strong></span> <span class='ocrx_word' id='word_1_223' title='bbox 1143 3307 1214 3370; x_wconf 94' lang='lat' dir='ltr'><strong>Bul·</strong></span> <span class='ocrx_word' id='word_1_224' title='bbox 1270 3301 1271 3368; x_wconf 66' lang='grc' dir='ltr'>Ξ</span> 
     </span>
     <span class='ocr_line' id='line_1_33' title="bbox 205 3397 1271 3482; baseline 0.003 -19"><span class='ocrx_word' id='word_1_225' title='bbox 205 3404 243 3464; x_wconf 94' lang='lat' dir='ltr'><strong>lis</strong></span> <span class='ocrx_word' id='word_1_226' title='bbox 263 3407 293 3466; x_wconf 90' lang='lat' dir='ltr'><strong>S.</strong></span> <span class='ocrx_word' id='word_1_227' title='bbox 320 3405 367 3466; x_wconf 90' lang='lat' dir='ltr'><strong>Pii</strong></span> <span class='ocrx_word' id='word_1_228' title='bbox 389 3407 416 3468; x_wconf 86' lang='lat' dir='ltr'>V</span> <span class='ocrx_word' id='word_1_229' title='bbox 440 3411 472 3467; x_wconf 93' lang='lat' dir='ltr'><strong>et</strong></span> <span class='ocrx_word' id='word_1_230' title='bbox 494 3407 629 3468; x_wconf 90' lang='lat' dir='ltr'><strong>aliorum</strong></span> <span class='ocrx_word' id='word_1_231' title='bbox 656 3409 846 3471; x_wconf 85' lang='lat' dir='ltr'><strong>Pontificum</strong></span> <span class='ocrx_word' id='word_1_232' title='bbox 874 3409 1069 3482; x_wconf 81' lang='lat' dir='ltr'><strong>institutam3</strong></span> <span class='ocrx_word' id='word_1_233' title='bbox 1096 3407 1213 3468; x_wconf 88' lang='lat' dir='ltr'><strong>licitum</strong></span> <span class='ocrx_word' id='word_1_234' title='bbox 1270 3397 1271 3466; x_wconf 67' lang='lat' dir='ltr'><strong>l</strong></span> 
     </span>
     <span class='ocr_line' id='line_1_34' title="bbox 205 3504 1271 3585; baseline -0.006 -17"><span class='ocrx_word' id='word_1_235' title='bbox 205 3521 320 3582; x_wconf 81' lang='lat' dir='ltr'><strong>trempe</strong></span> <span class='ocrx_word' id='word_1_236' title='bbox 345 3521 412 3564; x_wconf 87' lang='lat' dir='ltr'><strong>esse</strong></span> <span class='ocrx_word' id='word_1_237' title='bbox 429 3504 579 3566; x_wconf 88' lang='lat' dir='ltr'><strong>inchoare</strong></span> <span class='ocrx_word' id='word_1_238' title='bbox 603 3508 870 3585; x_wconf 79' lang='lat' dir='ltr'><strong>Congregationes</strong></span> <span class='ocrx_word' id='word_1_239' title='bbox 893 3506 1057 3585; x_wconf 79' lang='lat' dir='ltr'><strong>religiosas</strong></span> <span class='ocrx_word' id='word_1_240' title='bbox 1077 3523 1149 3566; x_wconf 90' lang='lat' dir='ltr'><strong>cum</strong></span> <span class='ocrx_word' id='word_1_241' title='bbox 1167 3523 1210 3563; x_wconf 89' lang='lat' dir='ltr'><strong>as·</strong></span> <span class='ocrx_word' id='word_1_242' title='bbox 1270 3507 1271 3570; x_wconf 72' lang='lat' dir='ltr'><strong>l</strong></span> 
     </span>
     <span class='ocr_line' id='line_1_35' title="bbox 205 3601 1213 3686; baseline 0.003 -27"><span class='ocrx_word' id='word_1_243' title='bbox 205 3619 298 3660; x_wconf 87' lang='lat' dir='ltr'><strong>sensu</strong></span> <span class='ocrx_word' id='word_1_244' title='bbox 324 3601 564 3681; x_wconf 80' lang='lat' dir='ltr'><strong>Episcoporum,</strong></span> <span class='ocrx_word' id='word_1_245' title='bbox 597 3623 661 3666; x_wconf 88' lang='lat' dir='ltr'><strong>non</strong></span> <span class='ocrx_word' id='word_1_246' title='bbox 689 3605 819 3668; x_wconf 82' lang='lat' dir='ltr'><strong>obtenta</strong></span> <span class='ocrx_word' id='word_1_247' title='bbox 846 3605 968 3686; x_wconf 83' lang='lat' dir='ltr'><strong>praevia</strong></span> <span class='ocrx_word' id='word_1_248' title='bbox 988 3602 1213 3683; x_wconf 88' lang='lat' dir='ltr'><strong>approbatione</strong></span> 
     </span>
     <span class='ocr_line' id='line_1_36' title="bbox 205 3698 1211 3784; baseline 0 -24"><span class='ocrx_word' id='word_1_249' title='bbox 205 3698 328 3760; x_wconf 86' lang='lat' dir='ltr'><strong>Sanctae</strong></span> <span class='ocrx_word' id='word_1_250' title='bbox 340 3699 438 3775; x_wconf 89' lang='lat' dir='ltr'><strong>Sedis,</strong></span> <span class='ocrx_word' id='word_1_251' title='bbox 451 3701 556 3762; x_wconf 88' lang='lat' dir='ltr'><strong>valere</strong></span> <span class='ocrx_word' id='word_1_252' title='bbox 567 3707 686 3764; x_wconf 89' lang='lat' dir='ltr'><strong>statuta</strong></span> <span class='ocrx_word' id='word_1_253' title='bbox 696 3705 979 3784; x_wconf 81' lang='lat' dir='ltr'><strong>congregationum</strong></span> <span class='ocrx_word' id='word_1_254' title='bbox 991 3701 1050 3763; x_wconf 86' lang='lat' dir='ltr'><strong>sub</strong></span> <span class='ocrx_word' id='word_1_255' title='bbox 1062 3699 1211 3779; x_wconf 79' lang='lat' dir='ltr'><strong>regimine</strong></span> 
     </span>
    </p>
   </div>
   <div class='ocr_carea' id='block_1_3' title="bbox 0 0 1298 4276">
    <p class='ocr_par' dir='ltr' id='par_1_8' title="bbox 0 0 1298 4276">
     <span class='ocr_line' id='line_1_37' title="bbox 0 0 1298 4276; baseline 0 4"><span class='ocrx_word' id='word_1_256' title='bbox 0 0 1298 4276; x_wconf 95' lang='lat' dir='ltr'><strong> </strong></span> 
     </span>
    </p>
   </div>
  </div>
 </body>
</html>
