2582 4278
242 259 245 265 ·
273 302 342 350 ΑΜ.
363 301 410 350 111.
431 301 568 352 ararum
587 300 814 350 clrlrumltuu.
1004 296 1059 350 139

51 441 64 478 u
81 397 302 480 canonicatum
332 417 533 482 retinuerint.
565 440 581 474 c
616 416 691 498 (Tit.
730 433 803 496 xrv,
841 436 911 498 cap.
939 417 975 498 1.)
1006 420 1059 480 Ita

47 517 148 578 iisdem
169 517 235 577 fere
260 517 366 578 verbis
395 514 531 578 concilia
557 515 784 593 Burdigalense
812 520 844 577 et
872 515 1055 579 claramon-
1142 523 1148 536 ’

48 622 125 676 tense
145 614 318 693 provinciae
331 613 546 676 bituricensis.
563 647 602 662 -
624 614 745 676 Caetera
767 613 902 676 concilia
922 614 1056 682 ulterius

46 711 295 791 progrediuntur,
324 712 375 774 vel
411 711 495 774 enim
522 711 675 790 implicite
709 711 891 788 admittunt,
923 713 974 773 vel
998 731 1054 772 er-

46 827 141 888 presse
156 810 273 871 docent
287 828 337 872 res
350 809 384 870 in
398 810 512 871 eodem
531 814 616 871 statu
630 827 819 888 permanere
839 828 904 889 quo
925 810 1055 870 luerunt

46 907 190 969 institutae
212 912 358 986 tempore
379 907 579 981 concordati,
594 906 728 969 vicarios
740 907 874 986 proinde
888 907 1060 986 generales

46 1005 230 1084 reputandus
267 1024 333 1067 esse
369 1005 453 1066 inter
489 1005 634 1066 membra
669 1005 811 1084 capituli.
838 1006 889 1068 Sic
922 1005 1054 1068 concilia

45 1103 266 1176 Avenionense,
281 1103 502 1166 Rhedonense.
517 1125 534 1159 «
546 1103 766 1182 Gapitulorum
777 1103 945 1176 institutio,
962 1104 1053 1164 aiunt

46 1224 58 1254 «
77 1202 187 1262 Patres
204 1201 331 1262 concilii
343 1200 582 1272 avenionensis,
598 1199 632 1260 in
648 1201 796 1279 proesenti
813 1201 963 1274 existens,
979 1201 1055 1262 licet

49 1298 251 1379 «antiquiori
282 1300 316 1360 in
348 1300 458 1360 multis
483 1297 659 1372 dissimilis,
682 1299 793 1360 eadem
816 1304 924 1360 tamen
952 1299 1056 1360 estin

48 1420 60 1452 a
79 1397 223 1458 essentia.
261 1397 391 1460 (lencilii
424 1399 535 1458 Patres
568 1415 626 1476 pro
659 1402 746 1469 certo
781 1396 901 1459 habent
927 1397 1054 1458 institu-

48 1494 196 1556 «tionem
222 1496 306 1558 hanc
334 1513 465 1574 prorsus
498 1495 685 1556 canonicam
718 1513 797 1571 esse,
821 1500 853 1556 et
867 1495 963 1560 ‚illius
994 1499 1054 1556 sta-

50 1612 61 1650 n
79 1598 155 1669 tnta,
172 1598 284 1672 utpote
306 1593 346 1654 ab
364 1591 531 1674 Episcopis
545 1592 682 1671 probata
702 1592 734 1654 vi
753 1592 950 1654 auctoritatis
964 1611 1055 1672 apos-

48 1713 60 1744 «
78 1691 198 1767 tolicae,
222 1690 359 1754 fideliter
381 1708 448 1752 asse
470 1686 637 1752 seruanda.
659 1712 674 1748 c
703 1690 765 1751 Tit.
788 1708 834 1764 vr,
859 1709 929 1770 cap.
951 1709 997 1766 rr,
1019 1689 1061 1750 de

49 1784 199 1867 emeram.

95 1885 260 1948 Neminem
282 1886 360 1946 latet
381 1884 551 1964 dignitates
572 1883 783 1946 Ecclesiarum
808 1885 1049 1957 cathedralium,

48 1983 100 2044 sire
119 1982 205 2044 intra
219 1984 407 2062 capitulum,
427 1983 492 2044 sive
512 1987 613 2058 extra,
629 1999 661 2042 se
677 1988 836 2058 exserant,
853 1983 966 2044 affixas
988 2001 1077 2062 esse·¹

46 2081 104 2157 jure
113 2083 277 2143 communi
287 2081 400 2144 officiis
410 2081 580 2160 perpetuis.
593 2080 655 2142 Sed
666 2079 746 2141 nihil
757 2081 862 2142 obstat
872 2081 1052 2161 quominus,

48 2179 225 2240 assentiente
242 2181 359 2242 Sancta
371 2180 464 2257 Sede,
477 2179 529 2240 vel
546 2178 739 2257 praevalente
757 2179 907 2240 dlutuma
926 2197 1055 2240 consue-

30 2277 156 2352 tudine,
179 2275 249 2338 haec
267 2277 434 2356 disciplina
456 2275 628 2356 aliqualem
653 2275 873 2353 exceptionem
892 2277 1051 2347 admittat,

48 2375 80 2434 ob
91 2375 210 2436 bonum
222 2374 380 2436 Ecclesiae.
394 2373 569 2437 Gurdinalis
581 2376 718 2452 Legatus
728 2373 939 2452 amplissimas
952 2373 1055 2435 facul·
1168 2399 1176 2419 ·

48 2477 130 2532 tates·
143 2473 408 2550 subdelegaverat
434 2471 600 2552 Episcopis
629 2471 670 2532 ad
699 2471 890 2534 erectionem
923 2489 1052 2533 suorum

47 2572 209 2648 respective
223 2571 449 2649 capitulorum,
465 2587 504 2630 ea
516 2568 698 2632 conditione
712 2574 748 2630 ut
761 2589 909 2631 cononum
922 2568 1014 2630 simul
1023 2579 1052 2630 et

47 2677 200 2749 temporum
210 2669 367 2730 rationem
378 2667 705 2746 haberent-Episcopi
715 2686 901 2746 persuasum
913 2667 1054 2729 habuere

48 2772 251 2844 opportunum
266 2767 403 2828 maxima
416 2767 495 2838 fore,
512 2764 710 2843 temporibus
723 2767 1009 2839 accommodatum,
1022 2771 1054 2826 et

47 2862 85 2922 sin
97 2863 223 2939 litterae,
243 2863 356 2924 saltem
378 2863 478 2924 menti
498 2881 657 2924 canonum
674 2864 883 2934 consentiens,
903 2863 929 2924 si
943 2863 1053 2926 vicarii

47 2962 198 3035 generales
226 2962 366 3040 capitulo
391 2961 643 3022 adsciscerentur
666 2961 713 3021 uti
735 2961 846 3041 primae
870 2961 1050 3039 dignitates.

47 3057 301 3120 llxistimaverunt
321 3060 484 3139 provisum
506 3059 620 3120 exinde
643 3058 790 3136 dignitati
809 3061 999 3122 vicariorum
1021 3064 1053 3119 et

47 3157 259 3236 capitulorum,
280 3157 429 3236 felicique
448 3155 625 3218 concordiae
645 3157 858 3219 instaurandae
880 3159 963 3219 inter
977 3157 1052 3235 Epi-

47 3271 164 3334 scopum
186 3262 219 3316 et
237 3255 423 3334 capitulum.
445 3254 624 3332 Capitulum
644 3254 831 3316 nobilitatur
851 3253 1058 3333 adjunctione·

47 3350 239 3427 noeriorum
260 3352 336 3431 ipsis
354 3352 480 3414 vicariis
495 3369 560 3412 non
584 3370 698 3438 parum
720 3352 883 3430 dignitatis
903 3349 1053 3411 accrescit

48 3465 75 3506 cr
88 3456 178 3528 parte
199 3470 296 3529 quam
311 3451 432 3512 habent
446 3450 477 3510 in
500 3449 634 3511 coetibus
656 3449 904 3528 capitularibus;
924 3449 1051 3509 demum

48 3554 214 3609 removetur
240 3549 416 3628 periculum
442 3553 585 3608 veterum
610 3548 823 3620 simultatum,
845 3547 898 3608 via
921 3553 1056 3626 paratur
1142 3535 1144 3540 ’

48 3646 260 3724 conciliationi,
277 3646 433 3726 siquidem
447 3645 559 3707 vicarii
571 3651 678 3725 partes
697 3645 790 3705 simul
805 3651 914 3706 tenent
929 3663 965 3706 ac
977 3645 1053 3725 jura

47 3741 141 3807 levent
154 3751 223 3806 tum
242 3745 390 3824 Episcopi
405 3763 499 3825 quem
514 3749 754 3824 repraesentant,
771 3751 838 3805 tum
852 3743 985 3825 capituli
996 3745 1047 3804 cui
