<?xml version="1.0" encoding="UTF-8"?>
<!DOCTYPE html PUBLIC "-//W3C//DTD XHTML 1.0 Transitional//EN"
    "http://www.w3.org/TR/xhtml1/DTD/xhtml1-transitional.dtd">
<html xmlns="http://www.w3.org/1999/xhtml" xml:lang="en" lang="en">
 <head>
  <title>
</title>
<meta http-equiv="Content-Type" content="text/html;charset=utf-8" />
  <meta name='ocr-system' content='tesseract 3.04.00' />
  <meta name='ocr-capabilities' content='ocr_page ocr_carea ocr_par ocr_line ocrx_word'/>
</head>
<body>
  <div class='ocr_page' id='page_1' title='image "./praelectionesju00murrgoog_0378.png"; bbox 0 0 2568 4272; ppageno 0'>
   <div class='ocr_carea' id='block_1_1' title="bbox 90 257 1091 327">
    <p class='ocr_par' dir='ltr' id='par_1_1' title="bbox 90 257 1091 327">
     <span class='ocr_line' id='line_1_1' title="bbox 90 257 1091 327; baseline -0.006 -11"><span class='ocrx_word' id='word_1_1' title='bbox 90 270 173 319; x_wconf 77' lang='lat' dir='ltr'>ART.</span> <span class='ocrx_word' id='word_1_2' title='bbox 196 273 230 320; x_wconf 92' lang='lat' dir='ltr'>ll.</span> <span class='ocrx_word' id='word_1_3' title='bbox 254 271 328 320; x_wconf 82' lang='lat' dir='ltr'><strong>0RB⁰</strong></span> <span class='ocrx_word' id='word_1_4' title='bbox 348 271 405 327; x_wconf 78' lang='lat' dir='ltr'>QUO</span> <span class='ocrx_word' id='word_1_5' title='bbox 425 271 521 320; x_wconf 69' lang='lat' dir='ltr'>unsri</span> <span class='ocrx_word' id='word_1_6' title='bbox 541 268 759 318; x_wconf 73' lang='lat' dir='ltr'>CELEBRANTUR</span> <span class='ocrx_word' id='word_1_7' title='bbox 778 268 836 315; x_wconf 75' lang='lat' dir='ltr'>nnn</span> <span class='ocrx_word' id='word_1_8' title='bbox 854 267 968 314; x_wconf 75' lang='lat' dir='ltr'>Annum</span> <span class='ocrx_word' id='word_1_9' title='bbox 1014 257 1068 312; x_wconf 80' lang='grc'>367</span> <span class='ocrx_word' id='word_1_10' title='bbox 1089 275 1091 278; x_wconf 89' lang='grc'><strong><em>·</em></strong></span> 
     </span>
    </p>
   </div>
   <div class='ocr_carea' id='block_1_2' title="bbox 21 379 1068 3782">
    <p class='ocr_par' dir='ltr' id='par_1_2' title="bbox 21 379 1068 856">
     <span class='ocr_line' id='line_1_2' title="bbox 25 379 1068 450; baseline -0.003 -8"><span class='ocrx_word' id='word_1_11' title='bbox 25 379 131 446; x_wconf 87' lang='lat' dir='ltr'>inter</span> <span class='ocrx_word' id='word_1_12' title='bbox 150 406 269 450; x_wconf 88' lang='lat' dir='ltr'>annum</span> <span class='ocrx_word' id='word_1_13' title='bbox 291 386 426 448; x_wconf 85' lang='lat' dir='ltr'>solarem</span> <span class='ocrx_word' id='word_1_14' title='bbox 451 392 484 448; x_wconf 89' lang='lat' dir='ltr'>et</span> <span class='ocrx_word' id='word_1_15' title='bbox 502 387 658 447; x_wconf 89' lang='lat' dir='ltr'>lunarem.</span> <span class='ocrx_word' id='word_1_16' title='bbox 679 385 758 446; x_wconf 90' lang='lat' dir='ltr'>Hinc</span> <span class='ocrx_word' id='word_1_17' title='bbox 782 389 852 444; x_wconf 91' lang='lat' dir='ltr'>orta</span> <span class='ocrx_word' id='word_1_18' title='bbox 868 387 916 443; x_wconf 88' lang='lat' dir='ltr'>est</span> <span class='ocrx_word' id='word_1_19' title='bbox 934 379 1068 442; x_wconf 81' lang='lat' dir='ltr'>difficul-</span> 
     </span>
     <span class='ocr_line' id='line_1_3' title="bbox 23 481 1066 564; baseline -0.002 -24"><span class='ocrx_word' id='word_1_20' title='bbox 23 483 81 541; x_wconf 88' lang='lat' dir='ltr'>tas</span> <span class='ocrx_word' id='word_1_21' title='bbox 94 485 321 564; x_wconf 90' lang='lat' dir='ltr'>componendi</span> <span class='ocrx_word' id='word_1_22' title='bbox 330 504 450 546; x_wconf 89' lang='lat' dir='ltr'>annum</span> <span class='ocrx_word' id='word_1_23' title='bbox 461 485 585 546; x_wconf 89' lang='lat' dir='ltr'>civilem</span> <span class='ocrx_word' id='word_1_24' title='bbox 597 488 629 544; x_wconf 93' lang='lat' dir='ltr'>et</span> <span class='ocrx_word' id='word_1_25' title='bbox 644 481 893 544; x_wconf 84' lang='lat' dir='ltr'>ecclesiasticum.</span> <span class='ocrx_word' id='word_1_26' title='bbox 902 499 970 558; x_wconf 77' lang='lat' dir='ltr'>qim</span> <span class='ocrx_word' id='word_1_27' title='bbox 977 496 1066 538; x_wconf 81' lang='lat' dir='ltr'>men-</span> 
     </span>
     <span class='ocr_line' id='line_1_4' title="bbox 22 579 1068 661; baseline -0.003 -22"><span class='ocrx_word' id='word_1_28' title='bbox 22 595 81 640; x_wconf 88' lang='lat' dir='ltr'>scs</span> <span class='ocrx_word' id='word_1_29' title='bbox 101 583 231 644; x_wconf 89' lang='lat' dir='ltr'>solares</span> <span class='ocrx_word' id='word_1_30' title='bbox 242 602 313 643; x_wconf 90' lang='lat' dir='ltr'>cum</span> <span class='ocrx_word' id='word_1_31' title='bbox 323 583 498 657; x_wconf 69' lang='lat' dir='ltr'>lunaribus</span> <span class='ocrx_word' id='word_1_32' title='bbox 513 581 643 661; x_wconf 83' lang='lat' dir='ltr'>adjectis</span> <span class='ocrx_word' id='word_1_33' title='bbox 654 581 845 660; x_wconf 90' lang='lat' dir='ltr'>quibusdam</span> <span class='ocrx_word' id='word_1_34' title='bbox 859 579 980 652; x_wconf 88' lang='lat' dir='ltr'>diebus,</span> <span class='ocrx_word' id='word_1_35' title='bbox 994 595 1068 638; x_wconf 90' lang='lat' dir='ltr'>con·</span> 
     </span>
     <span class='ocr_line' id='line_1_5' title="bbox 21 675 1064 760; baseline -0.005 -22"><span class='ocrx_word' id='word_1_36' title='bbox 21 681 179 742; x_wconf 87' lang='lat' dir='ltr'>cordent</span> <span class='ocrx_word' id='word_1_37' title='bbox 196 700 202 755; x_wconf 94' lang='lat'>;</span> <span class='ocrx_word' id='word_1_38' title='bbox 220 681 435 742; x_wconf 88' lang='lat' dir='ltr'>necessarium</span> <span class='ocrx_word' id='word_1_39' title='bbox 453 681 573 760; x_wconf 86' lang='lat' dir='ltr'>quippe</span> <span class='ocrx_word' id='word_1_40' title='bbox 592 685 639 740; x_wconf 86' lang='lat' dir='ltr'>est</span> <span class='ocrx_word' id='word_1_41' title='bbox 657 684 693 739; x_wconf 93' lang='lat' dir='ltr'>nt</span> <span class='ocrx_word' id='word_1_42' title='bbox 707 677 933 739; x_wconf 80' lang='lat' dir='ltr'>determinetur</span> <span class='ocrx_word' id='word_1_43' title='bbox 948 675 1064 736; x_wconf 80' lang='lat' dir='ltr'>mensis</span> 
     </span>
     <span class='ocr_line' id='line_1_6' title="bbox 21 779 558 856; baseline 0.007 -20"><span class='ocrx_word' id='word_1_44' title='bbox 21 791 102 856; x_wconf 93' lang='lat' dir='ltr'>quo</span> <span class='ocrx_word' id='word_1_45' title='bbox 121 780 249 841; x_wconf 80' lang='lat' dir='ltr'>Pascha</span> <span class='ocrx_word' id='word_1_46' title='bbox 264 779 491 840; x_wconf 87' lang='lat' dir='ltr'>celebrandum</span> <span class='ocrx_word' id='word_1_47' title='bbox 506 779 558 840; x_wconf 90' lang='lat' dir='ltr'>sit.</span> 
     </span>
    </p>

    <p class='ocr_par' dir='ltr' id='par_1_3' title="bbox 23 873 1063 1152">
     <span class='ocr_line' id='line_1_7' title="bbox 99 873 1061 954; baseline -0.005 -18"><span class='ocrx_word' id='word_1_48' title='bbox 99 876 279 937; x_wconf 81' lang='lat' dir='ltr'>Christiani</span> <span class='ocrx_word' id='word_1_49' title='bbox 294 877 420 938; x_wconf 89' lang='lat' dir='ltr'>initium</span> <span class='ocrx_word' id='word_1_50' title='bbox 430 873 509 938; x_wconf 86' lang='lat' dir='ltr'>anni</span> <span class='ocrx_word' id='word_1_51' title='bbox 524 876 644 937; x_wconf 89' lang='lat' dir='ltr'>ducunt</span> <span class='ocrx_word' id='word_1_52' title='bbox 660 893 679 936; x_wconf 86' lang='lat' dir='ltr'>a</span> <span class='ocrx_word' id='word_1_53' title='bbox 693 893 801 935; x_wconf 87' lang='lat' dir='ltr'>mense</span> <span class='ocrx_word' id='word_1_54' title='bbox 815 873 973 954; x_wconf 86' lang='lat' dir='ltr'>januario,</span> <span class='ocrx_word' id='word_1_55' title='bbox 990 889 1061 932; x_wconf 82' lang='lat' dir='ltr'>cnm</span> 
     </span>
     <span class='ocr_line' id='line_1_8' title="bbox 23 970 1063 1047; baseline -0.001 -18"><span class='ocrx_word' id='word_1_56' title='bbox 23 977 138 1035; x_wconf 91' lang='lat' dir='ltr'>natus</span> <span class='ocrx_word' id='word_1_57' title='bbox 150 975 193 1035; x_wconf 90' lang='lat' dir='ltr'>sit</span> <span class='ocrx_word' id='word_1_58' title='bbox 208 976 353 1036; x_wconf 83' lang='lat' dir='ltr'><strong>Salvator</strong></span> <span class='ocrx_word' id='word_1_59' title='bbox 368 974 409 1036; x_wconf 85' lang='lat' dir='ltr'>ad</span> <span class='ocrx_word' id='word_1_60' title='bbox 419 974 589 1035; x_wconf 79' lang='lat' dir='ltr'>solstitium</span> <span class='ocrx_word' id='word_1_61' title='bbox 609 973 772 1047; x_wconf 84' lang='lat' dir='ltr'>brumale;</span> <span class='ocrx_word' id='word_1_62' title='bbox 787 977 819 1033; x_wconf 88' lang='lat' dir='ltr'>et</span> <span class='ocrx_word' id='word_1_63' title='bbox 833 972 912 1032; x_wconf 84' lang='lat' dir='ltr'>ratio</span> <span class='ocrx_word' id='word_1_64' title='bbox 926 970 1063 1030; x_wconf 86' lang='lat' dir='ltr'>habetur</span> 
     </span>
     <span class='ocr_line' id='line_1_9' title="bbox 23 1069 829 1152; baseline 0 -24"><span class='ocrx_word' id='word_1_65' title='bbox 23 1069 218 1132; x_wconf 78' lang='lat' dir='ltr'>calendarii</span> <span class='ocrx_word' id='word_1_66' title='bbox 235 1071 325 1150; x_wconf 91' lang='lat' dir='ltr'>eujus</span> <span class='ocrx_word' id='word_1_67' title='bbox 342 1091 465 1132; x_wconf 89' lang='lat' dir='ltr'>menses</span> <span class='ocrx_word' id='word_1_68' title='bbox 479 1071 665 1152; x_wconf 89' lang='lat' dir='ltr'>incipiunta</span> <span class='ocrx_word' id='word_1_69' title='bbox 679 1070 829 1131; x_wconf 90' lang='lat' dir='ltr'>calendis.</span> 
     </span>
    </p>

    <p class='ocr_par' dir='ltr' id='par_1_4' title="bbox 25 1165 1062 1541">
     <span class='ocr_line' id='line_1_10' title="bbox 97 1165 1061 1249; baseline -0.004 -21"><span class='ocrx_word' id='word_1_70' title='bbox 97 1170 273 1230; x_wconf 71' lang='lat' dir='ltr'>sla-11.</span> <span class='ocrx_word' id='word_1_71' title='bbox 289 1167 399 1249; x_wconf 83' lang='lat' dir='ltr'>Cyclas</span> <span class='ocrx_word' id='word_1_72' title='bbox 408 1187 557 1230; x_wconf 81' lang='lat' dir='ltr'>annorum</span> <span class='ocrx_word' id='word_1_73' title='bbox 571 1168 733 1230; x_wconf 88' lang='lat' dir='ltr'>adbibitus</span> <span class='ocrx_word' id='word_1_74' title='bbox 744 1167 840 1228; x_wconf 84' lang='lat' dir='ltr'>estad</span> <span class='ocrx_word' id='word_1_75' title='bbox 851 1165 1061 1226; x_wconf 85' lang='lat' dir='ltr'>determinan-</span> 
     </span>
     <span class='ocr_line' id='line_1_11' title="bbox 25 1263 1062 1343; baseline -0.002 -20"><span class='ocrx_word' id='word_1_76' title='bbox 25 1264 116 1326; x_wconf 90' lang='lat' dir='ltr'>dum</span> <span class='ocrx_word' id='word_1_77' title='bbox 133 1285 253 1327; x_wconf 90' lang='lat' dir='ltr'>annum</span> <span class='ocrx_word' id='word_1_78' title='bbox 269 1267 393 1328; x_wconf 85' lang='lat' dir='ltr'>civilem</span> <span class='ocrx_word' id='word_1_79' title='bbox 403 1272 435 1327; x_wconf 91' lang='lat' dir='ltr'>et</span> <span class='ocrx_word' id='word_1_80' title='bbox 449 1267 707 1328; x_wconf 88' lang='lat' dir='ltr'>ecclesiasticum.</span> <span class='ocrx_word' id='word_1_81' title='bbox 726 1265 837 1343; x_wconf 87' lang='lat' dir='ltr'>Gyclus</span> <span class='ocrx_word' id='word_1_82' title='bbox 853 1263 1003 1324; x_wconf 88' lang='lat' dir='ltr'>nimirum</span> <span class='ocrx_word' id='word_1_83' title='bbox 1014 1267 1062 1322; x_wconf 87' lang='lat' dir='ltr'>est</span> 
     </span>
     <span class='ocr_line' id='line_1_12' title="bbox 26 1361 1058 1443; baseline -0.003 -22"><span class='ocrx_word' id='word_1_84' title='bbox 26 1369 145 1424; x_wconf 87' lang='lat' dir='ltr'>certus</span> <span class='ocrx_word' id='word_1_85' title='bbox 168 1383 317 1426; x_wconf 91' lang='lat' dir='ltr'>numerus</span> <span class='ocrx_word' id='word_1_86' title='bbox 340 1383 509 1437; x_wconf 78' lang='lat' dir='ltr'>annorum,</span> <span class='ocrx_word' id='word_1_87' title='bbox 534 1381 597 1443; x_wconf 90' lang='lat' dir='ltr'>quo</span> <span class='ocrx_word' id='word_1_88' title='bbox 616 1365 743 1443; x_wconf 84' lang='lat' dir='ltr'>expleto</span> <span class='ocrx_word' id='word_1_89' title='bbox 766 1361 979 1424; x_wconf 74' lang='lat' dir='ltr'>annuncivilis</span> <span class='ocrx_word' id='word_1_90' title='bbox 994 1377 1058 1420; x_wconf 88' lang='lat' dir='ltr'>res-</span> 
     </span>
     <span class='ocr_line' id='line_1_13' title="bbox 26 1461 767 1541; baseline 0.003 -21"><span class='ocrx_word' id='word_1_91' title='bbox 26 1461 159 1537; x_wconf 91' lang='lat' dir='ltr'>pondet</span> <span class='ocrx_word' id='word_1_92' title='bbox 174 1462 291 1522; x_wconf 90' lang='lat' dir='ltr'>iterum</span> <span class='ocrx_word' id='word_1_93' title='bbox 304 1462 407 1524; x_wconf 90' lang='lat' dir='ltr'>eidem</span> <span class='ocrx_word' id='word_1_94' title='bbox 421 1469 540 1541; x_wconf 90' lang='lat' dir='ltr'>puncto</span> <span class='ocrx_word' id='word_1_95' title='bbox 553 1463 629 1523; x_wconf 90' lang='lat' dir='ltr'>anni</span> <span class='ocrx_word' id='word_1_96' title='bbox 644 1461 767 1523; x_wconf 76' lang='lat' dir='ltr'>solaris,</span> 
     </span>
    </p>

    <p class='ocr_par' dir='ltr' id='par_1_5' title="bbox 28 1555 1059 2303">
     <span class='ocr_line' id='line_1_14' title="bbox 97 1555 1059 1638; baseline -0.006 -19"><span class='ocrx_word' id='word_1_97' title='bbox 97 1559 231 1620; x_wconf 80' lang='lat' dir='ltr'>Veteres</span> <span class='ocrx_word' id='word_1_98' title='bbox 242 1559 452 1638; x_wconf 78' lang='lat' dir='ltr'>multiplicem</span> <span class='ocrx_word' id='word_1_99' title='bbox 467 1561 593 1637; x_wconf 81' lang='lat' dir='ltr'>cyclum</span> <span class='ocrx_word' id='word_1_100' title='bbox 605 1560 745 1620; x_wconf 81' lang='lat' dir='ltr'>habuere</span> <span class='ocrx_word' id='word_1_101' title='bbox 760 1576 768 1618; x_wconf 71' lang='grc' dir='ltr'>ε</span> <span class='ocrx_word' id='word_1_102' title='bbox 786 1557 938 1618; x_wconf 85' lang='lat' dir='ltr'>aliusluit</span> <span class='ocrx_word' id='word_1_103' title='bbox 953 1555 1059 1635; x_wconf 89' lang='lat' dir='ltr'>cyclus</span> 
     </span>
     <span class='ocr_line' id='line_1_15' title="bbox 28 1653 1058 1734; baseline -0.004 -18"><span class='ocrx_word' id='word_1_104' title='bbox 28 1657 232 1731; x_wconf 86' lang='lat' dir='ltr'>Graecorum,</span> <span class='ocrx_word' id='word_1_105' title='bbox 250 1657 331 1717; x_wconf 89' lang='lat' dir='ltr'>alius</span> <span class='ocrx_word' id='word_1_106' title='bbox 344 1658 538 1734; x_wconf 70' lang='lat' dir='ltr'>ludaeorum,</span> <span class='ocrx_word' id='word_1_107' title='bbox 556 1658 638 1718; x_wconf 85' lang='lat' dir='ltr'>alius</span> <span class='ocrx_word' id='word_1_108' title='bbox 652 1660 883 1730; x_wconf 63' lang='lat' dir='ltr'>Romanorum</span> <span class='ocrx_word' id='word_1_109' title='bbox 901 1653 1058 1732; x_wconf 85' lang='lat' dir='ltr'>etpluries</span> 
     </span>
     <span class='ocr_line' id='line_1_16' title="bbox 29 1751 1056 1834; baseline -0.003 -20"><span class='ocrx_word' id='word_1_110' title='bbox 29 1755 215 1816; x_wconf 79' lang='lat' dir='ltr'>astronomi</span> <span class='ocrx_word' id='word_1_111' title='bbox 238 1769 347 1816; x_wconf 85' lang='lat' dir='ltr'>curam</span> <span class='ocrx_word' id='word_1_112' title='bbox 371 1755 595 1834; x_wconf 90' lang='lat' dir='ltr'>impenderunt</span> <span class='ocrx_word' id='word_1_113' title='bbox 618 1760 653 1814; x_wconf 90' lang='lat' dir='ltr'>ut</span> <span class='ocrx_word' id='word_1_114' title='bbox 675 1755 919 1815; x_wconf 85' lang='lat' dir='ltr'>emendarentur</span> <span class='ocrx_word' id='word_1_115' title='bbox 941 1751 1056 1812; x_wconf 91' lang='lat' dir='ltr'>borum</span> 
     </span>
     <span class='ocr_line' id='line_1_17' title="bbox 29 1849 1052 1932; baseline -0.003 -21"><span class='ocrx_word' id='word_1_116' title='bbox 29 1852 201 1930; x_wconf 90' lang='lat' dir='ltr'>cyclorum</span> <span class='ocrx_word' id='word_1_117' title='bbox 215 1853 367 1928; x_wconf 87' lang='lat' dir='ltr'>defectus,</span> <span class='ocrx_word' id='word_1_118' title='bbox 377 1853 431 1913; x_wconf 92' lang='lat' dir='ltr'>sed</span> <span class='ocrx_word' id='word_1_119' title='bbox 442 1853 565 1913; x_wconf 90' lang='lat' dir='ltr'>incasso</span> <span class='ocrx_word' id='word_1_120' title='bbox 580 1852 702 1926; x_wconf 91' lang='lat' dir='ltr'>labore,</span> <span class='ocrx_word' id='word_1_121' title='bbox 715 1853 802 1932; x_wconf 86' lang='lat' dir='ltr'>quia,</span> <span class='ocrx_word' id='word_1_122' title='bbox 817 1870 871 1912; x_wconf 89' lang='lat' dir='ltr'>seu</span> <span class='ocrx_word' id='word_1_123' title='bbox 884 1849 1052 1929; x_wconf 82' lang='lat' dir='ltr'>imperitia,</span> 
     </span>
     <span class='ocr_line' id='line_1_18' title="bbox 29 1949 1055 2031; baseline -0.002 -22"><span class='ocrx_word' id='word_1_124' title='bbox 29 1967 90 2010; x_wconf 90' lang='lat' dir='ltr'>seu</span> <span class='ocrx_word' id='word_1_125' title='bbox 110 1949 315 2028; x_wconf 86' lang='lat' dir='ltr'>negligentia,</span> <span class='ocrx_word' id='word_1_126' title='bbox 335 1969 399 2012; x_wconf 89' lang='lat' dir='ltr'>non</span> <span class='ocrx_word' id='word_1_127' title='bbox 421 1950 626 2031; x_wconf 89' lang='lat' dir='ltr'>providerant</span> <span class='ocrx_word' id='word_1_128' title='bbox 645 1955 765 2031; x_wconf 89' lang='lat' dir='ltr'>quanta</span> <span class='ocrx_word' id='word_1_129' title='bbox 779 1955 959 2028; x_wconf 90' lang='lat' dir='ltr'>temporum</span> <span class='ocrx_word' id='word_1_130' title='bbox 979 1966 1055 2008; x_wconf 89' lang='lat' dir='ltr'>con·</span> 
     </span>
     <span class='ocr_line' id='line_1_19' title="bbox 29 2046 1055 2128; baseline -0.002 -22"><span class='ocrx_word' id='word_1_131' title='bbox 29 2046 118 2108; x_wconf 87' lang='lat' dir='ltr'>fusio</span> <span class='ocrx_word' id='word_1_132' title='bbox 132 2048 166 2108; x_wconf 91' lang='lat' dir='ltr'>in</span> <span class='ocrx_word' id='word_1_133' title='bbox 182 2049 337 2122; x_wconf 83' lang='lat' dir='ltr'>futurum,</span> <span class='ocrx_word' id='word_1_134' title='bbox 354 2048 470 2128; x_wconf 89' lang='lat' dir='ltr'>elapsis</span> <span class='ocrx_word' id='word_1_135' title='bbox 483 2048 628 2128; x_wconf 91' lang='lat' dir='ltr'>pluribus</span> <span class='ocrx_word' id='word_1_136' title='bbox 643 2048 776 2121; x_wconf 79' lang='lat' dir='ltr'>saeculis,</span> <span class='ocrx_word' id='word_1_137' title='bbox 792 2047 911 2108; x_wconf 89' lang='lat' dir='ltr'>oritura</span> <span class='ocrx_word' id='word_1_138' title='bbox 923 2051 1004 2108; x_wconf 87' lang='lat' dir='ltr'>esset</span> <span class='ocrx_word' id='word_1_139' title='bbox 1017 2064 1055 2106; x_wconf 88' lang='lat' dir='ltr'>ex</span> 
     </span>
     <span class='ocr_line' id='line_1_20' title="bbox 30 2144 1054 2226; baseline -0.001 -21"><span class='ocrx_word' id='word_1_140' title='bbox 30 2145 228 2223; x_wconf 88' lang='lat' dir='ltr'>quibusdam</span> <span class='ocrx_word' id='word_1_141' title='bbox 250 2145 338 2206; x_wconf 88' lang='lat' dir='ltr'>horis</span> <span class='ocrx_word' id='word_1_142' title='bbox 353 2152 384 2206; x_wconf 94' lang='lat' dir='ltr'>et</span> <span class='ocrx_word' id='word_1_143' title='bbox 396 2146 526 2206; x_wconf 87' lang='lat' dir='ltr'>minutis</span> <span class='ocrx_word' id='word_1_144' title='bbox 539 2145 758 2226; x_wconf 73' lang='lat' dir='ltr'>pretermissis</span> <span class='ocrx_word' id='word_1_145' title='bbox 772 2145 805 2205; x_wconf 92' lang='lat' dir='ltr'>in</span> <span class='ocrx_word' id='word_1_146' title='bbox 818 2144 1054 2223; x_wconf 84' lang='lat' dir='ltr'>computatione</span> 
     </span>
     <span class='ocr_line' id='line_1_21' title="bbox 31 2259 205 2303; baseline 0.006 -2"><span class='ocrx_word' id='word_1_147' title='bbox 31 2259 205 2303; x_wconf 88' lang='lat' dir='ltr'>annorum.</span> 
     </span>
    </p>

    <p class='ocr_par' dir='ltr' id='par_1_6' title="bbox 31 2341 1051 3782">
     <span class='ocr_line' id='line_1_22' title="bbox 95 2341 1051 2422; baseline -0.003 -21"><span class='ocrx_word' id='word_1_148' title='bbox 95 2341 318 2401; x_wconf 81' lang='lat' dir='ltr'>Calendarium</span> <span class='ocrx_word' id='word_1_149' title='bbox 328 2345 507 2403; x_wconf 88' lang='lat' dir='ltr'>Romanum</span> <span class='ocrx_word' id='word_1_150' title='bbox 518 2341 657 2422; x_wconf 85' lang='lat' dir='ltr'>graviter</span> <span class='ocrx_word' id='word_1_151' title='bbox 670 2361 727 2402; x_wconf 88' lang='lat' dir='ltr'>sua</span> <span class='ocrx_word' id='word_1_152' title='bbox 738 2346 831 2402; x_wconf 89' lang='lat' dir='ltr'>aetate</span> <span class='ocrx_word' id='word_1_153' title='bbox 840 2341 1051 2400; x_wconf 82' lang='lat' dir='ltr'>deformatum</span> 
     </span>
     <span class='ocr_line' id='line_1_23' title="bbox 31 2419 1050 2517; baseline -0.001 -21"><span class='ocrx_word' id='word_1_154' title='bbox 31 2437 212 2498; x_wconf 89' lang='lat' dir='ltr'>instaurare</span> <span class='ocrx_word' id='word_1_155' title='bbox 228 2419 456 2517; x_wconf 75' lang='lat' dir='ltr'>aggressusest</span> <span class='ocrx_word' id='word_1_156' title='bbox 471 2439 573 2502; x_wconf 86' lang='lat' dir='ltr'>Julius</span> <span class='ocrx_word' id='word_1_157' title='bbox 586 2442 701 2514; x_wconf 71' lang='lat' dir='ltr'>Caesar,</span> <span class='ocrx_word' id='word_1_158' title='bbox 718 2458 801 2500; x_wconf 85' lang='lat' dir='ltr'>anno</span> <span class='ocrx_word' id='word_1_159' title='bbox 816 2442 856 2498; x_wconf 78' lang='lat' dir='ltr'>lt</span> <span class='ocrx_word' id='word_1_160' title='bbox 866 2443 938 2498; x_wconf 89' lang='lat' dir='ltr'>ante</span> <span class='ocrx_word' id='word_1_161' title='bbox 954 2453 1050 2498; x_wconf 74' lang='lat' dir='ltr'>aram</span> 
     </span>
     <span class='ocr_line' id='line_1_24' title="bbox 31 2533 1049 2598; baseline 0.001 -5"><span class='ocrx_word' id='word_1_162' title='bbox 31 2534 251 2596; x_wconf 89' lang='lat' dir='ltr'>christianam.</span> <span class='ocrx_word' id='word_1_163' title='bbox 270 2537 403 2598; x_wconf 83' lang='lat' dir='ltr'>Statuit:</span> <span class='ocrx_word' id='word_1_164' title='bbox 422 2537 682 2598; x_wconf 85' lang='lat' dir='ltr'>l⁰adhibendum</span> <span class='ocrx_word' id='word_1_165' title='bbox 699 2539 767 2598; x_wconf 88' lang='lat' dir='ltr'>lore</span> <span class='ocrx_word' id='word_1_166' title='bbox 781 2554 899 2597; x_wconf 88' lang='lat' dir='ltr'>annum</span> <span class='ocrx_word' id='word_1_167' title='bbox 914 2533 1049 2595; x_wconf 82' lang='lat' dir='ltr'>solarem</span> 
     </span>
     <span class='ocr_line' id='line_1_25' title="bbox 32 2633 1050 2708; baseline 0.002 -16"><span class='ocrx_word' id='word_1_168' title='bbox 32 2633 73 2692; x_wconf 89' lang='lat' dir='ltr'>ad</span> <span class='ocrx_word' id='word_1_169' title='bbox 91 2652 169 2693; x_wconf 88' lang='lat' dir='ltr'>usus</span> <span class='ocrx_word' id='word_1_170' title='bbox 190 2633 312 2708; x_wconf 89' lang='lat' dir='ltr'>civiles;</span> <span class='ocrx_word' id='word_1_171' title='bbox 341 2653 461 2694; x_wconf 88' lang='lat' dir='ltr'>annum</span> <span class='ocrx_word' id='word_1_172' title='bbox 483 2653 558 2695; x_wconf 89' lang='lat' dir='ltr'>vero</span> <span class='ocrx_word' id='word_1_173' title='bbox 582 2635 798 2695; x_wconf 87' lang='lat' dir='ltr'>definiendum</span> <span class='ocrx_word' id='word_1_174' title='bbox 821 2633 977 2695; x_wconf 89' lang='lat' dir='ltr'>curriculo</span> <span class='ocrx_word' id='word_1_175' title='bbox 990 2633 1050 2694; x_wconf 75' lang='grc'>365</span> 
     </span>
     <span class='ocr_line' id='line_1_26' title="bbox 31 2729 1049 2811; baseline 0.002 -23"><span class='ocrx_word' id='word_1_176' title='bbox 31 2730 158 2792; x_wconf 91' lang='lat' dir='ltr'>dierum</span> <span class='ocrx_word' id='word_1_177' title='bbox 173 2735 204 2791; x_wconf 91' lang='lat' dir='ltr'>et</span> <span class='ocrx_word' id='word_1_178' title='bbox 220 2750 274 2792; x_wconf 90' lang='lat' dir='ltr'>sex</span> <span class='ocrx_word' id='word_1_179' title='bbox 288 2731 440 2792; x_wconf 82' lang='lat' dir='ltr'>horarum</span> <span class='ocrx_word' id='word_1_180' title='bbox 460 2732 671 2810; x_wconf 79' lang='lat' dir='ltr'>integrarum3</span> <span class='ocrx_word' id='word_1_181' title='bbox 687 2735 719 2791; x_wconf 72' lang='lat'>2⁰</span> <span class='ocrx_word' id='word_1_182' title='bbox 733 2739 797 2794; x_wconf 90' lang='lat' dir='ltr'>tres</span> <span class='ocrx_word' id='word_1_183' title='bbox 818 2729 1049 2811; x_wconf 82' lang='lat' dir='ltr'>computandos</span> 
     </span>
     <span class='ocr_line' id='line_1_27' title="bbox 32 2816 1048 2910; baseline 0 -23"><span class='ocrx_word' id='word_1_184' title='bbox 32 2845 99 2888; x_wconf 90' lang='lat' dir='ltr'>esse</span> <span class='ocrx_word' id='word_1_185' title='bbox 129 2847 228 2890; x_wconf 92' lang='lat' dir='ltr'>annos</span> <span class='ocrx_word' id='word_1_186' title='bbox 254 2829 376 2890; x_wconf 89' lang='lat' dir='ltr'>dierum</span> <span class='ocrx_word' id='word_1_187' title='bbox 402 2831 472 2905; x_wconf 78' lang='lat'><strong>365,</strong></span> <span class='ocrx_word' id='word_1_188' title='bbox 506 2837 619 2909; x_wconf 90' lang='lat' dir='ltr'>quarto</span> <span class='ocrx_word' id='word_1_189' title='bbox 642 2837 759 2906; x_wconf 88' lang='lat' dir='ltr'>autem,</span> <span class='ocrx_word' id='word_1_190' title='bbox 778 2831 832 2910; x_wconf 90' lang='lat' dir='ltr'>qui</span> <span class='ocrx_word' id='word_1_191' title='bbox 851 2816 1048 2910; x_wconf 71' lang='lat' dir='ltr'>sequeretur,</span> 
     </span>
     <span class='ocr_line' id='line_1_28' title="bbox 32 2926 1049 3006; baseline 0.004 -22"><span class='ocrx_word' id='word_1_192' title='bbox 32 2926 310 3004; x_wconf 88' lang='lat' dir='ltr'>superaddendum</span> <span class='ocrx_word' id='word_1_193' title='bbox 336 2947 435 2987; x_wconf 92' lang='lat' dir='ltr'>unum</span> <span class='ocrx_word' id='word_1_194' title='bbox 456 2928 540 2988; x_wconf 89' lang='lat' dir='ltr'>diem</span> <span class='ocrx_word' id='word_1_195' title='bbox 560 2927 640 3006; x_wconf 91' lang='lat' dir='ltr'>(dies</span> <span class='ocrx_word' id='word_1_196' title='bbox 652 2928 705 2988; x_wconf 91' lang='lat' dir='ltr'>ille</span> <span class='ocrx_word' id='word_1_197' title='bbox 719 2929 916 2990; x_wconf 88' lang='lat' dir='ltr'>intercalaris</span> <span class='ocrx_word' id='word_1_198' title='bbox 931 2929 1049 2989; x_wconf 79' lang='lat' dir='ltr'>forma-</span> 
     </span>
     <span class='ocr_line' id='line_1_29' title="bbox 31 3021 1048 3106; baseline 0.004 -24"><span class='ocrx_word' id='word_1_199' title='bbox 31 3021 127 3082; x_wconf 88' lang='lat' dir='ltr'>batur</span> <span class='ocrx_word' id='word_1_200' title='bbox 141 3042 180 3084; x_wconf 85' lang='lat' dir='ltr'>ex</span> <span class='ocrx_word' id='word_1_201' title='bbox 196 3043 251 3084; x_wconf 82' lang='lat' dir='ltr'>sex</span> <span class='ocrx_word' id='word_1_202' title='bbox 261 3024 359 3098; x_wconf 83' lang='lat' dir='ltr'>horis,</span> <span class='ocrx_word' id='word_1_203' title='bbox 376 3031 489 3104; x_wconf 88' lang='lat' dir='ltr'>quater</span> <span class='ocrx_word' id='word_1_204' title='bbox 503 3025 655 3104; x_wconf 85' lang='lat' dir='ltr'>repetitis,</span> <span class='ocrx_word' id='word_1_205' title='bbox 670 3046 741 3106; x_wconf 82' lang='lat' dir='ltr'>quae</span> <span class='ocrx_word' id='word_1_206' title='bbox 757 3027 841 3087; x_wconf 90' lang='lat' dir='ltr'>intra</span> <span class='ocrx_word' id='word_1_207' title='bbox 855 3045 975 3088; x_wconf 90' lang='lat' dir='ltr'>annum</span> <span class='ocrx_word' id='word_1_208' title='bbox 987 3026 1048 3086; x_wconf 84' lang='lat' dir='ltr'>ba·</span> 
     </span>
     <span class='ocr_line' id='line_1_30' title="bbox 31 3120 1046 3201; baseline 0.006 -23"><span class='ocrx_word' id='word_1_209' title='bbox 31 3120 146 3180; x_wconf 92' lang='lat' dir='ltr'>bentur</span> <span class='ocrx_word' id='word_1_210' title='bbox 161 3128 276 3200; x_wconf 83' lang='lat' dir='ltr'>praeter</span> <span class='ocrx_word' id='word_1_211' title='bbox 292 3123 350 3182; x_wconf 82' lang='lat'>365</span> <span class='ocrx_word' id='word_1_212' title='bbox 366 3120 460 3201; x_wconf 89' lang='lat' dir='ltr'>dies);</span> <span class='ocrx_word' id='word_1_213' title='bbox 475 3123 508 3182; x_wconf 79' lang='lat'>3⁰</span> <span class='ocrx_word' id='word_1_214' title='bbox 522 3141 646 3184; x_wconf 90' lang='lat' dir='ltr'>menses</span> <span class='ocrx_word' id='word_1_215' title='bbox 660 3143 815 3186; x_wconf 90' lang='lat' dir='ltr'>annorum</span> <span class='ocrx_word' id='word_1_216' title='bbox 831 3123 1046 3186; x_wconf 84' lang='lat' dir='ltr'>communium</span> 
     </span>
     <span class='ocr_line' id='line_1_31' title="bbox 32 3217 1048 3300; baseline 0.002 -24"><span class='ocrx_word' id='word_1_217' title='bbox 32 3217 74 3277; x_wconf 90' lang='lat' dir='ltr'>sic</span> <span class='ocrx_word' id='word_1_218' title='bbox 90 3219 338 3296; x_wconf 89' lang='lat' dir='ltr'>componendos,</span> <span class='ocrx_word' id='word_1_219' title='bbox 361 3224 396 3280; x_wconf 91' lang='lat' dir='ltr'>ut</span> <span class='ocrx_word' id='word_1_220' title='bbox 411 3225 542 3298; x_wconf 89' lang='lat' dir='ltr'>septem,</span> <span class='ocrx_word' id='word_1_221' title='bbox 557 3220 693 3282; x_wconf 88' lang='lat' dir='ltr'>scilicet:</span> <span class='ocrx_word' id='word_1_222' title='bbox 707 3222 884 3300; x_wconf 86' lang='lat' dir='ltr'>januarius,</span> <span class='ocrx_word' id='word_1_223' title='bbox 901 3219 1048 3292; x_wconf 73' lang='lat' dir='ltr'>martius,</span> 
     </span>
     <span class='ocr_line' id='line_1_32' title="bbox 32 3315 1046 3394; baseline 0.003 -20"><span class='ocrx_word' id='word_1_224' title='bbox 32 3315 143 3388; x_wconf 87' lang='lat' dir='ltr'>maius,</span> <span class='ocrx_word' id='word_1_225' title='bbox 168 3315 280 3394; x_wconf 77' lang='lat' dir='ltr'>julius,</span> <span class='ocrx_word' id='word_1_226' title='bbox 306 3321 470 3394; x_wconf 85' lang='lat' dir='ltr'>augustus,</span> <span class='ocrx_word' id='word_1_227' title='bbox 487 3318 617 3378; x_wconf 89' lang='lat' dir='ltr'>october</span> <span class='ocrx_word' id='word_1_228' title='bbox 645 3323 677 3378; x_wconf 89' lang='lat' dir='ltr'>et</span> <span class='ocrx_word' id='word_1_229' title='bbox 706 3319 872 3378; x_wconf 87' lang='lat' dir='ltr'>december</span> <span class='ocrx_word' id='word_1_230' title='bbox 889 3317 1046 3378; x_wconf 90' lang='lat' dir='ltr'>baberent</span> 
     </span>
     <span class='ocr_line' id='line_1_33' title="bbox 31 3407 1046 3495; baseline 0.003 -24"><span class='ocrx_word' id='word_1_231' title='bbox 31 3413 95 3472; x_wconf 90' lang='lat' dir='ltr'>dies</span> <span class='ocrx_word' id='word_1_232' title='bbox 116 3413 171 3486; x_wconf 86' lang='lat' dir='ltr'>3l;</span> <span class='ocrx_word' id='word_1_233' title='bbox 194 3407 330 3492; x_wconf 84' lang='lat' dir='ltr'>quatuor</span> <span class='ocrx_word' id='word_1_234' title='bbox 350 3415 432 3490; x_wconf 86' lang='lat' dir='ltr'>aliis,</span> <span class='ocrx_word' id='word_1_235' title='bbox 454 3415 575 3476; x_wconf 86' lang='lat' dir='ltr'>scilieet</span> <span class='ocrx_word' id='word_1_236' title='bbox 592 3416 695 3495; x_wconf 89' lang='lat' dir='ltr'>aprili,</span> <span class='ocrx_word' id='word_1_237' title='bbox 709 3415 811 3494; x_wconf 91' lang='lat' dir='ltr'>junio,</span> <span class='ocrx_word' id='word_1_238' title='bbox 829 3414 998 3495; x_wconf 86' lang='lat' dir='ltr'>septembri</span> <span class='ocrx_word' id='word_1_239' title='bbox 1012 3420 1046 3475; x_wconf 92' lang='lat' dir='ltr'>et</span> 
     </span>
     <span class='ocr_line' id='line_1_34' title="bbox 32 3510 1044 3586; baseline 0.004 -17"><span class='ocrx_word' id='word_1_240' title='bbox 32 3510 194 3570; x_wconf 90' lang='lat' dir='ltr'>novembri</span> <span class='ocrx_word' id='word_1_241' title='bbox 209 3511 274 3571; x_wconf 92' lang='lat' dir='ltr'>dies</span> <span class='ocrx_word' id='word_1_242' title='bbox 289 3512 329 3572; x_wconf 90' lang='grc'>30</span> <span class='ocrx_word' id='word_1_243' title='bbox 346 3513 610 3586; x_wconf 83' lang='lat' dir='ltr'>adscriberentur,</span> <span class='ocrx_word' id='word_1_244' title='bbox 628 3520 659 3574; x_wconf 88' lang='lat' dir='ltr'>et</span> <span class='ocrx_word' id='word_1_245' title='bbox 673 3514 832 3574; x_wconf 85' lang='lat' dir='ltr'>februario</span> <span class='ocrx_word' id='word_1_246' title='bbox 847 3519 969 3574; x_wconf 88' lang='lat' dir='ltr'>tantum</span> <span class='ocrx_word' id='word_1_247' title='bbox 986 3513 1044 3586; x_wconf 66' lang='lat'>2&amp;</span> 
     </span>
     <span class='ocr_line' id='line_1_35' title="bbox 31 3607 1044 3691; baseline 0.003 -24"><span class='ocrx_word' id='word_1_248' title='bbox 31 3611 61 3667; x_wconf 74' lang='lat'>4⁰</span> <span class='ocrx_word' id='word_1_249' title='bbox 76 3607 159 3668; x_wconf 91' lang='lat' dir='ltr'>diem</span> <span class='ocrx_word' id='word_1_250' title='bbox 178 3608 400 3670; x_wconf 87' lang='lat' dir='ltr'>intercalarem</span> <span class='ocrx_word' id='word_1_251' title='bbox 421 3613 640 3689; x_wconf 90' lang='lat' dir='ltr'>reponendum</span> <span class='ocrx_word' id='word_1_252' title='bbox 660 3612 693 3671; x_wconf 92' lang='lat' dir='ltr'>in</span> <span class='ocrx_word' id='word_1_253' title='bbox 714 3618 827 3691; x_wconf 88' lang='lat' dir='ltr'>quarto</span> <span class='ocrx_word' id='word_1_254' title='bbox 841 3629 935 3688; x_wconf 89' lang='lat' dir='ltr'>anno,</span> <span class='ocrx_word' id='word_1_255' title='bbox 958 3610 1044 3671; x_wconf 85' lang='lat' dir='ltr'>circa</span> 
     </span>
     <span class='ocr_line' id='line_1_36' title="bbox 32 3704 1042 3782; baseline 0.004 -18"><span class='ocrx_word' id='word_1_256' title='bbox 32 3705 124 3766; x_wconf 87' lang='lat' dir='ltr'>linem</span> <span class='ocrx_word' id='word_1_257' title='bbox 140 3707 256 3766; x_wconf 89' lang='lat' dir='ltr'>mensis</span> <span class='ocrx_word' id='word_1_258' title='bbox 270 3707 433 3782; x_wconf 88' lang='lat' dir='ltr'>februarii,</span> <span class='ocrx_word' id='word_1_259' title='bbox 451 3713 540 3769; x_wconf 88' lang='lat' dir='ltr'>sexto</span> <span class='ocrx_word' id='word_1_260' title='bbox 557 3704 714 3770; x_wconf 81' lang='lat' dir='ltr'>calendas.</span> <span class='ocrx_word' id='word_1_261' title='bbox 729 3711 838 3770; x_wconf 89' lang='lat' dir='ltr'>Annus</span> <span class='ocrx_word' id='word_1_262' title='bbox 852 3708 906 3768; x_wconf 90' lang='lat' dir='ltr'>ille</span> <span class='ocrx_word' id='word_1_263' title='bbox 929 3707 1042 3768; x_wconf 68' lang='lat' dir='ltr'>braca·</span> 
     </span>
    </p>
   </div>
   <div class='ocr_carea' id='block_1_3' title="bbox 0 0 1296 4272">
    <p class='ocr_par' dir='ltr' id='par_1_7' title="bbox 0 0 1296 4272">
     <span class='ocr_line' id='line_1_37' title="bbox 0 0 1296 4272; baseline 0 0"><span class='ocrx_word' id='word_1_264' title='bbox 0 0 1296 4272; x_wconf 95' lang='lat' dir='ltr'> </span> 
     </span>
    </p>
   </div>
  </div>
 </body>
</html>
