2642 4268
263 273 315 328 468
518 277 590 325 PARS
608 276 655 323 lll.
677 276 733 323 RES
754 275 996 325 sccirsllsrlcu.

264 402 295 457 et
314 395 352 456 de
370 393 580 455 incommodis
594 409 665 471 quae
681 391 807 453 obstare
825 397 959 471 possunt
972 393 1143 472 quominus
1158 413 1283 475 corpus

262 489 575 556 adlocumdomicilii
585 490 745 550 deseratur
751 489 905 568 judicare,
916 490 956 550 ad
964 490 1121 552 familiam
1132 491 1281 555 defuncti

263 590 458 671 potissimum
474 588 622 668 pertinet.

322 691 354 748 2⁰
369 688 403 748 Si
418 704 531 766 corpus
544 685 683 746 defuncti
696 704 713 746 e
726 685 796 746 loco
809 685 953 746 decessus
963 684 998 746 in
1008 685 1209 750 domicilium
1222 708 1279 768 pa-

260 785 411 860 rochiale,
422 784 471 844 vel
480 783 556 844 alibi
570 784 631 843 ritu
647 800 736 842 sacro
749 783 977 861 asportandum
991 783 1041 859 sit,
1057 783 1109 862 jus
1124 785 1208 846 illud
1227 803 1276 847 as·

249 883 399 946 ¹sociandi
411 881 546 961 pertinet
560 881 601 941 ad
615 880 791 959 parochum
808 880 903 955 villae,
917 899 972 941 seu
988 882 1074 942 urhis
1091 883 1148 943 uhi
1164 884 1276 946 deces-

258 983 308 1043 sit.
325 1013 365 1026 -
378 981 446 1042 Mos
460 985 507 1040 est
520 983 664 1058 receptus
682 976 715 1037 in
730 978 837 1038 multis
851 978 1034 1057 provinciis,
1051 985 1087 1040 ut
1100 981 1275 1045 defunctus

257 1099 274 1142 e
289 1080 383 1142 domo
398 1079 431 1138 in
446 1096 509 1156 qua
523 1077 601 1138 obiit
616 1095 679 1136 non
695 1075 845 1136 efferatur
858 1076 890 1136 in
905 1076 1010 1137 locum
1026 1096 1122 1157 quem
1137 1097 1206 1142 suae
1218 1099 1273 1142 se-

256 1178 390 1258 pulturae
405 1175 544 1254 clegerit,
559 1174 619 1235 nisi
633 1173 720 1254 prius
736 1173 776 1233 ad
787 1173 960 1234 Ecclesiam
974 1176 1197 1254 parochialem
1212 1178 1269 1239 dc-

257 1275 359 1338 ccssus
377 1273 499 1335 delatus
516 1272 565 1334 sit.
583 1271 668 1360 Nihil
685 1290 761 1332 vcro
779 1271 1007 1334 determinatur
1020 1273 1059 1334 de
1079 1274 1267 1351 honorario,

255 1391 309 1434 seu
336 1371 490 1451 stipendio
517 1369 725 1448 persolvendo
753 1387 811 1447 pro
837 1370 977 1448 corporis
1004 1373 1265 1449 praesentatione.

211 1511 217 1522 ι
255 1468 478 1532 consuetudini
494 1467 646 1541 locorum,
663 1472 719 1527 aut
737 1466 862 1527 statutis
881 1467 1024 1528 dioecesis
1038 1469 1192 1530 standum
1206 1477 1264 1532 est

229 1593 231 1596 ·
314 1569 346 1628 3⁰
361 1567 450 1628 Ritus
464 1564 665 1627 ecclesiastici
682 1564 901 1644 exsequiarum
912 1565 1125 1626 communiter
1136 1567 1221 1629 fiunt
1232 1569 1265 1628 in

252 1664 393 1726 Ecclesia
412 1661 597 1742 parochiali,
618 1665 650 1722 et
666 1661 798 1740 proinde
814 1680 832 1722 a
848 1661 932 1723 clero
952 1663 1113 1741 parochiae
1128 1663 1195 1727 loci
1210 1666 1264 1728 ubi

252 1762 402 1842 sepelitur
412 1761 586 1821 defunctus.
598 1758 759 1820 Parochus
767 1758 994 1838 quiperfecerit
1005 1761 1113 1835 funus,
1125 1762 1263 1824 honora-

250 1860 332 1920 rium
345 1864 488 1921 taxatum
502 1857 623 1936 recipit,
641 1862 672 1917 ct
682 1857 747 1917 fabr
753 1856 802 1916 ica
817 1855 956 1935 ejusdem
968 1859 1130 1936 parochiae
1139 1859 1194 1940 jus
1208 1860 1265 1921 ha·

251 1958 304 2019 het
318 1958 358 2018 ad
373 1956 529 2035 stipendia
543 1953 794 2016 ordinationibus
809 1953 950 2015 dioecesis
964 1955 1136 2032 assignata,
1150 1975 1260 2018 serva-

250 2056 290 2116 tis
305 2053 582 2116 consuctudinibus
598 2053 739 2113 locorum
754 2051 837 2112 circa
851 2061 992 2132 quartam
1008 2053 1206 2132 stromateum,
1223 2055 1257 2116 in

250 2154 390 2214 favorem
405 2150 564 2232 parochiae
580 2148 743 2224 domicilii,
758 2148 785 2209 si
799 2149 903 2212 adhuc
917 2150 1055 2228 vigeant.

309 2250 509 2312 4⁰Par0chus
524 2247 578 2328 qui
587 2248 619 2310 in
628 2266 684 2308 sua
693 2247 832 2308 Ecclesia
840 2247 971 2327 perfecit
983 2248 1090 2324 funus,
1098 2249 1153 2328 jus
1161 2250 1261 2314 habet

249 2349 425 2410 associandi
446 2348 580 2408 cadaver
603 2346 644 2405 ad
669 2345 774 2406 locum
799 2345 980 2424 sepulturae,
1000 2347 1033 2406 in
1055 2366 1259 2428 quacumque

248 2451 338 2526 porte
348 2445 434 2506 urhis
444 2443 648 2505 constitutum
659 2441 699 2502 sit
709 2442 933 2505 coemeterium.
947 2445 1009 2504 Per
1022 2444 1257 2508 institutionem

247 2543 500 2606 coemeteriorum
515 2540 714 2619 publicorum
729 2539 810 2600 nihil
821 2539 879 2600 tuit
890 2539 1119 2603 innovatumin
1128 2545 1204 2623 jure
1214 2546 1258 2605 fu·

247 2637 865 2701 nerum:tenentlocumcoemeteriornm
875 2638 1125 2717 parochialium
1143 2659 1255 2720 quam·

246 2738 354 2801 obrem
368 2736 503 2798 Perochi
513 2741 645 2816 possunt
654 2733 730 2796 illuc
740 2734 860 2796 deferre
878 2736 1033 2798 cadavera
1054 2757 1188 2801 suorum
1207 2761 1258 2821 pa·

244 2835 468 2896 rochianorum
480 2838 511 2895 et
523 2834 569 2894 ihi
587 2833 636 2894 sui
647 2833 743 2894 officii
758 2837 789 2894 ct
804 2831 1031 2912 jurisdictionis
1053 2842 1144 2898 nctus
1167 2857 1255 2900 exer·

244 2947 325 3002 cere,
341 2927 542 3007 tanquamin
556 2927 626 2988 loco
643 2926 779 3006 propriae
791 2926 1030 3006 jurisdictionis.
1045 2928 1127 3001 Quin
1144 2931 1253 3008 etiam,
1309 2969 1310 2984 κ

243 3028 269 3088 si
282 3045 395 3106 corpus
410 3024 550 3086 defuncti
558 3023 727 3088 ,transferri
741 3024 855 3085 debeat
869 3026 909 3085 ad
924 3026 1129 3088 constitutam
1143 3030 1250 3108 sepul·
1308 3031 1309 3079 l

242 3130 347 3187 turam
358 3123 392 3185 in
407 3122 472 3184 alia
482 3120 618 3199 civitate,
633 3126 665 3183 et
677 3121 798 3182 familia
812 3120 951 3201 postulet
964 3123 1174 3186 illucdeferri
1190 3126 1252 3187 ritu
1307 3119 1308 3175 l

240 3223 387 3302 religioso
401 3238 458 3300 per
472 3219 640 3298 eliquama
658 3218 752 3294 clero,
772 3218 841 3298 lege
862 3220 1033 3294 communi,
1057 3226 1089 3282 et
1109 3240 1150 3284 ex
1171 3223 1252 3286 deci
1306 3209 1307 3269 l

239 3320 379 3382 sionibus
393 3317 480 3380 haud
493 3315 590 3378 semel
604 3315 685 3376 dotis
698 3334 717 3376 a
729 3316 761 3376 S.
776 3317 931 3395 congreg.
946 3317 1088 3392 Consilii,
1097 3320 1153 3398 jus
1163 3339 1248 3382 csso-
1305 3289 1306 3365 l

239 3418 342 3480 alandi
354 3417 396 3480 sd
410 3433 509 3496 usque
521 3414 625 3476 locum
640 3413 821 3493 sepulture,
835 3413 877 3476 ad
889 3414 1053 3493 proprium
1067 3418 1246 3480 Parochum
1303 3395 1305 3462 l

235 3515 418 3598 pertineret.

297 3614 328 3672 5ο
343 3611 473 3684 Quando
489 3627 602 3690 corpus
615 3609 805 3670 transfertur
814 3609 1089 3689 processionaliter
1098 3629 1156 3691 per
1168 3612 1247 3674 fines

235 3708 392 3787 parochiae
409 3707 613 3781 intermediae,
630 3711 666 3768 ut
684 3706 876 3786 perducatur
890 3705 923 3766 in
938 3708 1045 3770 locum
1058 3708 1243 3790 sepulturae,
