2642 4268
172 317 239 367 aar.
262 317 294 366 ΙΙ.
316 313 509 378 contritura,
529 315 739 366 ottomanus
757 317 794 366 ΕΤ
814 316 980 366 aurariam.
1032 311 1083 364 5l9

67 441 99 500 3ο
113 435 190 518 quid
202 436 279 498 item
297 435 486 498 servandum
498 435 532 498 in
546 435 675 497 illorum
691 435 878 512 collatione3
894 439 928 498 4⁰
943 435 1083 517 quando·

67 556 141 599 nam
163 534 308 616 provisus
326 534 496 596 inducatur
515 535 548 596 in
563 535 794 616 possessionem
814 535 912 612 tituli3
929 537 961 596 5ο
976 540 1083 596 utrum

68 641 98 698 at
113 639 271 716 quatenus
283 633 389 719 valeat
400 631 491 694 illum
506 633 668 712 resignare
683 638 739 695 aut
752 639 949 714 permutare;
967 635 1001 693 6⁰
1016 637 1084 694 tan·

68 737 141 797 dem
156 737 263 795 utrum
280 738 312 795 et
335 735 491 812 quatenus
511 735 658 794 teneatur
675 733 857 812 impendere
875 733 909 794 iu
925 732 995 812 pios
1010 749 1084 792 usus

69 833 231 914 superflua
244 831 425 892 reddituum
436 830 531 894 tituli.
554 883 561 902 .,

128 931 230 992 *594.
247 963 285 977 -
299 930 325 991 Ιο
343 929 423 1006 Ouid
435 939 464 990 et
474 928 636 1010 quotuplex
646 930 686 990 sit
697 927 891 1012 beneficium?

128 1031 153 1092 1.
167 1028 360 1092 Beneficium
373 1033 421 1090 est
431 1027 481 1108 jus
496 1029 692 1109 percipiendi
703 1029 824 1090 tructus
834 1047 873 1090 ex
884 1027 976 1090 bonis
988 1029 1085 1090 eoele-

70 1129 214 1204 siastiais,
232 1128 319 1209 quod
333 1127 446 1190 elerico
462 1127 503 1188 ad
516 1127 615 1189 vitam
628 1127 790 1204 tribuitur,
804 1130 935 1208 propter
943 1125 1083 1189 officium

69 1227 244 1310 spirituale,
262 1225 475 1289 ecclesiastica
489 1226 679 1289 auctoritate
695 1227 912 1288 constitutum.
946 1210 949 1214 ⁵

127 1330 196 1389 Duo
205 1325 427 1406 complectitur
435 1325 644 1388 beneficium:
658 1325 800 1388 officium
810 1323 984 1407 spirituale,
996 1343 1026 1385 v.
1038 1341 1083 1402 g.,

68 1424 251 1488 celebrandi
273 1425 413 1500 Missam,
437 1424 533 1488 horas
559 1425 727 1486 canonicas
747 1423 912 1500 recitandi,
929 1428 961 1484 et
975 1414 1084 1483 usumss

66 1527 206 1588 fructum
219 1523 296 1586 boni
310 1523 494 1604 temporalis
517 1523 621 1585 officio
636 1522 792 1604 spirituali
813 1540 972 1584 annexum
988 1540 996 1584 :
1014 1540 1083 1601 quae

68 1629 103 1686 ut
118 1621 258 1704 apertius
279 1628 490 1705 exponantur,
515 1622 657 1703 singulas
679 1627 786 1704 partes
804 1619 996 1684 definitionis
1009 1639 1083 1700 pro-

68 1723 141 1786 latae
155 1722 267 1803 paucis
279 1721 473 1791 evolvamus.
506 1769 508 1774 .

130 1824 163 1884 l⁰
173 1819 250 1883 lua:
260 1822 292 1882 in
305 1820 459 1883 beneficio
473 1821 592 1900 duplex
603 1820 656 1900 jus
666 1819 882 1900 distinguitur,
897 1837 995 1880 unum
1005 1819 1086 1880 vide·

68 1921 141 1983 licet
158 1919 255 1982 oflicii
270 1938 324 1981 seu
338 1923 479 1999 potestas
495 1920 661 1982 exercendi
678 1937 793 1980 munus
809 1917 986 1998 spirituale;
1004 1916 1085 1980 alte-

68 2038 142 2084 rum
157 2038 214 2100 per
229 2039 261 2080 se
276 2019 451 2099 temporale
467 2019 553 2099 quod
568 2019 610 2080 ad
623 2018 765 2079 redditus
779 2017 971 2098 temporales
986 2016 1086 2097 porri-

70 2120 177 2200 gitur:
191 2125 362 2200 utrumque
374 2124 479 2180 tamen
494 2124 541 2180 est
551 2117 724 2198 spirituale,
740 2117 879 2198 primum
893 2117 1015 2178 ratione
1025 2115 1083 2188 sui,

69 2225 267 2299 postremum
277 2218 401 2279 ratione
411 2215 640 2280 munerissaeri
654 2216 705 2278 cui
720 2215 900 2278 annectitur
914 2217 945 2277 et
957 2218 1086 2294 propter
1202 2273 1204 2278 .

73 2317 160 2400 quod
175 2335 359 2380 concessum
375 2322 431 2378 est.

128 2419 162 2478 2⁰
179 2413 495 2498 Percipiendt'fructus
510 2434 522 2478 .·
537 2415 727 2478 beneficium
741 2433 805 2476 non
821 2413 943 2475 confert
958 2411 1085 2492 plenam

68 2515 305 2596 proprietatem,
317 2513 406 2576 idest
420 2514 597 2577 dominium
605 2515 681 2576 boni
689 2510 904 2588 ecclesiastici,
915 2509 970 2571 sed
983 2527 1087 2570 usum·

68 2615 217 2688 fructum,
230 2631 344 2693 nempe
352 2613 474 2675 fruetus
486 2613 532 2675 rei
541 2618 573 2675 at
583 2610 907 2684 administrationem
925 2626 1084 2690 quaprop·

67 2718 114 2773 ter
126 2711 259 2774 clericus
275 2711 325 2773 oui
346 2711 427 2772 illud
441 2712 568 2791 obtigit,
586 2711 682 2772 debet
703 2710 823 2771 bonum
839 2707 1085 2770 ecclesiasticum

68 2810 289 2872 administrare
305 2810 346 2871 ad
361 2810 581 2890 praescriptum
600 2809 782 2889 regularum
796 2806 1033 2878 canonicarum,
1056 2808 1087 2866 et

67 2909 147 2972 illud
159 2910 391 2988 integrumsuo
406 2910 500 2972 titulo
511 2909 705 2990 relinquere.

111 3039 113 3043 ·
129 3009 163 3068 3⁰
177 3007 233 3069 Eo
245 3007 329 3068 lonr‘s
344 3005 550 3070 ecclesiasticis
558 3027 570 3068 .·
582 3009 668 3069 bona
681 3006 904 3081 ecclesiastica,
914 3005 946 3065 in
954 3001 1087 3065 materia

67 3105 257 3181 beneficiali,
273 3110 501 3186 nuncupantur
510 3125 561 3168 res
574 3105 765 3185 temporales
772 3101 1008 3166 immobilesvel
1017 3118 1085 3161 mo-

67 3205 159 3278 biles,
177 3205 324 3266 Eeclesiis
340 3204 499 3266 attributae
523 3210 553 3266 et
571 3203 760 3266 auctoritate
782 3203 934 3265 canonica
955 3215 1089 3262 annexas·

71 3303 177 3366 officio
190 3302 359 3385 spirituali.
371 3303 452 3366 Sunt
460 3287 741 3384 plerumquebona
750 3300 942 3375 immobilia3
953 3303 986 3360 at
995 3296 1088 3359 simul

70 3421 109 3464 eo
122 3401 251 3464 nomine
265 3401 398 3463 veniunt
413 3400 589 3464 oblationes
602 3399 756 3478 fidelium,
775 3399 903 3480 quando
923 3396 1089 3458 solvuntur

72 3500 114 3563 ob
128 3498 257 3561 titulum
268 3500 363 3562 modo
376 3500 576 3581 permanenti
588 3499 806 3562 constitutum.

133 3601 166 3660 4⁰
181 3597 267 3678 Quod
280 3597 387 3662 elerico
401 3597 443 3661 od
455 3599 549 3673 vitam
562 3598 718 3664 tribuitur.
736 3597 930 3684 Beneficium
953 3601 1000 3660 est
1019 3615 1089 3678 per·

74 3701 208 3777 petuam
233 3697 353 3778 duplici
373 3715 466 3760 sensu
479 3717 486 3773 ;
500 3697 603 3777 primo
616 3696 745 3778 quidem
755 3693 920 3776 objectiva,
932 3699 1089 3776 quatenus

70 3796 176 3856 semel
196 3795 412 3871 constitutum,
429 3813 554 3875 semper
567 3800 765 3876 permaneat,
785 3794 859 3857 lieet
878 3793 1088 3857 successivae
