2568 4272
250 293 318 340 All'l'.
340 292 382 342 Vl.
407 291 543 341 llllflllillll
563 293 678 342 STATUS
699 293 856 341 nublelosl.
1007 287 1058 342 305

27 430 44 460 «
73 409 220 468 aliorum
250 409 434 470 officialium
462 428 498 471 ac
525 410 730 488 generalium,
756 416 788 470 et
805 411 1056 486 Abbatissarum,

28 528 45 559 ιι
73 512 181 586 atque
201 506 335 568 aliarum
357 508 611 587 praepositarum,
633 527 696 588 quo
712 507 818 569 omnia
833 514 928 587 recte,
946 515 978 570 et
992 510 1058 571 sine

28 628 46 658 ιι
74 603 151 665 ulla
173 605 284 666 fraude
308 605 398 680 fiant,
419 606 451 666 in
468 605 580 686 primis
597 613 705 668 sancta
722 606 861 687 synodus
875 607 1059 669 Tridentino

33 725 49 758 ιι
75 703 225 764 districte
243 703 387 784 praecipit
405 722 515 765 omues
537 703 734 784 supradictos
752 704 942 786 (superiores
962 725 1057 786 quos·

31 826 47 856 ιι
75 820 231 882 cumque,
246 801 377 864 abbates
390 802 592 882 temporales,
606 808 638 864 et
652 803 731 866 alios
746 803 908 879 officiales,
918 823 955 866 cc
968 823 1061 883 gene·

31 923 48 954 «
74 899 183 981 rales)
212 899 286 977 eligi
312 899 426 962 debere
451 919 507 981 per
534 907 608 963 vota
635 907 766 976 secreta,
795 902 840 962 ita
859 908 895 963 ut
916 902 1057 982 singulo·

35 1021 50 1056 ιι
75 1017 153 1058 rum
173 997 356 1076 eligentium
370 999 499 1062 nomina
512 1018 674 1079 uunquam
687 999 925 1079 publicentur...
944 1001 1059 1064 Slvere

34 1121 51 1152 ιι
77 1096 426 1176 contrahujusdeereti
436 1099 694 1160 constitutionem
703 1097 943 1178 aliquiselectus
953 1101 1057 1179 luerit,

35 1220 52 1251 «
76 1194 197 1257 electio
216 1194 304 1255 irrita
323 1195 374 1255 sit.
397 1219 413 1250 »
431 1194 524 1276 (Sess.
547 1194 1058 1279 xxv,deliepularibus‚cep.v1.)

34 1295 246 1374 Quapropter
256 1312 320 1355 nou
331 1292 404 1356 licet
418 1295 606 1358 electionem
614 1295 717 1356 facere
728 1314 785 1375 per
798 1296 1059 1376 compromissum

36 1398 96 1452 aut
126 1391 379 1472 inspirationem,
407 1393 481 1473 quia
514 1392 684 1456 electiones
706 1393 859 1456 alterutro
876 1393 938 1456 hoe
964 1394 1059 1456 modo

36 1491 225 1564 celebratae,
239 1497 372 1569 possunt
387 1509 423 1553 ae
436 1490 539 1552 solent
551 1491 620 1552 lieri
634 1511 692 1572 per
705 1491 960 1572 vocespublicas.
976 1493 1060 1572 (Fer-

38 1590 136 1661 raris‚
150 1588 213 1651 loc.
231 1588 297 1663 cit,
312 1593 371 1652 art.
389 1606 430 1664 1v,
445 1589 484 1649 na
499 1589 620 1668 28-36.)

100 1687 226 1750 Electio
240 1687 364 1768 prelati
378 1688 532 1768 regularis
550 1707 614 1750 non
628 1695 676 1750 est
690 1688 859 1751 collativa:
877 1689 1062 1752 confirmari

38 1789 139 1849 debet
149 1787 192 1848 ab
201 1787 355 1866 Episcopo
370 1787 443 1862 loci,
458 1787 484 1848 si
496 1787 797 1849 monasterium'non
810 1787 850 1848 sit
861 1793 1058 1867 exemptum3

39 1885 251 1966 apraeposito
271 1885 421 1965 generali,
448 1885 474 1946 si
492 1885 719 1947 monasterium
734 1885 773 1947 sit
794 1891 993 1966 exemptum3
1010 1887 1061 1948 vel

39 2004 58 2044 a
80 1985 115 2046 S.
133 1982 299 2057 Pontifice,
316 1983 343 2044 si
360 1983 399 2044 de
414 1984 618 2063 generalibus
633 1990 755 2064 agatur.
778 1985 842 2048 Usu
855 1990 963 2046 tamen
978 2003 1061 2064 prae·

39 2082 144 2144 valuit
164 2087 200 2144 ut
218 2081 393 2162 superiores
411 2081 585 2162 generales,
607 2082 782 2162 praesertim
804 2082 860 2162 qui
881 2085 989 2146 Romae
1005 2083 1059 2144 de·

40 2185 133 2258 gunt,
155 2185 344 2242 censeantur
359 2180 539 2242 confirmati
558 2199 577 2242 a
597 2181 627 2242 S.
644 2179 809 2257 Pontifice,
836 2186 884 2260 ex]
896 2197 959 2260 quo
975 2181 1061 2242 luere

43 2278 198 2340 canonice
211 2277 312 2339 electi.

104 2375 291 2455 Superiores
306 2375 466 2456 eliguntur
474 2377 526 2437 vel
539 2377 573 2437 iu
586 2383 786 2457 perpetuum,
800 2375 851 2437 vel
864 2376 905 2437 ad
922 2382 1059 2456 tempus,

43 2492 102 2555 pro
117 2474 214 2536 variis
227 2475 351 2536 statutis
366 2474 514 2536 ordinum
526 2475 759 2552 religiosorum.
774 2474 974 2554 Perpetuitas
988 2474 1060 2536 offi-
1131 2511 1136 2518 ·

45 2574 84 2636 cii
100 2577 268 2654 reputatur
279 2573 452 2654 plurimum
465 2574 607 2635 conterre
621 2573 661 2634 ad
676 2574 795 2635 bonum
810 2573 953 2652 regimen
967 2573 1062 2636 socie-

45 2678 148 2735 tatum
170 2671 406 2750 religiosarum;
426 2671 481 2733 rlat
499 2671 654 2751 majorem
674 2671 880 2734 stabilitatem
902 2671 1059 2751 regimini,

46 2776 189 2833 removet
205 2769 383 2832 animorum
403 2769 499 2831 dubia
513 2775 545 2831 et
563 2771 791 2844 contentiones,
815 2788 951 2849 quorum
977 2789 1061 2850 sape

48 2870 205 2932 enascitur
223 2869 347 2930 occasio
368 2887 385 2930 e
404 2886 487 2930 nova
507 2868 605 2929 futuri
621 2868 762 2948 praesnlis
786 2868 956 2945 electione;
970 2869 1062 2950 juvat

48 2966 215 3044 praelatum
238 2967 279 3027 ad
307 2964 522 3045 incipiendum
552 2972 584 3028 et
608 2966 863 3047 prosequendum
892 2967 1062 3030 efficaciori

48 3065 210 3126 voluntate
220 3064 479 3126 reformationem
492 3066 661 3140 abusuum‚
678 3072 711 3126 ct
723 3065 987 3127 instaurationem
1002 3066 1063 3126 dis-

46 3163 183 3242 ciplinae.
195 3162 446 3237 Iteobservatur,
455 3182 485 3225 v.
496 3163 580 3241 g.,in
591 3162 738 3224 societate
748 3163 946 3226 lesuitarum.
960 3165 1062 3237 Quum

52 3267 152 3321 tamen
162 3260 196 3321 in
202 3261 297 3322 rebus
307 3260 454 3322 humanis
463 3261 525 3323 sint
534 3261 723 3341 plerumque
733 3261 874 3340 ejusdem
888 3262 1061 3342 disciplinae

50 3358 250 3420 incommoda
269 3364 301 3419 et
322 3359 485 3434 utilitates,
503 3359 603 3438 magis
619 3365 835 3439 opportunum
846 3360 949 3420 visum
969 3366 1015 3421 est
1029 3361 1062 3420 in

52 3457 155 3518 multis
174 3457 474 3537 congregationibus
493 3457 678 3538 praepositos
702 3457 865 3535 generales
883 3463 915 3517 et
933 3457 1064 3537 provin·

52 3556 144 3618 ciales
168 3555 246 3635 eligi
268 3555 309 3616 cd
335 3561 468 3634 tempus,
496 3559 574 3635 puta
596 3555 636 3616 ad
662 3555 844 3629 triennium,
868 3560 903 3615 ut
921 3560 1062 3617 servetur

53 3653 211 3714 humilitas
234 3653 268 3713 in
296 3653 458 3731 regimine,
488 3658 520 3715 et
544 3653 699 3715 dimoveri
725 3653 766 3714 ab
791 3651 898 3714 officio
933 3660 1061 3732 queant,

54 3753 168 3832 absque
191 3750 258 3813 ulla
279 3751 504 3828 commotione,
529 3751 583 3830 qui
605 3752 710 3812 minus
733 3750 840 3812 idonei
863 3750 1064 3830 reperiuntur
