2642 4268
231 201 282 256 526
494 209 566 260 runs
586 207 632 259 111.
654 209 709 259 ltus
732 208 979 260 scetesllarlole.

290 330 323 387 4⁰
335 327 475 388 Tandem
484 327 637 389 beneficia
646 326 869 390 dividunturin
881 325 1037 388 manualia
1045 325 1243 408 etperpetuo.

230 423 518 488 Animadvertimus
544 425 698 488 beneficia
719 431 875 507 perpetua
896 443 963 487 esse
976 423 1055 504 jure
1074 425 1250 504 ordinario,

230 541 288 586 nec
302 523 419 586 auferri
429 543 531 604 posse,
546 524 656 587 nisiex
666 523 768 587 causis
780 524 813 587 iu
824 523 921 586 sacris
932 523 1107 586 canonibus
1119 543 1251 606 expres·

117 677 119 681 ,
229 621 286 698 sis3
303 622 336 685 in
349 643 413 704 quo
428 643 538 687 omncs
554 624 696 686 doctores
712 624 888 686 consentire
902 617 1061 686 videntur.
1076 623 1160 685 Sunt
1174 643 1247 686 vero

229 721 430 802 exceptiones
445 723 640 803 apponenda
651 722 717 802 juri
732 721 904 785 ordinario.
915 721 1144 802 Excipiuutur:
1158 723 1249 785 l⁰be·

228 819 341 882 nelicia
354 820 523 900 regularia,
539 829 611 901 quae
625 821 754 883 Praelati
769 821 930 902 regulares
945 821 1080 901 possunt
1092 840 1152 902 pro
1167 827 1247 883 nutu

229 918 363 996 auferre,
386 920 427 981 ob
445 925 555 981 votum
575 919 775 996 obedientiae,
792 919 824 980 vi
838 919 928 1000 cujus
941 919 1082 999 religiosi
1098 919 1247 982 avolun-

228 1021 293 1078 tate
307 1017 356 1079 sui
372 1017 543 1099 superioris
560 1017 697 1099 pendere
712 1018 842 1080 debent.
858 1021 891 1078 2⁰
905 1018 1065 1080 Beneficia
1078 1018 1246 1082 secularia

228 1113 261 1175 in
277 1135 413 1196 quorum
432 1116 654 1179 constitutione
669 1117 702 1178 id
718 1117 904 1198 stipulatum
917 1117 1029 1194 tuerit,
1053 1119 1183 1198 quando
1197 1118 1246 1180 ni·
1303 1129 1304 1184 l

228 1213 344 1276 mirum
367 1216 399 1276 in
424 1235 462 1278 ea
486 1215 666 1278 conditione
689 1215 861 1278 constituta
887 1221 960 1277 sunt
985 1232 1025 1277 ex
1051 1216 1248 1280 fundationis
1303 1187 1304 1278 l

229 1312 426 1375 ordinatione
442 1315 481 1375 ab
496 1313 653 1395 Episcopo
667 1314 860 1394 approbata3
876 1313 987 1376 velita
1002 1313 1062 1376 fuit
1077 1333 1098 1376 a
1112 1317 1145 1379 S.
1160 1318 1245 1379 Pon·

228 1411 312 1474 tlllce
329 1411 582 1488 determinatum,
597 1413 647 1474 vel
665 1413 794 1474 tandem
809 1412 1055 1474 immemorabili
1074 1421 1245 1477 consuetu·
1303 1405 1304 1500 l

229 1511 302 1572 dine
319 1510 483 1573 inductum
506 1515 538 1572 et
555 1511 728 1573 firmatum.
754 1509 876 1572 «Nihil
898 1507 1015 1587 obstan
1036 1511 1081 1572 ait
1102 1511 1244 1592 Pirbing,
1303 1523 1304 1600 j

179 1604 181 1608 ’
231 1631 246 1665 r
257 1609 426 1690 quominus
436 1608 601 1671 secularia
611 1609 707 1670 etiam
716 1610 863 1690 quaedam
873 1608 1038 1684 beneficia,
1051 1627 1110 1690 per
1123 1613 1245 1692 Papam

234 1729 248 1766 u
261 1707 312 1769 vel
331 1707 590 1770 consuetudinem
609 1707 905 1782 immemorabilem,
928 1708 980 1770 vel
999 1707 1032 1768 in
1052 1707 1159 1787 prima
1173 1709 1244 1770 lun·
1303 1721 1304 1786 l

193 1845 197 1874 ,
234 1827 248 1865 n
261 1803 399 1884 datione,
418 1807 607 1888 temporalia
627 1807 716 1869 etad
734 1812 848 1869 nutum
866 1807 1061 1868 revocabilis
1078 1807 1246 1870 instituan·

231 1911 321 1967 «tur.
339 1930 355 1962 »
377 1907 413 1968 In
431 1905 559 1967 titulum
574 1921 612 1967 os
631 1907 822 1984 Percennius,
846 1913 880 1967 n⁰
901 1905 951 1969 ll.
971 1905 1061 1968 Idem
1080 1907 1245 1970 canonista
1303 1901 1304 1934 ³

228 2005 325 2086 paulo
344 2011 417 2066 ante
450 2004 573 2070 dixerat
603 2029 618 2062 α
637 2004 792 2066 beneficia
826 2005 867 2066 ad
899 2008 1013 2066 nutum
1039 2007 1242 2083 revocabilis,
1303 2049 1304 2076 r

230 2127 245 2162 (ί
260 2121 394 2184 <l¹¹aell¹1e
415 2103 448 2164 in
471 2102 597 2166 tilulum
620 2108 808 2183 perpetuum
832 2122 896 2164 non
924 2105 1142 2182 conteruntur,
1172 2104 1244 2167 defi·
1303 2109 1304 2194 p

230 2227 247 2260 «
262 2217 331 2265 cere
346 2220 365 2264 a
381 2201 502 2264 ratione
516 2201 661 2265 bonellcii
674 2203 780 2264 stricte
797 2201 915 2283 sumpti
931 2201 979 2283 (n0
993 2203 1024 2283 4)
1041 2221 1077 2278 »3
1093 2203 1151 2266 illa
1164 2204 1244 2267 nihi·
1303 2197 1304 2286 l

228 2301 365 2364 lominus
378 2305 471 2363 vocat
487 2300 653 2376 beneficia,
676 2300 709 2361 in
732 2320 795 2381 quo
815 2306 946 2363 caeteros
966 2301 1149 2364 canonistas
1168 2321 1243 2365 con·

228 2400 397 2462 sentientes
410 2399 518 2462 habet.
535 2398 717 2473 Leurenius,
734 2399 898 2480 proposita
914 2401 1115 2482 quaestione:
1135 2421 1150 2460 u
1164 2404 1242 2463 Num
1303 2423 1304 2462 r

233 2521 248 2558 n
260 2498 415 2560 beneficia
427 2516 501 2560 vere
516 2498 687 2579 manualia,
707 2517 761 2560 seu
776 2500 817 2559 ad
832 2503 944 2560 nutum
958 2498 1164 2575 revocabilis,
1185 2498 1243 2561 sint
1303 2541 1304 2564 r

233 2617 248 2656 c
261 2613 334 2660 vere
347 2596 541 2660 beneficiat»
557 2598 729 2678 respondet
747 2597 830 2658 edici
840 2615 933 2678 posse
944 2602 1050 2659 etesse
1064 2615 1140 2662 vere
1153 2599 1243 2660 bene·

231 2678 371 2758 eficiat».
813 2716 815 2725 ·
1303 2725 1304 2798 p

287 2793 360 2856 Haec
380 2810 452 2858 curn
472 2791 518 2858 ita
541 2791 614 2874 sint,
639 2794 771 2878 questio
797 2793 912 2877 agitari
934 2801 1039 2878 potest
1061 2814 1103 2860 an
1126 2801 1241 2860 nostre
1303 2799 1304 2822 l

227 2886 373 2955 Ecclesiae
402 2896 595 2958 succursales
627 2894 782 2958 recenseri
812 2895 935 2974 possint
961 2895 1045 2958 inter
1072 2896 1238 2958 beneficia.

228 2989 392 3055 Sententia
425 2995 587 3056 affirmans
618 3013 682 3056 non
716 2999 802 3056 caret
835 2993 1070 3074 probabilitate.
1103 2996 1238 3070 Etenim,

228 3091 405 3155 constitute
428 3098 505 3153 suut
520 3110 592 3154 cum
612 3091 704 3153 titulo
719 3079 931 3172 permanenti,
947 3091 980 3154 vi
998 3091 1086 3172 cujus
1106 3094 1238 3175 presby-

227 3187 287 3254 t'eri
301 3186 356 3272 q'ui
370 3189 596 3253 succursalium
609 3189 756 3270 regimini
771 3195 1013 3270 praeponuntur,
1030 3191 1240 3254 ministerium

228 3289 390 3370 spirituale
419 3307 459 3352 ex
487 3289 593 3352 officio
626 3293 784 3365 exercent,
819 3307 883 3351 non
909 3293 1075 3370 tamquam
1104 3290 1240 3372 delegati

228 3387 1239 3470 (mittit.l,p.4l3);eidemollicioannexasuntindotationem

227 3485 580 3567 pensionesagubernio
588 3487 746 3568 solvendae
756 3485 1239 3568 etaliabonatemporaliazergo

227 3585 306 3647 nihil
320 3586 429 3649 deesse
438 3587 564 3650 videtur
574 3586 742 3670 quominus
753 3586 898 3649 dicantur
912 3605 988 3649 vera
1002 3586 1169 3662 beneficia,
1183 3587 1238 3648 nisi

228 3685 315 3776 quod
333 3685 374 3746 ad
395 3689 508 3748 nutum
528 3685 676 3767 Episcopi
698 3685 894 3749 revocabiles
915 3685 1135 3756 conferuntur,
1158 3685 1236 3766 quod
