2588 4276
129 268 205 317 Alta.
226 269 272 316 ill.
295 268 479 317 launomaro
498 270 598 318 nabla.
619 270 656 317 ΕΤ
676 268 802 317 sarorio
821 268 966 316 corvum.
1004 261 1055 314 243

42 390 154 446 ventus
168 391 268 466 atque
280 387 451 448 Ecclesiam
464 388 655 450 reaediflcare
670 387 792 461 volunt,
810 387 941 466 quaestio
955 385 1055 446 ambi-

43 503 104 562 gua
122 485 252 547 videtur
269 492 300 548 ct
318 487 505 547 resolvenda
519 504 558 547 ex
577 485 939 547 variiscircumstantiis.
958 487 1055 545 Gene-

43 583 134 644 ratim
159 589 333 644 oonvcntus
355 583 470 662 injuste
485 603 670 663 suppressus
692 589 807 645 conatu
822 583 1056 656 haereticorum,

43 681 151 742 hostili
174 683 292 755 furore,
319 683 420 744 aliove
444 683 538 744 simili
560 701 644 758 casu,
670 688 701 743 ct
722 682 818 762 paulo
843 687 926 761 post,
948 682 1058 742 sedata

43 785 242 859 tempestate,
263 781 438 855 restitutus,
454 787 619 861 recuperat
635 780 740 842 locum
758 786 790 842 ct
803 781 955 859 primaeva
967 780 1055 858 jura;

46 903 60 934 a
82 880 247 957 quoniam,
264 879 309 940 ait
326 878 538 952 ltlattbasucci‚
557 885 710 958 tanquam
729 878 844 957 injuste
859 895 1056 958 suppressus,

46 1002 60 1034 a
82 997 249 1058 nunquam
262 977 323 1039 fuit
332 997 389 1038 sua
401 979 596 1058 possessione
610 978 762 1058 privatus,
773 978 848 1038 licet
857 996 915 1057 per
929 977 1059 1056 aliquod

48 1101 61 1133 a
82 1077 237 1156 temporis
253 1077 389 1138 caruerit
407 1077 568 1138 exercitio.
587 1079 627 1138 Et
646 1083 815 1156 propterea
836 1075 1059 1154 redintegratio

49 1199 63 1233 a
82 1175 246 1238 verissime
261 1175 376 1238 dicitur
391 1176 588 1238 continuatio
602 1165 743 1256 ejusdeiu
756 1180 855 1236 statua
869 1174 1024 1254 primaevi.
1042 1197 1057 1231 a

49 1275 210 1356 (officialis
226 1277 317 1336 curc'ae
336 1274 551 1350 ecclesiactica,
570 1295 640 1354 cap.
662 1275 732 1350 ult,
747 1282 780 1334 n⁰
793 1273 837 1354 9.)
858 1276 926 1335 Non
940 1273 1061 1350 indiget

50 1374 176 1452 proinde
188 1374 306 1435 iterum
318 1392 447 1436 recursu
463 1375 503 1435 ad
516 1376 666 1436 Sanctam
680 1373 803 1450 Sedem,
817 1377 849 1432 et
864 1372 904 1432 ad
920 1371 1060 1433 Ordine--

52 1472 129 1533 num
142 1473 215 1547 loci,
233 1474 273 1533 ad
293 1471 499 1534 obtinendum
519 1472 680 1533 licentiam
691 1476 881 1533 conventum
903 1469 1056 1548 erigendi.

106 1573 139 1634 Si
153 1577 278 1633 tantum
292 1572 445 1652 temporis
455 1571 599 1651 elapsum
614 1573 655 1632 sit
667 1575 713 1648 ut,
729 1571 821 1650 juxta
835 1571 990 1632 moralem
1005 1570 1060 1630 ho·

54 1671 167 1731 minum
191 1669 469 1746 existimationem,
486 1675 658 1732 conventus
676 1676 841 1732 censeatur
854 1669 980 1750 penitus
992 1687 1059 1730 ces-

57 1788 144 1846 sasse,
161 1787 198 1830 ac
213 1787 328 1830 novam
344 1767 487 1830 inchoari
498 1767 731 1843 fundationem,
747 1767 926 1848 superiores
942 1766 1063 1846 regula·

56 1887 98 1927 res
112 1867 227 1928 ordinis
239 1867 293 1946 qui
304 1867 379 1927 olim
395 1863 598 1941 conventum,
613 1867 753 1942 domum,
771 1867 954 1940 Ecclesiam,
971 1871 1060 1927 tene·

57 1965 105 2026 bat
118 1966 147 2026 in
157 1965 294 2038 civitate,
306 1985 369 2026 uon
386 1971 519 2045 possunt
531 1965 647 2026 similia
660 1966 729 2027 loca
739 1965 857 2027 ibidem
868 1965 988 2044 erigere
1003 1965 1061 2026 sub

57 2065 177 2126 obtentu
188 2065 356 2144 praetcritae
372 2063 592 2140 concessionis,
607 2065 663 2126 sed
678 2083 793 2125 novam
806 2063 967 2125 licentiam
984 2064 1062 2125 obti-

57 2169 144 2224 neant
162 2155 288 2224 necesse
307 2168 363 2223 est.
381 2162 512 2224 Ordines
531 2163 702 2240 regulares,
718 2183 747 2224 v.
766 2181 809 2240 g.,
833 2163 887 2242 qui
907 2163 939 2223 in
956 2162 1062 2222 Galliis

59 2261 240 2322 monasteria
264 2266 296 2322 et
317 2267 491 2324 conventus
510 2262 671 2324 habebant
694 2267 767 2322 ante
789 2261 1062 2341 perturbationem

58 2359 214 2420 Gallicanae
235 2359 430 2438 reipublicae,
447 2364 529 2421 etex
544 2379 582 2420 ea
593 2365 687 2421 aetate
705 2359 863 2439 suppressi
880 2365 954 2420 sunt
975 2358 1061 2419 cala-

59 2457 157 2518 mitate
175 2463 368 2537 temporum,
388 2458 440 2537 jus
460 2458 656 2537 praetendere
676 2458 770 2519 hodie
788 2477 851 2519 non
874 2463 1007 2536 possunt
1022 2457 1063 2517 ad

59 2571 176 2618 suorum
186 2555 421 2636 praeteritorum
432 2557 940 2630 conventuumreaedificationem,
951 2556 1063 2616 nisiin-

61 2656 225 2717 tercesserit
245 2656 479 2734 beneplacitum
502 2657 533 2717 S.
550 2655 723 2734 Pontifieis,
740 2673 813 2716 cum
827 2654 955 2716 licentia
970 2655 1061 2734 Epis·

62 2755 131 2833 copi,
147 2773 185 2816 ex
199 2755 386 2834 praescripto
397 2753 479 2834 juris
495 2754 681 2816 communis.

111 2853 176 2916 Lex
190 2853 317 2933 quidem
330 2853 430 2914 civilis
446 2870 647 2932 nequaquam
665 2854 769 2932 potuit
781 2856 977 2934 supprimere
992 2872 1064 2916 con-

63 2957 172 3026 ventus,
183 2952 222 3013 de
236 2970 299 3031 quo
315 2957 397 3012 certe
412 2951 545 3012 dubium
559 2969 623 3012 non
639 2956 687 3012 est
700 2954 786 3031 apud
800 2953 988 3028 catholicos;
1005 2971 1063 3014 nec

63 3051 177 3112 eosdem
203 3050 378 3130 suppressit
406 3050 643 3122 concordatum,
674 3069 771 3130 quum
799 3052 837 3112 de
861 3051 923 3112 illis
945 3050 1063 3112 mentio

61 3147 134 3210 lacta
153 3168 217 3211 non
242 3149 297 3222 sit;
323 3153 553 3222 verumtamen,
571 3155 687 3228 praetcr
709 3150 795 3228 quod
813 3149 888 3229 jura
903 3149 1064 3228 praterita

62 3245 164 3308 horum
174 3247 330 3309 Ordinum
340 3265 478 3308 cessasse
487 3247 613 3326 penitus
622 3247 831 3308 communiter
843 3247 1064 3308 existimantur

62 3348 117 3406 tam
131 3346 282 3407 diuturna
295 3345 537 3425 interruptione,
550 3345 630 3406 adeo
641 3342 800 3406 dissimilis
812 3351 860 3406 est
874 3350 974 3405 status
983 3361 1064 3422 prae·

63 3459 121 3504 sens
136 3444 348 3506 Ecclesiarum
364 3443 470 3504 Galbae
486 3462 505 3504 a
519 3447 602 3504 statu
617 3444 803 3504 saeeulorum
818 3442 1061 3522 preteritorum,

63 3547 92 3600 ut
104 3543 293 3621 quicumque
306 3542 355 3602 vir
374 3541 525 3620 prudens,
542 3542 596 3621 qui
616 3561 679 3602 non
695 3541 836 3602 thesibus
850 3559 935 3602 mere
950 3559 1062 3620 specu-

64 3638 154 3701 lativis
182 3641 330 3718 inhaeret,
356 3640 412 3701 sed
436 3640 590 3702 rationem
617 3641 789 3720 practicam
819 3658 925 3703 rerum
952 3639 1061 3717 habet,

64 3739 188 3801 fateatur
200 3739 425 3802 recurrendum
436 3740 504 3800 fore
517 3741 558 3799 ad
574 3739 721 3800 Sanctam
737 3741 861 3814 Sedem,
879 3744 911 3801 ct
922 3740 963 3800 ad
975 3739 1063 3817 llpis-
