2582 4278
230 257 283 314 150
598 265 674 316 etas
693 265 728 315 11.
749 265 877 316 cttttlot.

228 385 277 444 set
287 380 370 442 inter
384 380 565 444 canonicos.
582 381 674 444 Istius
688 383 775 445 modi
787 388 987 458 conventum,
1002 386 1114 462 utpote
1127 380 1228 443 initum

228 483 342 553 contra
355 482 496 539 mentem
511 479 671 554 Ecclesia,
686 479 752 540 vim
764 480 884 548 nullam
900 479 1017 540 hahere
1030 483 1146 558 potest.

294 577 417 654 Regula
431 577 588 654 generalis
597 584 646 639 est
655 582 779 657 partem
791 578 971 640 absentium
983 595 1161 638 accrescere
1172 582 1231 638 actu

226 675 450 756 praesentibus.

291 772 364 834 406.
380 805 418 818 --
431 775 463 832 2⁰
476 773 575 850 Leges
596 773 757 845 canonicae
775 774 860 836 cirea
873 774 1083 849 assistentiam
1103 773 1196 834 choro
1208 779 1232 834 ct

114 901 116 906 ·
227 869 453 951 psalmodiam,
477 876 592 948 urgent
616 871 786 945 indutiis,
807 889 979 934 nonsecus
1006 889 1042 932 ec
1066 871 1101 932 in
1124 870 1230 932 caeteris

225 966 393 1042 Ecclesiis3
409 967 667 1048 quandoquidem
677 969 794 1032 Sancta
807 969 904 1032 Sedes
915 969 1014 1031 voluit
1027 973 1063 1030 ut
1078 969 1113 1028 in
1126 968 1230 1030 instau-

227 1065 353 1126 ratione
367 1065 578 1144 capitulorum
594 1071 775 1130 servaretur
788 1067 954 1146 disciplina
968 1066 1020 1128 cui
1035 1065 1177 1146 capitula
1190 1084 1230 1126 ca·

222 1161 390 1238 thcdreiia,
407 1163 438 1224 vi
447 1162 529 1242 juris
542 1164 731 1240 eommunis,
756 1165 946 1240 subduntur,
967 1171 999 1226 et
1015 1163 1138 1246 pluries
1157 1163 1228 1224 deci·

222 1277 293 1322 sum
305 1261 365 1322 fuit
378 1261 547 1340 pensiones
561 1281 581 1324 a
595 1262 753 1325 Gubernio
768 1263 854 1326 cirili
867 1263 988 1325 solutas
1002 1263 1111 1324 locum
1125 1266 1224 1324 tenere

221 1356 380 1420 bonorum
397 1359 681 1423 ecelesiasticorum
697 1361 721 1424 ¹.
1273 1423 1275 1438 ,

279 1456 316 1517 ld
330 1457 551 1519 tantummodo
566 1475 751 1519 concessum
761 1458 821 1520 fuit
831 1463 867 1519 ut
879 1457 1007 1520 attentis
1020 1457 1221 1520 circumstan-
1273 1439 1275 1524 i

220 1551 283 1630 tiis,
295 1553 495 1633 aliquatenus
505 1555 701 1618 minueretur
710 1557 872 1618 servitium
883 1555 1021 1619 choraie.
1038 1553 1222 1632 «Quoniam,
1273 1539 1275 1610 i

144 1647 146 1651 ’
220 1649 345 1712 «aiunt
370 1653 478 1713 Patres
502 1653 628 1714 concilii
653 1654 866 1730 Bituricensis,
888 1654 921 1714 in
951 1653 1102 1734 praesenti
1127 1668 1223 1714 rerum
1273 1641 1275 1648 ²

222 1770 238 1805 u
251 1753 345 1826 statu,
362 1750 565 1828 paucioribus
582 1752 729 1814 Ecclesia
747 1758 863 1815 nostroe
879 1737 1079 1816 cathedrales
1092 1749 1223 1830 gaudent

222 1868 238 1904 a
254 1847 414 1909 canonicis
426 1847 480 1926 qui
491 1847 651 1928 integrum
666 1847 706 1910 ad
728 1849 870 1910 officium
890 1848 924 1909 in
941 1849 1038 1912 choro
1064 1849 1224 1910 decantan-

221 1967 237 2002 α
254 1944 331 2005 dum
351 1945 479 2006 minime
501 1952 574 2008 sunt
592 1965 697 2026 pares,
725 1947 892 2010 statuimus
913 1953 1085 2026 postquam
1105 1946 1223 2007 obtenta

222 2065 238 2098 «
253 2043 349 2106 tuerit
363 2043 403 2104 ab
417 2043 599 2124 Apostolica
610 2045 689 2107 Sede
702 2028 907 2124 dispensatio,
921 2045 997 2106 utin
1011 2044 1099 2105 omni
1109 2041 1222 2123 provin·
1273 2115 1274 2122 ἵ

144 2129 146 2134 ’
222 2165 238 2196 α
253 2141 303 2202 cia
326 2145 435 2203 nostra
455 2141 586 2221 singulis
608 2143 719 2205 dietus
745 2143 841 2206 missa
866 2143 1064 2223 capitularis,
1089 2143 1139 2204 vel
1162 2139 1219 2201 sine

219 2261 235 2294 n
251 2244 356 2316 cantu,
372 2239 433 2315 vel,
447 2239 474 2300 si
489 2239 582 2302 aliter
599 2245 757 2303 statutum
770 2241 875 2316 fuerit,
892 2259 966 2302 cunr
980 2245 1076 2302 cantu
1091 2239 1218 2310 dicatur,
1273 2237 1274 2300 i

218 2361 234 2392 u
246 2337 411 2416 praemissa
430 2338 547 2414 Tertia,
564 2343 597 2400 et
612 2340 822 2419 subsequente
837 2339 941 2402 Sextae
957 2337 1146 2419 psalmodia.
1164 2337 1217 2396 Dc-

217 2457 234 2489 «
247 2435 404 2496 cernimus
425 2434 546 2514 pariter
566 2441 601 2496 ut
619 2436 652 2497 in
671 2437 770 2499 choro
792 2436 973 2512 recitentur,
990 2436 1051 2509 vel,
1074 2435 1102 2497 si
1122 2433 1216 2495 visum
1273 2453 1274 2524 p

216 2553 233 2587 «
248 2531 353 2606 fuerit,
369 2532 581 2619 decantentur
589 2535 682 2596 Nona
696 2539 727 2596 et
743 2536 888 2615 vespere
908 2551 981 2596 cum
996 2529 1217 2614 Gompletoric;
1273 2529 1274 2592 i

216 2650 233 2702 ς(
248 2627 413 2690 dominicis
420 2633 452 2690 ct
463 2629 551 2690 festis
558 2630 596 2691 de
605 2635 766 2710 praecepto
774 2631 885 2720 diebus
897 2636 1021 2692 servato
1032 2634 1140 2704 cantu,
1155 2633 1215 2687 turn

219 2724 360 2800 «Missae,
370 2731 438 2786 tum
452 2727 554 2789 Officii
567 2729 749 2808 vespertini:
763 2749 776 2787 t
789 2726 1006 2809 (Demetum-de
1015 2725 1157 2809 capitula
1173 2739 1218 2784 eo-

216 2820 582 2904 thedrale'tos.)ltatiiuin
590 2826 660 2888 aliis
670 2811 840 2906 provinciis
850 2826 1042 2887 ordinatum.
1053 2829 1216 2906 propterea
1272 2837 1273 2896 ᾗ

214 2919 298 3000 quod
312 2920 505 3000 impossibile
519 2923 620 2984 visum
635 2929 683 2984 est
695 2922 867 2985 instaurari
879 2941 917 2984 ex
932 2923 1055 3002 integro
1071 2917 1219 2984 recitatio·
1271 2989 1273 3022 r

213 3034 286 3080 nem
307 3019 450 3079 omnium
470 3019 622 3082 horarum
637 3020 873 3082 canonicarum.
889 3021 931 3082 Ut
948 3039 1024 3082 vero
1040 3020 1110 3083 haec
1132 3033 1216 3096 regu·

212 3113 322 3176 iariter
340 3115 462 3192 fierent,
475 3117 669 3179 intercedere
693 3117 802 3180 debuit
824 3119 997 3181 auctoritas
1013 3120 1046 3183 S.
1067 3111 1217 3180 Pontinas

212 3213 364 3293 quoniam
378 3214 532 3294 agebatur
540 3214 658 3294 dejure
668 3214 829 3277 communi
837 3215 870 3276 in
877 3232 911 3276 re
922 3215 1026 3294 gravis
1036 3209 1185 3277 momenti
1194 3207 1215 3268 ¹.

259 3410 283 3458 1.
296 3410 465 3473 Responsum
475 3407 526 3460 fuit
539 3409 634 3460 eodem
651 3423 732 3461 sensu
742 3424 760 3461 a
772 3410 868 3474 Congr.
882 3410 1003 3472 Rituum‚
1014 3410 1046 3460 de
1059 3408 1183 3460 canonico
1189 3403 1213 3451 in

212 3482 311 3546 Galliis,
325 3487 372 3548 qui
382 3486 482 3537 assistit
491 3484 602 3549 quidem
613 3486 643 3536 in
653 3486 749 3546 choro,
766 3485 813 3536 sed
823 3498 879 3536 uon
897 3485 1021 3536 decantat
1032 3485 1152 3549 publicas
1162 3490 1212 3544 pre·

211 3558 474 3620 concanonicorum
488 3574 558 3622 casu,
570 3561 656 3624 jtorta
676 3560 743 3612 ultus
761 3560 873 3622 decretu,
885 3559 1039 3625 abdicationi
1054 3574 1108 3611 aon
1120 3553 1213 3618 caussa·
1271 3575 1272 3626 γ

163 3679 165 3686 ,
211 3645 277 3696 cere,
293 3635 478 3686 sumaiitstt.
1271 3631 1272 3710 i

264 3719 289 3769 2.
305 3716 396 3768 lucidi
415 3720 457 3784 (de
482 3719 554 3770 visit.
570 3719 629 3770 Sue.
643 3719 710 3770 tem.
724 3722 799 3772 Tem.
815 3722 837 3784 1,
855 3735 884 3786 p.
897 3721 1010 3784 stt-att)
1029 3719 1120 3772 multis
1141 3717 1213 3768 docu-
