2642 4268
147 266 215 316 aas.
236 265 270 314 ΙΙ.
291 259 960 324 0111110111,1111111011111111111111.
1013 257 1061 314 541

56 407 74 442 κ
88 401 163 447 nem
178 401 288 445 eorum
307 381 363 461 qui
379 381 461 442 bene
475 379 516 440 de
530 395 660 440 suorum
676 376 792 439 civium
809 385 970 442 merentur
987 377 1070 445 testi-

52 463 75 541 =a
88 481 208 555 monio,
221 481 451 560 praeponantur
462 476 486 538 ¹.
501 499 517 533 n
532 476 580 536 Ad
594 475 739 536 eamdem
748 475 946 556 disciplinam
957 479 1071 543 alludit
1137 494 1139 498 '

55 578 257 641 Innocentius
277 578 331 654 111,
354 576 388 638 in
418 574 481 636 alia
510 573 644 653 epistola
669 573 820 634 decretali
845 591 853 636 ε
881 599 897 632 «
924 575 1068 658 Gaulum,
1138 580 1140 584 '

60 698 76 736 1
87 676 203 756 inquit,
210 675 368 756 reperitur
379 674 413 735 in
428 689 560 747 canone,
577 676 613 732 ut
626 675 702 733 tunc
716 671 797 733 alter
808 671 847 734 de
860 673 1072 739 1011101111-

58 799 74 834 u
91 774 139 837 sia
158 773 304 854 eligatur,
328 791 406 834 cum
426 770 531 852 nullus
544 769 578 830 in
592 769 722 850 propria
736 769 830 830 inerit
843 777 986 852 repertus
1002 773 1071 837 ido-

59 897 76 930 1
90 890 208 935 neus.»
226 871 311 953 (Gap.
335 869 411 952 Cam
426 868 523 943 nobis,
541 868 590 944 10,
602 884 641 928 ns
656 868 837 945 aaronem,
852 869 923 931 libi
937 873 1073 953 Deerat)

60 970 153 1044 Quod
167 970 206 1031 de
219 967 372 1033 electione
382 967 610 1047 Episcoporum
625 965 862 1042 observabatur,
878 967 963 1029 idem
978 969 1074 1032 etiam

58 1073 91 1129 et
116 1066 273 1130 aiortiori
287 1067 326 1128 de
339 1051 461 1128 clericis
475 1060 678 1126 inferioribus
689 1062 722 1124 in
737 1063 829 1144 praxi
843 1064 1025 1129 obtinuerat
1034 1071 1075 1130 ob

59 1165 230 1229 rationesa
244 1169 352 1227 sancto
367 1162 535 1226 Goelestino
550 1161 713 1240 allegatas.
730 1161 840 1223 Melius
851 1181 943 1225 nosse
954 1181 1076 1245 praesu·

64 1263 166 1325 mitur
180 1261 319 1325 indolem
338 1265 434 1343 atque
451 1259 603 1321 utilitates
619 1257 809 1334 incolarum,
823 1260 879 1340 qui
893 1260 976 1322 inter
993 1262 1077 1342 ipsos

61 1379 83 1423 a
97 1361 202 1443 prima
222 1363 319 1424 atate
342 1362 544 1422 conversatus
563 1361 619 1418 est.
640 1379 654 1414 a
666 1356 725 1430 Qui
739 1356 778 1418 de
793 1357 914 1436 gremio
930 1358 1077 1423 Ecclesiae

71 1459 283 1534 «assumitur,
306 1458 497 1521 aitsanctus
519 1455 669 1532 Thomas,
692 1453 726 1514 in
745 1454 892 1534 pluribus
917 1459 1079 1520 consuevit

62 1580 79 1614 1
97 1575 165 1620 esse
186 1557 294 1619 utilior
325 1557 366 1619 ad
389 1556 510 1617 bonum
536 1571 714 1628 commune,
745 1551 821 1633 quia
847 1555 950 1636 magis
977 1556 1078 1635 diligit

68 1677 86 1714 1
106 1655 281 1717 Ecclesiam
291 1654 324 1715 in
338 1658 459 1734 quaest
473 1651 609 1713 nutritus
619 1673 649 1711 u.
659 1649 711 1732 (2¹,
728 1653 770 1712 2⁸
782 1659 895 1733 quaest.
907 1655 957 1729 63,
970 1660 1029 1718 art.
1047 1657 1077 1731 1,

62 1752 106 1814 ad
115 1753 159 1834 1).
174 1753 210 1814 ln
224 1771 263 1814 ea
274 1752 405 1832 insuper
417 1749 562 1812 stabilius
571 1753 748 1830 permanet,
763 1749 839 1810 dum
850 1753 994 1814 extranei
1006 1752 1078 1836 plu-

66 1868 119 1912 res
134 1868 276 1913 remeare
289 1850 458 1913 intendunt
473 1848 514 1910 ad
526 1846 669 1928 propria,
685 1865 758 1910 cum
774 1865 867 1909 suum
885 1849 981 1912 tinem
996 1867 1081 1912 asse·

63 1947 131 2010 cuti
142 1948 273 2010 fuerint.
293 1947 354 2022 Qui
364 1947 460 2028 igitur
474 1945 514 2007 de
528 1945 648 2024 gremio
661 1943 805 2007 dioecesis
819 1947 1000 2024 assumitur,
1012 1965 1079 2010 me-

70 2045 134 2106 rito
159 2050 338 2125 reputatur,
366 2043 487 2106 caeteris
512 2042 654 2123 paribus,
679 2041 823 2122 dignior;
848 2045 950 2124 magis
971 2043 1081 2126 utique

63 2141 238 2222 parochiis,
254 2146 285 2203 et
294 2141 365 2205 aliis
377 2141 490 2204 officiis
499 2140 699 2204 clericalibus
712 2140 800 2203 utilis
814 2148 863 2204 ost
878 2143 901 2203 ².

84 2315 91 2330 Ι
127 2239 198 2302 606.
221 2275 260 2288 -
278 2242 316 2303 ΙΙ.
340 2243 385 2303 De
396 2239 523 2322 juribus
544 2249 744 2322 patronorum
767 2258 871 2320 pauca
888 2241 1080 2331 notabimus,

67 2357 144 2400 cum
155 2337 210 2400 vix
221 2337 379 2420 supersint
394 2338 480 2420 apud
489 2356 547 2434 nos
559 2337 694 2417 vestigia
704 2331 890 2418 patronatus
901 2338 935 2400 in
950 2340 1083 2404 materia

65 2435 247 2499 beneficiali
259 2435 283 2497 ³.

118 2649 142 2695 Ι.
153 2645 184 2695 D.
196 2644 334 2707 Constant,
348 2643 471 2708 1111111111
486 2644 534 2694 lili.
546 2644 606 2706 PR,
617 2657 678 2708 pag.
693 2646 763 2696 1070.

118 2733 144 2784 2.
157 2731 196 2784 01.
211 2733 319 2796 Fagnan
329 2733 359 2784 in
373 2747 431 2797 cap.
446 2732 511 2784 Cam
523 2731 642 2794 dilectur,
656 2747 689 2782 ns
700 2733 900 2784 Cossmrunurs.
917 2759 947 2771 —
957 2734 1085 2786 Thomas-

73 2808 127 2871 sin,
143 2807 222 2860 Vetus
231 2812 257 2858 et
266 2808 500 2874 Novauauplina,
511 2812 578 2873 part.
594 2810 627 2872 ΙΙ,
640 2808 719 2872 libi,
734 2823 792 2873 cap.
805 2823 858 2860 aru.
872 2835 902 2847 -
916 2811 1044 2874 Ferraris,
1056 2819 1086 2861 v⁰

73 2883 239 2948 Beneficium,
254 2888 303 2936 art.
318 2899 346 2948 v,
362 2893 395 2936 11ο
405 2885 444 2936 lt.
592 2891 595 2896 “

121 2975 145 3024 3.
162 2974 316 3025 canonista
328 2975 414 3026 multa
427 2975 563 3026 disserunt
574 2975 607 3025 de
622 2974 728 3040 juribus
741 2977 767 3025 et
781 2975 988 3040 obligationibus
1002 2977 1088 3042 patro

78 3063 194 3112 norum3
209 3048 275 3100 item
289 3050 323 3100 de
335 3051 521 3114 acquisitione,
535 3051 737 3102 manumissione
749 3054 776 3102 et
792 3051 954 3102 extinctione
961 3050 1031 3116 juris
1043 3065 1090 3116 pa·

73 3127 209 3186 tronatus,
231 3125 261 3176 in
284 3124 340 3176 suis
359 3126 560 3178 commentariis
581 3126 653 3178 tituli
665 3139 772 3189 xxxrm,
789 3140 822 3175 ns
837 3127 900 3177 iona
917 3127 1089 3188 Paraomr'us,

74 3199 169 3252 libili
181 3201 367 3253 Decretalium.

122 3276 189 3328 iura
203 3280 330 3328 vetorum
348 3271 523 3342 patronorum
537 3291 682 3344 suppressa
696 3279 759 3328 sunt
774 3277 801 3328 ri
814 3277 1013 3329 constitutionis
1028 3291 1090 3344 apo*

73 3350 192 3415 stolicoe,
205 3366 258 3416 qua
268 3353 434 3404 instauratus
443 3353 506 3416 tuit,
520 3368 592 3404 anno
608 3356 679 3417 1801,
690 3356 776 3404 status
785 3365 903 3416 pressans
914 3353 1091 3406 aeclesiarum

85 3427 185 3480 Gallia.
198 3429 270 3480 Nihil
281 3429 371 3481 obstat
384 3431 609 3495 quominusnora
619 3431 682 3496 jura
696 3429 878 3494 acquirantur,
889 3430 983 3493 positis
990 3437 1092 3488 ponen-

79 3502 140 3567 dis;
152 3503 199 3555 sed
213 3518 276 3556 cum
293 3505 352 3557 haic
371 3505 514 3557 videantur
527 3506 615 3557 aliena
634 3520 650 3557 a
665 3506 788 3557 moribus
803 3505 951 3556 hodiernis,
964 3501 1092 3564 presumi

84 3577 331 3636 conuertentem
352 3577 479 3627 constitui
496 3580 582 3644 pactis
600 3585 628 3632 et
645 3580 861 3633 ordinationibus
878 3576 1005 3645 positivis.
1025 3577 1094 3639 Quid

89 3648 165 3715 leges
179 3653 280 3700 nostras
301 3650 392 3702 civiles
413 3652 562 3707 concedant
575 3655 763 3710 fundatoribus
774 3662 801 3710 et
818 3651 1031 3709 benefactoribus
1048 3653 1095 3707 Ec

80 3723 225 3778 elesiarum
236 3729 283 3777 aut
298 3727 461 3791 capellarum
472 3731 674 3798 parochialium,
688 3735 807 3787 dicamus
816 3729 894 3784 inira.
903 3729 949 3795 (ΙΙο
961 3729 1028 3795 aaa)

189 3855 263 3889 sm.
276 3855 327 3892 m.
343 3856 438 3893 111111·
921 3833 951 3924 31
1024 3854 1029 3860 ’
