2604 4274
248 322 314 369 ΛΒΤ.
335 321 355 370 1.
377 322 520 370 EGGirESIAE
540 323 576 370 ΕΤ
596 322 725 370 anesim
744 322 881 372 PRlVd'l'A.
923 329 927 339 ¹
1017 313 1069 370 449

23 436 243 500 adhibenda
262 443 335 522 sunt
353 457 449 519 quam
464 457 503 500 ex
523 438 586 500 tela
603 435 699 516 linea,
717 443 771 500 aut
786 438 973 500 cannabino·
992 438 1067 518 Cep.

27 532 216 610 Consulto,
237 539 287 610 46,
313 536 386 597 dist.
409 538 438 611 l,
452 555 491 597 oa
514 537 652 610 Consua,
669 537 755 616 quod
778 536 960 597 attribuitur
973 536 1068 614 Papae

33 632 236 711 sylvestro,
256 634 316 696 lert
332 651 339 694 :
359 657 374 691 «
390 634 539 696 Consulto
555 634 720 697 statuimus
735 640 771 695 ut
783 633 971 695 sacrificium
986 633 1066 695 alte·

27 752 51 782 «
78 730 132 790 ris
147 748 213 802 non
231 731 263 792 in
279 731 377 793 serico
392 750 511 810 panno,
528 738 583 794 aut
598 731 708 808 tincta,
726 731 892 810 quisquam
907 731 1067 793 celebrare

32 851 55 880 «ι
80 838 274 906 praesumat,
296 831 396 891 sedin
416 850 496 910 puro
516 831 613 892 linteo
635 832 676 892 eb
690 832 845 911 Episcopo
870 835 1064 902 consecrate,

29 947 52 978 «
76 931 214 988 terreno
238 927 356 989 seilicet
380 929 445 989 lino
473 930 652 1008 procreato,
678 935 772 1009 atque
801 933 961 1001 contexto,
986 927 1066 988 sicut

37 1047 57 1075 «
79 1041 203 1102 corpus
225 1025 348 1085 Domini
365 1027 439 1088 Jesu
459 1026 618 1088 christiin
632 1026 763 1088 sindone
778 1025 864 1087 linea,
880 1025 1000 1085 munda
1015 1042 1063 1085 se·

36 1144 58 1176 κ
81 1121 215 1200 pultum
230 1123 300 1185 suia
317 1147 331 1177 »
691 1175 693 1180 .

112 1221 193 1282 Gum
209 1222 325 1284 abusus
337 1223 521 1284 invaluisset
535 1229 645 1285 contra
654 1222 712 1283 has
722 1221 859 1302 regulas,
876 1221 1064 1300 antiquitate

33 1322 78 1378 et
90 1318 743 1398 mysticissignificationibusvenerabiles,
755 1325 786 1381 et
797 1320 829 1380 in
840 1319 983 1399 pluribus
993 1336 1070 1397 pre-v

34 1415 165 1478 vinciis
175 1418 406 1480 conficerentur
415 1419 698 1480 sacraindumente
708 1435 747 1479 ex
756 1417 821 1479 tela
829 1418 967 1496 quedam
979 1433 1070 1478 com·

34 1514 159 1593 posita
172 1533 211 1576 ex
224 1514 289 1576 lino
302 1521 332 1577 et
345 1517 491 1596 gossypio
507 1516 720 1593 subtilissime,
738 1534 828 1577 saera
840 1513 1060 1594 Congregatio,

40 1613 253 1692 approbante
268 1614 324 1674 Pio
339 1615 404 1689 Vll,
419 1615 565 1691 generale
576 1615 737 1675 decretum
748 1613 856 1686 edidit,
872 1612 923 1673 die
934 1614 972 1672 {5
987 1611 1062 1672 maii

37 1729 101 1773 an.
123 1712 214 1784 1819,
232 1730 295 1791 quo
314 1711 464 1773 statuitur
482 1735 498 1768 «
518 1711 706 1790 abantiquo
726 1729 824 1784 more,
849 1711 907 1772 sub
919 1710 1061 1790 quolibet
1121 1749 1124 1760 ψ
1222 1697 1227 1708 ’

42 1829 60 1866 a
76 1814 249 1888 praetextu,
261 1809 365 1872 colore
376 1815 407 1871 et
417 1809 521 1882 titulo,
534 1829 598 1872 non
608 1827 675 1871 esse
685 1809 896 1871 recedendum
909 1815 940 1870 et
949 1809 1059 1870 eadem

41 1931 60 1962 «
79 1924 175 1968 sacra
186 1905 373 1968 indumenta
381 1926 418 1968 ac
429 1907 649 1988 supellectilia,
660 1927 725 1970 non
735 1925 774 1968 ex
786 1907 850 1968 alia
860 1925 1060 1986 quacumque

40 2028 59 2060 «
77 2004 226 2078 materia,
243 2005 301 2066 etsi
313 2005 477 2081 munditie,
496 2007 642 2082 candore,
660 2025 697 2068 ec
709 2007 879 2068 tenacitate
894 2005 994 2065 linum
1004 2010 1060 2066 aut

43 2124 61 2160 a
79 2102 259 2164 cannabem
274 2105 443 2167 aemulante
459 2111 489 2166 et
503 2110 650 2183 aquante
670 2129 700 2166 1.
716 2105 836 2165 Eadem
849 2103 1057 2182 congregatio

37 2199 246 2280 indulgentia
261 2219 319 2262 usa
333 2208 381 2263 est
395 2203 501 2282 quoad
515 2203 659 2276 amictus,
676 2201 775 2278 albas,
796 2201 949 2274 tobaleas,
966 2219 1057 2279 map-

38 2299 151 2377 pulas,
165 2297 192 2358 si
207 2317 277 2377 quae
291 2304 367 2361 tunc
379 2299 582 2374 haberentur,
597 2305 632 2361 ut
644 2300 752 2361 liceret
765 2299 803 2360 iis
818 2299 865 2358 uti
878 2299 1057 2378 usquedum

40 2403 322 2474 consumerentur,
336 2398 508 2461 dummodo
519 2398 647 2478 quando
663 2398 731 2458 haec
744 2396 925 2458 renovanda
939 2397 1055 2482 terent,

40 2493 175 2554 nonnisi
192 2511 232 2554 ex
246 2495 311 2556 lino
331 2502 388 2556 aut
404 2497 545 2557 cannabe
566 2496 694 2570 frerent;
711 2496 766 2556 sed
780 2494 950 2556 districtius
961 2492 1056 2572 jussit

40 2610 139 2651 suum
163 2592 326 2654 decretum
349 2594 466 2668 statim,
489 2599 561 2673 post
583 2611 723 2655 mensem
745 2612 765 2653 a
785 2593 1052 2672 promulgatione,

38 2690 161 2770 ubique
183 2691 375 2752 exsecutioni
395 2691 540 2752 mandari
566 2692 672 2771 quoad
698 2691 885 2770 corporalia,
904 2691 1006 2770 pellas
1023 2695 1055 2751 et

38 2787 271 2866 purificatoria.

99 2886 209 2947 Altare
223 2888 466 2966 cooperiendum
483 2893 531 2949 est
544 2887 645 2949 tribus
660 2887 794 2966 mappis,
816 2888 971 2967 superiori
988 2887 1052 2948 sal-

40 2987 105 3044 tem
125 2983 264 3062 oblonga
284 3002 354 3064 quae
373 2985 540 3048 hincinde
561 3005 661 3066 usque
681 2987 722 3047 ad
740 2992 859 3048 terrem
880 2987 1051 3066 pertingat,

40 3081 165 3142 duabus
180 3081 250 3142 aliis
268 3083 475 3158 brevioribus,
495 3083 546 3145 vel
562 3085 663 3145 altera
683 3084 855 3163 duplicata,
879 3083 1062 3146 dummodo·

41 3175 181 3258 lapidem
193 3179 302 3241 altaris
316 3186 436 3259 tegant.
448 3183 668 3243 Pervetustum
680 3200 747 3242 esse
758 3201 849 3242 usum
859 3183 954 3242 trium
962 3199 1051 3260 map-

39 3294 155 3354 parum
177 3277 297 3338 indicat
317 3284 414 3358 caput
438 3277 477 3340 Si
492 3271 549 3359 p'rr
567 3279 791 3360 oeqlipeeticm,
808 3283 858 3354 27,
876 3280 948 3340 dist.
965 3282 996 3350 Ξ,
1012 3295 1050 3338 aa

42 3373 300 3438 Gousscmrrour.

96 3471 148 3532 IV.
162 3473 243 3534 Crux
255 3473 394 3552 erigitur
404 3475 435 3534 in
445 3475 591 3536 omnibus
601 3475 758 3550 Ecclesiis,
773 3482 828 3535 aut
838 3475 949 3535 saltem
958 3493 1050 3554 repo·

39 3571 248 3645 niturtabula
261 3571 294 3632 in
310 3591 375 3650 que
389 3579 633 3651 representatur
644 3571 749 3651 imago
762 3567 836 3635 lesu
852 3572 966 3633 Christi
981 3591 1049 3634 cru·

38 3667 132 3730 eilixi.
160 3669 236 3729 Gum
262 3669 408 3730 Rubricoe
431 3670 594 3748 requirant
614 3677 649 3731 ut
668 3689 745 3732 crux
764 3670 936 3732 collocetur
954 3689 1048 3750 super

39 3765 136 3827 altare
145 3765 476 3834 etintereandelabra.
488 3767 564 3828 dum
572 3767 836 3830 offertursacrum
844 3767 1045 3844 sacrificium,
