2642 4270
216 245 321 292 Pluris
341 245 482 292 SEUUNDAE
504 245 740 292 PRAELUG'HONUM
760 239 984 297 GANUNIGARU'M.
1046 245 1095 299 644

86 361 139 412 449.
158 359 252 410 Utrum
268 360 371 411 Praelati
389 361 526 424 regulares
545 360 666 410 obtinere
686 361 801 412 debeant
820 363 1020 428 beneplacitum

163 436 339 498 apostolicum
350 436 384 486 ad
395 437 550 500 erigendum
560 439 708 485 conventus
716 441 742 502 et
750 438 844 487 domos
854 441 895 488 sui
907 441 1017 492 ordinis.
1052 445 1098 494 233

86 513 141 560 459.
158 509 252 562 Utrum
260 511 379 560 obtinere
388 512 497 574 insuper
505 511 620 561 debeant
628 510 764 561 licentiam
773 511 806 561 ab
815 515 946 579 Episcopo
957 517 1017 567 loci.
1051 523 1097 570 235

85 588 140 638 454.
158 584 227 643 Quid
247 586 452 648 precavendum
471 586 603 650 Episcopo
625 589 770 650 antequem
791 590 920 640 concedat
937 593 1019 642 licen-

163 662 227 710 tiam
240 661 382 724 expetitam
386 695 1019 720 .........................
1046 672 1096 733 237

84 739 139 788 452.
159 737 251 788 Utrum
261 738 387 794 constitui
396 738 501 800 possint
511 739 658 801 provincie
671 738 773 789 ordinis
787 741 906 805 religiosi
916 743 1018 807 absque

162 813 328 877 beneplacito
342 814 498 876 apostolico,
513 818 540 864 et
553 813 660 864 licentia
674 815 799 878 Episcopi
802 852 1017 870 .........
1051 823 1096 872 244

83 891 139 944 453.
158 888 326 944 Consectaria
343 888 458 946 deducta
476 902 514 948 en¹
527 890 627 954 regulis
644 890 705 953 jure
719 893 826 941 statutis
843 892 878 942 ad
892 894 1020 958 erigenda

162 966 332 1016 monasteria.
356 1003 363 1016 .
645 1001 1019 1022 ...............
1052 975 1099 1022 242

191 1147 246 1184 ΛΒΤ.
263 1146 299 1185 lv.
317 1160 349 1172 ··-
364 1147 402 1182 DBv
412 1146 561 1183 annosioris
577 1147 694 1182 rtootiorf
709 1147 735 1182 IN
753 1147 828 1183 suro
843 1147 987 1186 ostioloso.

217 1243 219 1248 ¹
276 1265 288 1322 4
307 1265 329 1312 4.
346 1243 376 1298 ’-
392 1261 429 1310 De
445 1235 615 1312 admittendis
631 1261 660 1311 in
675 1263 748 1312 eluto
764 1262 894 1328 religioso.

80 1415 135 1464 454.
155 1412 252 1463 Utrum
265 1413 292 1460 04
306 1413 438 1474 quatenus
456 1409 562 1458 vocatio
582 1409 617 1458 sit
635 1409 786 1460 necessaria
805 1409 839 1459 ad
854 1401 1018 1476 amplecten-

159 1485 226 1551 dum
238 1488 337 1548 statum
351 1484 506 1550 religiosum
509 1519 1018 1538 ....................
1052 1489 1097 1540 244

78 1566 134 1615 455.
153 1563 270 1622 Quinem
279 1561 338 1623 jnre
347 1559 569 1623 impedianturah
579 1559 701 1623 ingressu
709 1559 855 1624 religionis.
868 1562 1019 1627 conjugati.
1051 1566 1097 1614 248

77 1641 134 1692 456.
151 1640 213 1689 AEre
225 1637 313 1686 alieno
326 1637 435 1700 gravati,
449 1634 492 1683 vcl
508 1635 654 1684 ratiociniis
666 1635 809 1687 reddendis
823 1637 944 1701 obligati.
958 1675 965 1688 .
985 1675 991 1688 .
1010 1675 1018 1689 .
1051 1641 1097 1690 259

78 1717 135 1766 457.
152 1713 281 1764 Adstricti
291 1711 452 1774 obligatione
465 1709 581 1762 naturali
594 1709 756 1760 sublevandi
765 1715 911 1774 egestatem
923 1727 1019 1777 peren·

157 1795 227 1840 4054.
252 1820 1017 1841 ..............................
1050 1793 1097 1842 252

76 1868 133 1916 458.
152 1865 279 1928 Episcopi
298 1863 425 1912 canonice
443 1860 558 1911 instituti
562 1897 1014 1916 ..................
1048 1868 1095 1917 253

75 1943 132 1992 459.
151 1942 248 1992 Utrum
262 1939 412 1992 beneficiati
426 1941 452 1988 et
466 1938 556 1988 caeteri
572 1936 665 1988 clerici
682 1938 787 2001 possint
803 1937 963 2003 religionem
977 1941 1018 1991 in·

154 2016 241 2081 gredi,
256 2029 312 2065 non
326 2014 435 2064 obtenta
448 2014 524 2076 prius
536 2013 643 2064 licentia
655 2027 672 2067 0
686 2026 735 2064 400
750 2015 883 2079 Episcopo
884 2053 1013 2069 ......
1048 2022 1094 2071 254

74 2097 131 2146 469.
149 2092 246 2145 Clerici
255 2091 315 2155 jure
329 2091 381 2140 4454
390 2090 518 2140 attributo
534 2089 573 2141 uti
588 2090 668 2140 etiam
685 2094 800 2152 possunt
816 2095 847 2141 04
863 2091 1016 2156 ingredien-

154 2172 202 2220 tur
217 2166 450 2230 congregationem
462 2169 588 2214 votorum
603 2165 767 2227 simplicium
771 2202 1012 2218 ..........
1048 2172 1094 2223 257

73 2249 130 2297 464,
147 2243 300 2296 Necessitas
310 2242 459 2292 litterarum
468 2240 687 2291 testimonialium
691 2275 1011 2295 .............
1045 2250 1091 2298 258

432 2379 444 2435 4
461 2377 484 2425 2.
503 2403 532 2412 -
548 2375 585 2425 De
601 2374 740 2426 novitiatu.

71 2516 128 2566 462.
148 2512 222 2572 Quid
232 2511 294 2580 jure
303 2510 432 2580 canonico
445 2509 632 2577 prescriptum
646 2507 682 2557 444
696 2507 728 2558 de
743 2507 873 2559 novitiatu
877 2544 1014 2561 ......
1048 2514 1094 2564 258

70 2593 129 2642 463.
147 2587 334 2652 Obligationes
350 2589 377 2636 ct
390 2585 452 2649 jura
465 2583 642 2634 novitiorum.
667 2618 1015 2637 ..............
1048 2589 1094 2640 264

70 2668 128 2718 464.
146 2665 247 2716 Utrum
254 2662 348 2712 novitii
356 2660 463 2730 valeant
474 2673 524 2710 400
538 2661 610 2710 5050
622 2659 828 2736 patrimonialia,
846 2663 872 2709 et
887 2659 1016 2712 beneficia

153 2739 335 2791 ecclesiastice
353 2737 476 2786 abdicare
479 2770 1015 2788 .....................
1048 2740 1094 2790 265

69 2821 127 2871 465.
146 2817 247 2868 Utrum
261 2818 288 2864 et
299 2817 440 2877 quatemus
450 2813 560 2862 novitiae
571 2810 686 2862 debeant
696 2810 787 2861 dotem
796 2812 942 2862 conventui
952 2813 1016 2864 dare

147 2895 217 2958 ente
231 2890 423 2954 professionem
432 2920 1014 2968 ............................
1048 2890 1093 2939 268

318 3101 321 3108 ¹
344 3101 347 3110 ¹
418 3034 431 3091 l
448 3033 471 3082 3.
488 3055 519 3066 -
536 3029 575 3080 Dc
587 3028 759 3092 professione.

67 3185 126 3236 466.
146 3178 221 3241 Quid
238 3178 272 3226 sit
286 3175 417 3240 professio
431 3172 557 3238 religiosa
573 3185 579 3222 :
596 3171 743 3236 quotuplex
755 3171 962 3238 distinguatur..
981 3209 988 3225 .
1007 3210 1015 3225 .
1048 3176 1095 3226 269

144 3257 264 3307 Decreta
276 3251 426 3302 recentiora
440 3249 473 3299 de
483 3248 627 3298 emissione
641 3249 768 3318 40404054
783 3245 811 3295 45
826 3248 967 3298 ordinibus
981 3263 1019 3299 re-

151 3327 303 3397 gularibus.
328 3357 754 3377 ...............
768 3387 770 3391 Ι
773 3359 1015 3376 ,,,,,,,,,,
1049 3327 1095 3377 27⁰

66 3413 125 3461 tor.
145 3404 325 3460 conditiones
338 3402 476 3466 requisitor
486 3405 517 3451 04
527 3399 661 3464 professio
677 3398 765 3448 valide
779 3394 824 3448 fiat
827 3434 1017 3452 ........
1049 3405 1096 3454 272

66 3487 124 3538 468.
144 3482 269 3535 Effectus
288 3477 463 3542 professionis
481 3477 615 3540 religiosae
619 3509 963 3527 ‚‚‚‚‚‚‚‚‚‚‚‚‚
976 3489 989 3527 '.
1009 3513 1016 3528 .
1049 3480 1095 3530 275

65 3561 124 3614 469.
145 3557 221 3619 Quid
231 3554 293 3618 jure
305 3554 454 3603 carendum
466 3553 496 3602 in
509 3566 571 3602 casu
586 3550 762 3616 professionis
776 3550 902 3602 invalide
905 3585 1017 3603 .....
1050 3555 1097 3604 540

64 3640 124 3690 iio.
144 3631 221 3695 Quid
238 3631 259 3678 si
273 3630 403 3693 regularis
420 3642 476 3679 non
490 3626 576 3693 possit
590 3627 703 3692 probare
721 3639 816 3677 000404
837 3639 904 3691 quas
922 3627 1020 3692 allegat

147 3706 288 3762 114141440ῑὶ4
304 3719 360 3756 ⁸11ae
380 3704 563 3769 professionis.
585 3703 730 3753 Remissive
748 3737 1019 3754 ,,,,,,,,,,,
1052 3706 1098 3756 277
