2588 4276
260 206 329 298 iar.
349 249 394 298 ιι.
414 237 588 297 curvamus
608 246 814 298 crurumurs.
992 245 1043 301 {ra

39 384 92 448 per
110 365 309 444 deputatum.
321 364 393 426 2⁰Si
403 383 479 426 vera
493 363 746 444 impossibilitate
759 364 949 440 detineatur,
961 368 1051 447 graui

39 463 184 525 nimirum
200 463 383 525 infirmitate
395 463 437 526 sit
449 461 621 540 irnpeditus
633 461 802 540 quominus
817 462 857 524 ad
873 464 979 526 aulam
994 484 1049 530 ce·

40 562 211 642 pitulorem
226 579 258 622 se
275 561 427 623 conferat.
442 561 474 620 3⁰
486 561 617 622 Necesse
630 559 755 620 videtur
766 565 802 622 ut
815 560 898 624 vices
913 581 985 625 suas
998 565 1054 626 uni

37 659 199 738 eccllegio
214 658 403 732 committat,
416 657 531 720 saltem
545 657 572 718 si
584 657 707 720 itafieri
721 658 896 738 capitulum
910 661 1050 751 petierit3

35 757 184 837 siquidem
201 757 378 836 capitulum
392 775 457 818 non
473 760 599 817 tenetur
610 760 794 822 extraneam
809 775 978 837 personam
991 761 1049 824 ad-

35 855 153 918 mittere
164 855 198 916 in
207 873 265 916 sua
273 854 410 917 comitia.
423 853 508 934 (Gap.
529 853 607 929 Quia
616 863 753 934 propter,
768 860 800 916 et
814 852 855 916 Si
864 856 1066 958 quisjustog
1140 924 1143 932 ,

88 961 221 1035 Quando
245 961 417 1023 canonicus
434 961 550 1022 absens
571 959 667 1046 alicui
689 959 847 1040 delegavit
864 981 938 1024 suas
955 964 1049 1044 vices,

39 1059 230 1138 designando
251 1077 422 1139 personam
440 1059 490 1120 cui
505 1057 691 1138 suffragium
706 1057 776 1118 dari
789 1059 905 1126 debeat
915 1060 948 1122 in
967 1062 1051 1126 slec-

38 1157 126 1230 tione‚
142 1161 332 1236 procurator
349 1155 467 1237 poterit
486 1155 576 1218 hane
584 1173 753 1235 personam
769 1156 897 1217 nomine
912 1158 1051 1224 absentis

38 1254 159 1333 eligere,
176 1259 208 1315 et
227 1254 260 1314 in
282 1253 414 1316 alteram
436 1270 529 1315 suum
550 1253 717 1332 proprium
735 1258 843 1314 votum
864 1257 1049 1334 transferrc3

40 1352 118 1413 nulla
132 1352 254 1432 quippe
267 1351 424 1437 reperitur
439 1349 652 1412 contradictio
666 1349 700 1411 in
715 1349 772 1412 tali
781 1352 897 1429 agendi
913 1353 1048 1418 ratione.

41 1450 67 1514 Si
80 1468 156 1526 varo
175 1449 347 1512 canonicus
368 1450 483 1510 absens
502 1465 570 1510 rem
593 1447 746 1528 prudenti
765 1448 896 1511 arbitrio
918 1456 950 1511 et
972 1469 1049 1514 con·

41 1547 168 1609 scientiae
183 1547 398 1627 procuratoris
411 1545 615 1620 commiserit,
636 1545 684 1608 fas
699 1564 764 1607 non
780 1546 840 1607 crit
852 1550 1051 1627 procuratori

41 1664 128 1706 unum
144 1645 272 1706 nomine
288 1643 425 1707 absentis
439 1642 531 1724 cujus
544 1642 629 1705 vices
649 1643 742 1724 gerit,
757 1642 891 1706 alterum
906 1663 964 1708 suo
977 1664 1050 1728 pro·

43 1741 99 1820 prio
115 1741 244 1802 nomine
267 1742 393 1822 eligere,
411 1760 451 1803 ne
465 1741 611 1804 videatur
626 1758 717 1802 suam
735 1741 946 1806 conscientem
967 1743 1048 1808 divi-

44 1837 112 1914 dere,
124 1837 196 1900 uti'
184 1857 259 1916 Jura
276 1839 459 1918 loquuntur.

93 1946 146 2007 ΠΙ.
157 1945 268 2007 Altera
277 1945 448 2008 conditio'
420 1963 509 2024 ‚Jure
519 1945 658 2008 naturali
673 1951 705 2008 et
718 1945 870 2009 canonico
883 1947 1048 2030 requisita,

49 2048 88 2104 est
100 2048 136 2104 ut
154 2041 328 2104 deliberatio
346 2043 405 2124 fiot
423 2062 488 2106 cum
506 2042 653 2122 libertate,
675 2044 754 2106 adeo
774 2051 809 2108 ut
831 2044 859 2106 si
873 2044 1049 2127 capitulum

48 2140 194 2220 adigatur,
214 2160 244 2202 v.
266 2158 311 2219 g.‚
334 2141 374 2202 ed
391 2139 577 2202 electionem
596 2139 707 2203 vicarii
726 2139 919 2221 capitularis,
940 2142 1046 2220 minis,

48 2239 180 2301 teodone·
204 2239 354 2320 partium,
375 2237 619 2300 comminatione
641 2237 847 2317 magistratus
875 2240 1045 2316 saecularis,

45 2335 134 2399 aliove
146 2337 254 2410 modo,
271 2335 383 2398 electio
399 2354 463 2398 non
477 2335 599 2412 valsat3
617 2339 665 2397 est
683 2335 797 2398 saltem
811 2335 974 2398 rescisioni
987 2337 1046 2398 ob·

5 2491 7 2496 .
46 2434 138 2496 noxia.
155 2435 246 2509 Quod
261 2434 345 2496 idem
358 2433 529 2498 dicendum
544 2433 583 2496 ds
598 2434 699 2496 altera
712 2449 911 2515 quacumque
925 2433 1047 2497 delibe-

5 2525 7 2528 ’
48 2531 157 2594 ratione
172 2549 211 2593 ex
225 2535 313 2592 motu
333 2529 422 2609 gravi
435 2529 515 2591 inita
530 2539 553 2591 1.

94 2629 172 2702 Quid
189 2646 266 2690 vero
283 2627 309 2688 si
330 2627 504 2707 capitulum
518 2632 605 2698 metu
625 2627 772 2707 adigatur
789 2629 830 2691 ad
850 2628 1044 2712 eligendum,

47 2741 99 2785 non
115 2725 245 2805 quidem
260 2729 380 2788 certam
397 2743 580 2806 personam,
603 2725 658 2788 sed
682 2727 816 2788 alteram
835 2728 1044 2807 expluribus,

47 2823 87 2883 rel
99 2841 115 2885 e
128 2823 185 2884 tali
199 2823 370 2904 provincia,
386 2823 509 2888 caeteris
521 2823 645 2904 penitus
662 2823 818 2887 exclusis?
828 2825 950 2888 Solutio
965 2845 1046 2907 pen·

49 2919 91 2982 det
102 2940 122 2982 a
134 2920 376 2983 circumstantiis
392 2926 424 2982 et
436 2921 649 3002 praesertim'a
669 2921 826 2999 libertate,
843 2942 925 3004 quae,
940 2923 1047 2988 exclu-

7 3063 8 3096 ,
48 3017 120 3080 sione
137 3019 232 3093 facta,
252 3018 440 3099 relinquitur
459 3018 665 3094 electoribus;
680 3019 886 3099 perspicuum
902 3022 986 3084 enim
1000 3027 1048 3085 est

7 3112 9 3164 ἴ
49 3131 78 3177 eo
95 3117 194 3197 magis
216 3117 341 3195 gravari
357 3117 537 3180 libertatem
557 3135 621 3198 quo
639 3117 757 3179 arctius
771 3118 938 3182 conclusus
952 3119 1049 3182 luerit

2 3215 8 3272 ’ἶ
49 3230 183 3278 uumerus
203 3232 412 3294 personarum
433 3234 471 3277 ex
495 3213 611 3296 quibus
635 3215 735 3278 altera
765 3215 912 3296 eligenda
940 3216 990 3279 sit
1013 3215 1047 3278 si

6 3287 139 3390 plures
152 3318 338 3375 remaneant
351 3313 495 3377 idoneae
486 3332 519 3375 rn
534 3331 614 3396 quas
626 3313 766 3376 officium
788 3314 952 3377 transferri
970 3333 1045 3377 con·

51 3411 195 3474 unienter
208 3415 316 3495 queat,
331 3417 481 3495 putamus
493 3411 600 3477 velers
622 3411 819 3492 electionem,
836 3413 964 3476 tametsi
977 3431 1048 3476 res·

87 3627 107 3675 l.
122 3625 159 3678 ct.
171 3625 366 3678 commentaria
379 3626 578 3682 canonistarum
592 3627 622 3680 iu
635 3625 746 3680 titulum
759 3639 786 3680 ιι
799 3626 847 3682 lib.
859 3627 871 3680 1
890 3627 992 3683 Decret.
1014 3644 1047 3683 ur

57 3698 93 3750 Hs
103 3714 155 3760 oon
168 3715 195 3757 rr
204 3715 317 3756 aarum
327 3715 405 3756 caeru
418 3716 501 3758 araur.
