2604 4274
221 271 276 328 416
493 280 566 328 rins
586 280 632 331 111.
653 281 709 328 nus
730 275 971 327 eccnusinsrtcn.

221 391 313 454 viarii
329 390 518 473 impressum
534 413 605 456 cum
622 394 750 456 licentia
764 391 1017 466 ordinariorum,
1035 389 1087 451 vel
1101 388 1243 470 Inquisi-

222 496 338 563 torum,
359 491 528 553 collatione
547 493 633 554 tacta
655 510 727 553 cum
748 489 923 570 exemplari
946 488 1146 550 authenIIco.
1166 488 1245 550 Cum

221 606 279 667 per
308 593 434 668 tempus
464 589 649 650 diuturnum
681 587 895 668 praetermissa
922 587 1032 648 fuisset
1060 586 1244 647 observatio

221 685 460 746 ConstitutIonis
479 687 648 748 Clementis
667 688 746 760 VIII,
768 684 843 748 Cum
855 685 887 744 in
906 683 1046 745 Ecclesia
1068 681 1242 756 Cctbolr'rc,

222 801 273 844 an.
291 784 381 858 1692,
393 784 425 844 id
440 785 618 858 statuentis,
635 785 715 846 adeo
732 785 831 845 utrix
845 783 1060 862 reperirentur
1082 779 1242 860 exempla·

220 879 268 940 ria
279 880 512 942 Breviariorum
525 900 597 962 quae
615 882 856 962 praeseferrent
869 879 1089 942 attestationes
1099 895 1245 940 necessa-

220 975 1243 1058 riasOrdinariorum,S.Gongregatiodeclaravitbtiaprilisltittt,

221 1080 317 1154 atque
341 1075 456 1138 iterum
480 1077 518 1137 I8
537 1077 616 1139 febr.
641 1078 721 1138 1843
737 1097 745 1140 ε
764 1075 995 1139 Conslilutr'oaes
1011 1073 1195 1156 pontificalis
1210 1073 1241 1132 in

157 1245 160 1253 V
218 1191 271 1232 suo
285 1171 392 1236 robore
402 1192 589 1254 pernoscere,
605 1182 635 1235 et
646 1173 772 1236 abusum
786 1193 846 1234 noc
861 1192 920 1235 esse
933 1171 1140 1234 tolerandum.

279 1271 317 1332 11.
335 1269 394 1342 Qui
417 1271 504 1332 aliud
518 1271 711 1334 Breviarium
728 1272 881 1333 habenta
904 1271 1021 1332 Sancta
1031 1269 1115 1332 Sede
1131 1286 1246 1349 apprc

219 1367 342 1439 batum,
351 1387 414 1428 non
428 1374 572 1448 possunt,
581 1387 638 1430 nec
653 1369 687 1430 in
700 1368 876 1444 choro,nec
886 1367 1103 1447 privatim,uti
1113 1365 1244 1428 Brevia·

219 1466 266 1527 rio
279 1467 432 1541 Romano,
447 1466 474 1526 si
488 1466 660 1546 Episcopus
675 1466 873 1545 prohibuerit
888 1484 980 1526 usum
994 1465 1126 1526 alterius
1140 1463 1245 1542 cujus·

218 1562 746 1642 libetlibrumpraeterBreviarium
756 1563 1083 1644 propriudeoecesis.
1099 1563 1243 1624 ltacom·

219 1659 357 1720 munitor
369 1660 524 1736 doctores,
542 1661 596 1740 qui
607 1663 736 1724 tradunt
751 1680 1010 1744 unumquemque
1020 1661 1124 1723 teneri
1140 1663 1242 1722 Horas

220 1758 388 1819 canonicas
403 1759 536 1820 recitare
541 1759 636 1840 juxta
648 1761 783 1822 formam
796 1761 829 1820 iu
844 1779 901 1821 sua
914 1759 1054 1834 dioecesi,
1069 1758 1123 1820 vel
1138 1759 1174 1818 in
1185 1776 1241 1819 suo

219 1854 328 1915 ordine
339 1863 499 1936 receptam
515 1862 546 1917 et
558 1857 780 1937 approbatam.
800 1858 929 1936 Regulae
946 1857 1091 1936 generali
1106 1857 1241 1935 deroga·

219 1957 287 2012 tum
308 1971 373 2014 uon
394 1953 455 2014 tuit
480 1971 538 2034 per
558 1955 820 2039 constitutionem
841 1955 890 2015 Pii
908 1956 945 2028 V,
967 1953 1022 2035 qui
1046 1953 1179 2028 clericis,
1202 1953 1236 2013 in

219 2067 294 2110 essu
315 2051 509 2130 exceptionis
524 2052 713 2129 constitutis,
730 2071 794 2114 non
808 2052 963 2114 concessit
976 2070 1069 2113 usum
1084 2049 1235 2113 Breviorii

219 2148 363 2222 Romani,
389 2149 450 2210 nisi
468 2156 625 2230 quatenus
645 2151 818 2230 Episcopus
836 2151 917 2211 illud
933 2169 991 2230 pro
1013 2169 1071 2210 sua
1083 2147 1235 2222 Ecclesia,

219 2246 409 2308 assentiente
428 2248 568 2328 capitulo
598 2248 784 2324 cathedrali,
808 2247 1026 2327 acceptaverit.
1047 2270 1064 2304 «
1079 2249 1148 2308 Hoc
1167 2246 1234 2328 qui·

219 2365 235 2398 «
260 2343 533 2424 demvideturper
545 2363 577 2406 se
589 2345 705 2418 verius,
722 2345 766 2406 ait
780 2343 1131 2420 Suare23nihilomiuus
1139 2361 1235 2424 prop·

223 2461 238 2498 n
259 2446 306 2502 ter
323 2442 499 2522 opiniones,
522 2448 553 2504 et
565 2443 641 2522 quta
664 2461 789 2504 resnou
804 2443 973 2521 estmagni
987 2442 1155 2516 momenti,
1173 2459 1235 2502 non

222 2563 237 2593 a
260 2539 409 2600 auderem
424 2541 576 2601 damnare
588 2541 957 2620 peccatimorttlisiilum
973 2541 1028 2620 qui
1041 2539 1234 2603 contrarium

221 2659 237 2692 «
258 2637 386 2698 taceret.
404 2661 419 2693 u
436 2637 494 2718 (De
510 2637 602 2699 Horis
614 2639 775 2712 cononicis,
792 2658 862 2719 cap.
879 2655 974 2713 xxm,
989 2647 1025 2699 n⁰
1039 2638 1085 2718 9.)

278 2734 330 2795 III.
342 2736 523 2796 Notandum
534 2736 707 2814 regulares,
717 2736 1084 2817 quocumqueBreviario
1092 2740 1231 2808 utantur,

219 2829 334 2891 debere
356 2831 513 2894 celebrare
533 2834 648 2895 festum
670 2835 797 2913 patroni
812 2835 998 2915 principalis
1017 2834 1090 2908 loci,
1114 2833 1230 2914 absque

157 2939 162 2952 “
219 2933 340 3004 octava,
358 2947 422 2989 non
435 2930 563 3009 quidem
580 2933 740 3011 parochiae
760 2932 845 2994 intra
864 2931 954 3010 cujus
973 2931 1051 2993 fines
1073 2932 1168 2992 situm
1187 2937 1230 2993 est

218 3025 455 3104 monasterium,
472 3030 731 3109 quandoquidem
747 3048 810 3091 non
833 3036 1001 3092 censentur
1014 3031 1054 3090 de
1068 3029 1227 3109 parochis,

218 3125 260 3186 ob
274 3125 509 3205 exemptionem
527 3143 591 3205 qua
604 3129 788 3208 potiuntur;
803 3129 858 3189 sed
872 3130 999 3208 patroni
1011 3129 1158 3202 civitatis,
1174 3127 1228 3189 sub

218 3224 307 3303 eujus
323 3223 501 3303 patrocinio
522 3226 769 3302 constituuntur,
795 3226 907 3288 eodem
928 3245 1059 3306 prorsus
1079 3225 1175 3287 modo
1189 3245 1223 3286 ac

218 3320 324 3382 crateri
336 3320 430 3383 eires.
448 3323 609 3384 Parochus
626 3329 733 3385 autem
753 3329 784 3385 et
798 3324 905 3386 clerici
924 3323 1085 3404 parochiae
1100 3323 1223 3401 addicti,

218 3421 365 3480 tenentur
377 3419 537 3482 celebrare
555 3421 672 3482 testum
689 3422 819 3502 patroni
833 3421 1005 3502 parochiae,
1022 3421 1085 3482 ritu
1099 3421 1226 3502 duplicis

218 3515 253 3573 It
273 3516 392 3590 classis,
408 3537 480 3579 cum
493 3523 617 3581 octava.
635 3520 800 3581 Festivitas
810 3519 937 3600 patroni
952 3519 1096 3582 dioecesis
1111 3525 1142 3582 et
1153 3519 1224 3582 ciri-

205 3613 291 3673 ·tatis
306 3615 455 3676 omnibus
469 3616 581 3676 incolis
596 3615 758 3678 indIcItur.

276 3711 437 3772 Parochus
448 3712 503 3792 qui
515 3713 612 3774 habet
625 3713 704 3775 duas
717 3714 873 3777 Ecclesias
885 3716 1001 3791 unitas,
1014 3715 1110 3777 debet
1119 3715 1224 3778 utrius·
