<?xml version="1.0" encoding="UTF-8"?>
<!DOCTYPE html PUBLIC "-//W3C//DTD XHTML 1.0 Transitional//EN"
    "http://www.w3.org/TR/xhtml1/DTD/xhtml1-transitional.dtd">
<html xmlns="http://www.w3.org/1999/xhtml" xml:lang="en" lang="en">
 <head>
  <title>
</title>
<meta http-equiv="Content-Type" content="text/html;charset=utf-8" />
  <meta name='ocr-system' content='tesseract 3.04.00' />
  <meta name='ocr-capabilities' content='ocr_page ocr_carea ocr_par ocr_line ocrx_word'/>
</head>
<body>
  <div class='ocr_page' id='page_1' title='image "./praelectionesju00murrgoog_0023.png"; bbox 0 0 2632 4260; ppageno 0'>
   <div class='ocr_carea' id='block_1_1' title="bbox 219 248 894 304">
    <p class='ocr_par' dir='ltr' id='par_1_1' title="bbox 219 248 894 304">
     <span class='ocr_line' id='line_1_1' title="bbox 219 248 894 304; baseline -0.01 1"><span class='ocrx_word' id='word_1_1' title='bbox 219 248 235 298; x_wconf 87' lang='lat'>8</span> <span class='ocrx_word' id='word_1_2' title='bbox 537 253 603 302; x_wconf 68' lang='lat' dir='ltr'><strong>aar.</strong></span> <span class='ocrx_word' id='word_1_3' title='bbox 626 253 661 304; x_wconf 89' lang='lat' dir='ltr'><strong>u.</strong></span> <span class='ocrx_word' id='word_1_4' title='bbox 683 251 720 299; x_wconf 86' lang='lat' dir='ltr'><strong>us</strong></span> <span class='ocrx_word' id='word_1_5' title='bbox 740 252 894 300; x_wconf 78' lang='lat' dir='ltr'><strong>ressonis.</strong></span> 
     </span>
    </p>
   </div>
   <div class='ocr_carea' id='block_1_2' title="bbox 98 369 1238 943">
    <p class='ocr_par' dir='ltr' id='par_1_2' title="bbox 98 369 1238 943">
     <span class='ocr_line' id='line_1_2' title="bbox 221 369 1233 451; baseline -0.008 -19"><span class='ocrx_word' id='word_1_6' title='bbox 221 389 294 450; x_wconf 88' lang='lat' dir='ltr'><strong>pere</strong></span> <span class='ocrx_word' id='word_1_7' title='bbox 310 370 403 431; x_wconf 85' lang='lat' dir='ltr'><strong>simul</strong></span> <span class='ocrx_word' id='word_1_8' title='bbox 417 381 505 433; x_wconf 80' lang='lat' dir='ltr'><strong>suum</strong></span> <span class='ocrx_word' id='word_1_9' title='bbox 512 390 591 451; x_wconf 83' lang='lat' dir='ltr'><strong>esse;</strong></span> <span class='ocrx_word' id='word_1_10' title='bbox 600 377 632 434; x_wconf 91' lang='lat' dir='ltr'><strong>et</strong></span> <span class='ocrx_word' id='word_1_11' title='bbox 648 387 738 450; x_wconf 89' lang='lat' dir='ltr'><strong>posse</strong></span> <span class='ocrx_word' id='word_1_12' title='bbox 751 369 882 450; x_wconf 90' lang='lat' dir='ltr'><strong>sibiipsi</strong></span> <span class='ocrx_word' id='word_1_13' title='bbox 897 372 1062 450; x_wconf 87' lang='lat' dir='ltr'><strong>providere</strong></span> <span class='ocrx_word' id='word_1_14' title='bbox 1077 372 1233 450; x_wconf 86' lang='lat' dir='ltr'><strong>quantum</strong></span> 
     </span>
     <span class='ocr_line' id='line_1_3' title="bbox 98 467 1236 551; baseline -0.007 -21"><span class='ocrx_word' id='word_1_15' title='bbox 98 515 100 518; x_wconf 27' lang='grc' dir='ltr'>ψ</span> <span class='ocrx_word' id='word_1_16' title='bbox 220 468 261 530; x_wconf 91' lang='lat' dir='ltr'><strong>ad</strong></span> <span class='ocrx_word' id='word_1_17' title='bbox 276 487 315 530; x_wconf 88' lang='lat' dir='ltr'><strong>ca</strong></span> <span class='ocrx_word' id='word_1_18' title='bbox 329 488 399 550; x_wconf 83' lang='lat' dir='ltr'><strong>ques</strong></span> <span class='ocrx_word' id='word_1_19' title='bbox 415 476 489 531; x_wconf 88' lang='lat' dir='ltr'><strong>sunt</strong></span> <span class='ocrx_word' id='word_1_20' title='bbox 500 471 583 551; x_wconf 87' lang='lat' dir='ltr'><strong>juris</strong></span> <span class='ocrx_word' id='word_1_21' title='bbox 602 468 701 531; x_wconf 86' lang='lat' dir='ltr'><strong>divini</strong></span> <span class='ocrx_word' id='word_1_22' title='bbox 717 468 768 530; x_wconf 88' lang='lat' dir='ltr'><strong>vel</strong></span> <span class='ocrx_word' id='word_1_23' title='bbox 782 469 946 532; x_wconf 88' lang='lat' dir='ltr'><strong>naturalis.</strong></span> <span class='ocrx_word' id='word_1_24' title='bbox 964 472 1008 533; x_wconf 79' lang='lat' dir='ltr'><strong>lla</strong></span> <span class='ocrx_word' id='word_1_25' title='bbox 1024 471 1123 549; x_wconf 83' lang='lat' dir='ltr'><strong>igitur</strong></span> <span class='ocrx_word' id='word_1_26' title='bbox 1141 467 1236 528; x_wconf 70' lang='lat' dir='ltr'><strong>catate</strong></span> 
     </span>
     <span class='ocr_line' id='line_1_4' title="bbox 220 561 1237 647; baseline -0.007 -19"><span class='ocrx_word' id='word_1_27' title='bbox 220 566 345 646; x_wconf 78' lang='lat' dir='ltr'><strong>parvuli</strong></span> <span class='ocrx_word' id='word_1_28' title='bbox 375 561 518 646; x_wconf 83' lang='lat' dir='ltr'><strong>possunt,</strong></span> <span class='ocrx_word' id='word_1_29' title='bbox 548 568 656 630; x_wconf 80' lang='lat' dir='ltr'><strong>invitis</strong></span> <span class='ocrx_word' id='word_1_30' title='bbox 681 567 877 647; x_wconf 86' lang='lat' dir='ltr'><strong>parentibus,</strong></span> <span class='ocrx_word' id='word_1_31' title='bbox 905 567 1000 629; x_wconf 88' lang='lat' dir='ltr'><strong>fidem</strong></span> <span class='ocrx_word' id='word_1_32' title='bbox 1030 565 1237 629; x_wconf 77' lang='lat' dir='ltr'><strong>christianam</strong></span> 
     </span>
     <span class='ocr_line' id='line_1_5' title="bbox 221 663 1236 746; baseline -0.004 -21"><span class='ocrx_word' id='word_1_33' title='bbox 221 665 364 745; x_wconf 84' lang='lat' dir='ltr'><strong>profiteri</strong></span> <span class='ocrx_word' id='word_1_34' title='bbox 379 670 410 727; x_wconf 92' lang='lat' dir='ltr'><strong>et</strong></span> <span class='ocrx_word' id='word_1_35' title='bbox 423 665 620 746; x_wconf 85' lang='lat' dir='ltr'><strong>Baptismum</strong></span> <span class='ocrx_word' id='word_1_36' title='bbox 635 665 816 746; x_wconf 78' lang='lat' dir='ltr'><strong>suscipere:</strong></span> <span class='ocrx_word' id='word_1_37' title='bbox 834 671 1005 746; x_wconf 86' lang='lat' dir='ltr'><strong>antequam</strong></span> <span class='ocrx_word' id='word_1_38' title='bbox 1020 663 1236 727; x_wconf 84' lang='lat' dir='ltr'><strong>verohahue·</strong></span> 
     </span>
     <span class='ocr_line' id='line_1_6' title="bbox 219 761 1235 841; baseline -0.004 -18"><span class='ocrx_word' id='word_1_39' title='bbox 219 761 285 824; x_wconf 92' lang='lat' dir='ltr'><strong>rint</strong></span> <span class='ocrx_word' id='word_1_40' title='bbox 298 781 390 824; x_wconf 90' lang='lat' dir='ltr'><strong>usum</strong></span> <span class='ocrx_word' id='word_1_41' title='bbox 405 764 547 841; x_wconf 82' lang='lat' dir='ltr'><strong>rationis,</strong></span> <span class='ocrx_word' id='word_1_42' title='bbox 562 783 626 826; x_wconf 91' lang='lat' dir='ltr'><strong>non</strong></span> <span class='ocrx_word' id='word_1_43' title='bbox 641 768 714 824; x_wconf 88' lang='lat' dir='ltr'><strong>sunt</strong></span> <span class='ocrx_word' id='word_1_44' title='bbox 731 762 920 825; x_wconf 89' lang='lat' dir='ltr'><strong>admittendi</strong></span> <span class='ocrx_word' id='word_1_45' title='bbox 933 765 974 826; x_wconf 92' lang='lat' dir='ltr'><strong>ad</strong></span> <span class='ocrx_word' id='word_1_46' title='bbox 988 766 1235 831; x_wconf 87' lang='lat' dir='ltr'><strong>sacramentum,</strong></span> 
     </span>
     <span class='ocr_line' id='line_1_7' title="bbox 221 857 1238 943; baseline -0.006 -22"><span class='ocrx_word' id='word_1_47' title='bbox 221 861 377 941; x_wconf 82' lang='lat' dir='ltr'><strong>siquidem</strong></span> <span class='ocrx_word' id='word_1_48' title='bbox 399 887 415 919; x_wconf 88' lang='lat'>«</span> <span class='ocrx_word' id='word_1_49' title='bbox 435 861 541 925; x_wconf 88' lang='lat' dir='ltr'><strong>obstat</strong></span> <span class='ocrx_word' id='word_1_50' title='bbox 560 863 756 925; x_wconf 90' lang='lat' dir='ltr'><strong>cousuetudo</strong></span> <span class='ocrx_word' id='word_1_51' title='bbox 777 862 937 939; x_wconf 73' lang='lat' dir='ltr'><strong>Ecclesia,</strong></span> <span class='ocrx_word' id='word_1_52' title='bbox 964 881 1035 943; x_wconf 80' lang='lat' dir='ltr'><strong>quae</strong></span> <span class='ocrx_word' id='word_1_53' title='bbox 1060 877 1185 940; x_wconf 82' lang='lat' dir='ltr'><strong>semper</strong></span> <span class='ocrx_word' id='word_1_54' title='bbox 1204 857 1238 916; x_wconf 89' lang='lat' dir='ltr'><strong>in</strong></span> 
     </span>
    </p>
   </div>
   <div class='ocr_carea' id='block_1_3' title="bbox 95 954 1315 3788">
    <p class='ocr_par' dir='ltr' id='par_1_3' title="bbox 95 954 1312 1630">
     <span class='ocr_line' id='line_1_8' title="bbox 222 954 1238 1034; baseline -0.005 -14"><span class='ocrx_word' id='word_1_55' title='bbox 222 983 238 1015; x_wconf 87' lang='grc'>«</span> <span class='ocrx_word' id='word_1_56' title='bbox 257 959 403 1021; x_wconf 88' lang='lat' dir='ltr'><strong>omnihus</strong></span> <span class='ocrx_word' id='word_1_57' title='bbox 422 967 469 1022; x_wconf 88' lang='lat' dir='ltr'><strong>est</strong></span> <span class='ocrx_word' id='word_1_58' title='bbox 488 960 669 1024; x_wconf 81' lang='lat' dir='ltr'><strong>aemulanda</strong></span> <span class='ocrx_word' id='word_1_59' title='bbox 690 983 720 1033; x_wconf 85' lang='lat'><strong>»,</strong></span> <span class='ocrx_word' id='word_1_60' title='bbox 741 960 932 1023; x_wconf 85' lang='lat' dir='ltr'><strong>aitsanctus</strong></span> <span class='ocrx_word' id='word_1_61' title='bbox 958 961 1108 1022; x_wconf 76' lang='lat' dir='ltr'><strong>Thomas,</strong></span> <span class='ocrx_word' id='word_1_62' title='bbox 1134 954 1238 1034; x_wconf 86' lang='lat' dir='ltr'><strong>Hujus</strong></span> 
     </span>
     <span class='ocr_line' id='line_1_9' title="bbox 221 1049 1312 1140; baseline -0.005 -23"><span class='ocrx_word' id='word_1_63' title='bbox 221 1057 394 1138; x_wconf 88' lang='lat' dir='ltr'><strong>disciplinae</strong></span> <span class='ocrx_word' id='word_1_64' title='bbox 423 1059 583 1140; x_wconf 85' lang='lat' dir='ltr'><strong>duplicem</strong></span> <span class='ocrx_word' id='word_1_65' title='bbox 605 1058 763 1120; x_wconf 91' lang='lat' dir='ltr'><strong>rationem</strong></span> <span class='ocrx_word' id='word_1_66' title='bbox 791 1058 883 1120; x_wconf 82' lang='lat' dir='ltr'><strong>affert</strong></span> <span class='ocrx_word' id='word_1_67' title='bbox 905 1077 912 1120; x_wconf 94' lang='lat'><strong>:</strong></span> <span class='ocrx_word' id='word_1_68' title='bbox 936 1078 1034 1121; x_wconf 91' lang='lat' dir='ltr'><strong>unam</strong></span> <span class='ocrx_word' id='word_1_69' title='bbox 1056 1053 1237 1138; x_wconf 85' lang='lat' dir='ltr'><strong>epericulo</strong></span> <span class='ocrx_word' id='word_1_70' title='bbox 1311 1049 1312 1054; x_wconf 73' lang='grc'>’</span> 
     </span>
     <span class='ocr_line' id='line_1_10' title="bbox 221 1153 1239 1238; baseline -0.005 -23"><span class='ocrx_word' id='word_1_71' title='bbox 221 1155 305 1231; x_wconf 87' lang='lat' dir='ltr'><strong>fidei,</strong></span> <span class='ocrx_word' id='word_1_72' title='bbox 322 1156 454 1218; x_wconf 83' lang='lat' dir='ltr'><strong>alteram</strong></span> <span class='ocrx_word' id='word_1_73' title='bbox 470 1153 623 1237; x_wconf 84' lang='lat' dir='ltr'><strong>ejustitia</strong></span> <span class='ocrx_word' id='word_1_74' title='bbox 640 1157 779 1219; x_wconf 88' lang='lat' dir='ltr'><strong>naturali</strong></span> <span class='ocrx_word' id='word_1_75' title='bbox 796 1175 836 1218; x_wconf 89' lang='lat' dir='ltr'><strong>ne</strong></span> <span class='ocrx_word' id='word_1_76' title='bbox 850 1157 985 1220; x_wconf 83' lang='lat' dir='ltr'><strong>laedatur</strong></span> <span class='ocrx_word' id='word_1_77' title='bbox 996 1156 1052 1236; x_wconf 88' lang='lat' dir='ltr'><strong>jus</strong></span> <span class='ocrx_word' id='word_1_78' title='bbox 1067 1156 1239 1238; x_wconf 77' lang='lat' dir='ltr'><strong>parantum</strong></span> 
     </span>
     <span class='ocr_line' id='line_1_11' title="bbox 220 1252 1237 1336; baseline 0 -24"><span class='ocrx_word' id='word_1_79' title='bbox 220 1253 253 1313; x_wconf 92' lang='lat' dir='ltr'><strong>in</strong></span> <span class='ocrx_word' id='word_1_80' title='bbox 270 1252 347 1330; x_wconf 90' lang='lat' dir='ltr'><strong>filio,</strong></span> <span class='ocrx_word' id='word_1_81' title='bbox 365 1255 466 1316; x_wconf 91' lang='lat' dir='ltr'><strong>donec</strong></span> <span class='ocrx_word' id='word_1_82' title='bbox 482 1274 562 1336; x_wconf 89' lang='lat' dir='ltr'><strong>puer</strong></span> <span class='ocrx_word' id='word_1_83' title='bbox 581 1255 713 1336; x_wconf 89' lang='lat' dir='ltr'><strong>incipiat</strong></span> <span class='ocrx_word' id='word_1_84' title='bbox 724 1255 773 1316; x_wconf 92' lang='lat' dir='ltr'><strong>sui</strong></span> <span class='ocrx_word' id='word_1_85' title='bbox 789 1255 857 1317; x_wconf 81' lang='lat' dir='ltr'><strong>ess&#39;e</strong></span> <span class='ocrx_word' id='word_1_86' title='bbox 873 1255 1005 1319; x_wconf 77' lang='lat' dir='ltr'><strong>arbitrii.</strong></span> <span class='ocrx_word' id='word_1_87' title='bbox 1023 1257 1066 1336; x_wconf 74' lang='lat'><strong>(2¹</strong></span> <span class='ocrx_word' id='word_1_88' title='bbox 1081 1256 1133 1328; x_wconf 55' lang='grc' dir='ltr'><strong>Ψ,</strong></span> <span class='ocrx_word' id='word_1_89' title='bbox 1150 1270 1184 1332; x_wconf 90' lang='lat' dir='ltr'><strong>q.</strong></span> <span class='ocrx_word' id='word_1_90' title='bbox 1200 1265 1237 1325; x_wconf 85' lang='lat' dir='ltr'><strong>x,</strong></span> 
     </span>
     <span class='ocr_line' id='line_1_12' title="bbox 221 1348 1239 1432; baseline -0.005 -20"><span class='ocrx_word' id='word_1_91' title='bbox 221 1356 281 1414; x_wconf 87' lang='lat' dir='ltr'><strong>art.</strong></span> <span class='ocrx_word' id='word_1_92' title='bbox 299 1352 371 1432; x_wconf 78' lang='lat' dir='ltr'><strong>xri.)</strong></span> <span class='ocrx_word' id='word_1_93' title='bbox 388 1353 528 1414; x_wconf 87' lang='lat' dir='ltr'><strong>Tertiam</strong></span> <span class='ocrx_word' id='word_1_94' title='bbox 543 1352 715 1432; x_wconf 81' lang='lat' dir='ltr'><strong>adjungere</strong></span> <span class='ocrx_word' id='word_1_95' title='bbox 730 1353 805 1415; x_wconf 92' lang='lat' dir='ltr'><strong>licet</strong></span> <span class='ocrx_word' id='word_1_96' title='bbox 818 1371 857 1415; x_wconf 88' lang='lat' dir='ltr'><strong>ex</strong></span> <span class='ocrx_word' id='word_1_97' title='bbox 871 1352 1081 1416; x_wconf 88' lang='lat' dir='ltr'><strong>incommodis</strong></span> <span class='ocrx_word' id='word_1_98' title='bbox 1100 1369 1170 1431; x_wconf 77' lang='lat' dir='ltr'><strong>quse</strong></span> <span class='ocrx_word' id='word_1_99' title='bbox 1185 1348 1239 1409; x_wconf 91' lang='lat' dir='ltr'><strong>in-</strong></span> 
     </span>
     <span class='ocr_line' id='line_1_13' title="bbox 221 1447 1238 1530; baseline -0.003 -21"><span class='ocrx_word' id='word_1_100' title='bbox 221 1449 351 1511; x_wconf 80' lang='lat' dir='ltr'><strong>duceret</strong></span> <span class='ocrx_word' id='word_1_101' title='bbox 364 1450 473 1530; x_wconf 85' lang='lat' dir='ltr'><strong>praxis</strong></span> <span class='ocrx_word' id='word_1_102' title='bbox 487 1451 658 1525; x_wconf 88' lang='lat' dir='ltr'><strong>contraria,</strong></span> <span class='ocrx_word' id='word_1_103' title='bbox 672 1451 795 1513; x_wconf 87' lang='lat' dir='ltr'><strong>animos</strong></span> <span class='ocrx_word' id='word_1_104' title='bbox 811 1451 988 1514; x_wconf 86' lang='lat' dir='ltr'><strong>infidelium</strong></span> <span class='ocrx_word' id='word_1_105' title='bbox 1006 1447 1238 1514; x_wconf 84' lang='lat' dir='ltr'><strong>commovendo</strong></span> 
     </span>
     <span class='ocr_line' id='line_1_14' title="bbox 95 1542 1241 1630; baseline -0.002 -23"><span class='ocrx_word' id='word_1_106' title='bbox 95 1621 98 1624; x_wconf 13' lang='lat'><strong>⁴</strong></span> <span class='ocrx_word' id='word_1_107' title='bbox 221 1551 331 1608; x_wconf 89' lang='lat' dir='ltr'><strong>contra</strong></span> <span class='ocrx_word' id='word_1_108' title='bbox 353 1547 528 1611; x_wconf 86' lang='lat' dir='ltr'><strong>Ecclesiam</strong></span> <span class='ocrx_word' id='word_1_109' title='bbox 553 1549 758 1625; x_wconf 80' lang='lat' dir='ltr'><strong>Catholicam‚</strong></span> <span class='ocrx_word' id='word_1_110' title='bbox 784 1542 920 1630; x_wconf 85' lang='lat' dir='ltr'><strong>illosque</strong></span> <span class='ocrx_word' id='word_1_111' title='bbox 950 1551 992 1612; x_wconf 85' lang='lat' dir='ltr'><strong>ab</strong></span> <span class='ocrx_word' id='word_1_112' title='bbox 1017 1545 1241 1628; x_wconf 85' lang='lat' dir='ltr'><strong>amplectendo</strong></span> 
     </span>
    </p>

    <p class='ocr_par' dir='ltr' id='par_1_4' title="bbox 151 1645 844 1730">
     <span class='ocr_line' id='line_1_15' title="bbox 151 1645 844 1730; baseline 0.012 -25"><span class='ocrx_word' id='word_1_113' title='bbox 151 1724 156 1730; x_wconf 28' lang='grc' dir='ltr'>Ι</span> <span class='ocrx_word' id='word_1_114' title='bbox 222 1645 479 1709; x_wconf 82' lang='lat' dir='ltr'><strong>fidesvertendo.</strong></span> <span class='ocrx_word' id='word_1_115' title='bbox 836 1651 844 1669; x_wconf 55' lang='lat'>⁸</span> 
     </span>
    </p>

    <p class='ocr_par' dir='ltr' id='par_1_5' title="bbox 147 1742 1315 2606">
     <span class='ocr_line' id='line_1_16' title="bbox 280 1742 1241 1827; baseline 0 -23"><span class='ocrx_word' id='word_1_116' title='bbox 280 1746 313 1804; x_wconf 75' lang='lat'><strong>4⁰</strong></span> <span class='ocrx_word' id='word_1_117' title='bbox 328 1743 437 1805; x_wconf 83' lang='lat' dir='ltr'><strong>Gravis</strong></span> <span class='ocrx_word' id='word_1_118' title='bbox 450 1745 539 1807; x_wconf 92' lang='lat' dir='ltr'><strong>eade</strong></span> <span class='ocrx_word' id='word_1_119' title='bbox 554 1764 588 1808; x_wconf 92' lang='lat' dir='ltr'><strong>re</strong></span> <span class='ocrx_word' id='word_1_120' title='bbox 602 1751 674 1807; x_wconf 86' lang='lat' dir='ltr'><strong>orta</strong></span> <span class='ocrx_word' id='word_1_121' title='bbox 687 1750 734 1807; x_wconf 89' lang='lat' dir='ltr'><strong>est</strong></span> <span class='ocrx_word' id='word_1_122' title='bbox 749 1745 882 1826; x_wconf 77' lang='lat' dir='ltr'><strong>quaestio</strong></span> <span class='ocrx_word' id='word_1_123' title='bbox 900 1765 907 1807; x_wconf 93' lang='lat'>:</span> <span class='ocrx_word' id='word_1_124' title='bbox 924 1750 971 1810; x_wconf 77' lang='lat' dir='ltr'><strong>An</strong></span> <span class='ocrx_word' id='word_1_125' title='bbox 986 1744 1112 1827; x_wconf 87' lang='lat' dir='ltr'><strong>parvuli</strong></span> <span class='ocrx_word' id='word_1_126' title='bbox 1123 1742 1241 1806; x_wconf 84' lang='lat' dir='ltr'><strong>infide--</strong></span> 
     </span>
     <span class='ocr_line' id='line_1_17' title="bbox 222 1839 1315 1923; baseline 0 -22"><span class='ocrx_word' id='word_1_127' title='bbox 222 1840 300 1901; x_wconf 90' lang='lat' dir='ltr'><strong>lium</strong></span> <span class='ocrx_word' id='word_1_128' title='bbox 316 1842 382 1921; x_wconf 90' lang='lat' dir='ltr'><strong>qui,</strong></span> <span class='ocrx_word' id='word_1_129' title='bbox 399 1841 432 1902; x_wconf 92' lang='lat' dir='ltr'><strong>in</strong></span> <span class='ocrx_word' id='word_1_130' title='bbox 447 1843 587 1922; x_wconf 89' lang='lat' dir='ltr'><strong>periculo</strong></span> <span class='ocrx_word' id='word_1_131' title='bbox 603 1842 748 1923; x_wconf 86' lang='lat' dir='ltr'><strong>proximo</strong></span> <span class='ocrx_word' id='word_1_132' title='bbox 760 1844 832 1906; x_wconf 81' lang='lat' dir='ltr'><strong>vitae</strong></span> <span class='ocrx_word' id='word_1_133' title='bbox 846 1845 1018 1919; x_wconf 86' lang='lat' dir='ltr'><strong>constituti,</strong></span> <span class='ocrx_word' id='word_1_134' title='bbox 1038 1842 1091 1904; x_wconf 85' lang='lat' dir='ltr'><strong>uel</strong></span> <span class='ocrx_word' id='word_1_135' title='bbox 1105 1839 1169 1903; x_wconf 84' lang='lat' dir='ltr'><strong>alia</strong></span> <span class='ocrx_word' id='word_1_136' title='bbox 1183 1859 1240 1902; x_wconf 92' lang='lat' dir='ltr'><strong>oc·</strong></span> <span class='ocrx_word' id='word_1_137' title='bbox 1314 1859 1315 1862; x_wconf 45' lang='lat'>¹</span> 
     </span>
     <span class='ocr_line' id='line_1_18' title="bbox 147 1933 1239 2020; baseline 0 -22"><span class='ocrx_word' id='word_1_138' title='bbox 147 1933 150 1942; x_wconf 90' lang='lat'>&#39;</span> <span class='ocrx_word' id='word_1_139' title='bbox 221 1938 360 2014; x_wconf 85' lang='lat' dir='ltr'><strong>cesione,</strong></span> <span class='ocrx_word' id='word_1_140' title='bbox 385 1939 538 2020; x_wconf 85' lang='lat' dir='ltr'><strong>baptizati</strong></span> <span class='ocrx_word' id='word_1_141' title='bbox 559 1941 676 2002; x_wconf 83' lang='lat' dir='ltr'><strong>luerint</strong></span> <span class='ocrx_word' id='word_1_142' title='bbox 703 1941 810 2004; x_wconf 87' lang='lat' dir='ltr'><strong>insciis</strong></span> <span class='ocrx_word' id='word_1_143' title='bbox 836 1960 891 2004; x_wconf 89' lang='lat' dir='ltr'><strong>seu</strong></span> <span class='ocrx_word' id='word_1_144' title='bbox 914 1941 1020 2003; x_wconf 85' lang='lat' dir='ltr'><strong>invitis</strong></span> <span class='ocrx_word' id='word_1_145' title='bbox 1041 1938 1239 2019; x_wconf 87' lang='lat' dir='ltr'><strong>parentibus,</strong></span> 
     </span>
     <span class='ocr_line' id='line_1_19' title="bbox 222 2037 1242 2122; baseline -0.001 -25"><span class='ocrx_word' id='word_1_146' title='bbox 222 2037 345 2116; x_wconf 85' lang='lat' dir='ltr'><strong>possint</strong></span> <span class='ocrx_word' id='word_1_147' title='bbox 365 2037 499 2100; x_wconf 88' lang='lat' dir='ltr'><strong>subduci</strong></span> <span class='ocrx_word' id='word_1_148' title='bbox 521 2039 706 2118; x_wconf 87' lang='lat' dir='ltr'><strong>parentibus</strong></span> <span class='ocrx_word' id='word_1_149' title='bbox 724 2045 771 2116; x_wconf 87' lang='lat' dir='ltr'><strong>ut,</strong></span> <span class='ocrx_word' id='word_1_150' title='bbox 796 2039 937 2122; x_wconf 88' lang='lat' dir='ltr'><strong>periculo</strong></span> <span class='ocrx_word' id='word_1_151' title='bbox 958 2037 1170 2119; x_wconf 78' lang='lat' dir='ltr'><strong>perversioris</strong></span> <span class='ocrx_word' id='word_1_152' title='bbox 1189 2055 1242 2097; x_wconf 90' lang='lat' dir='ltr'><strong>re-</strong></span> 
     </span>
     <span class='ocr_line' id='line_1_20' title="bbox 223 2135 1241 2214; baseline 0.002 -20"><span class='ocrx_word' id='word_1_153' title='bbox 223 2139 319 2209; x_wconf 89' lang='lat' dir='ltr'><strong>moto,</strong></span> <span class='ocrx_word' id='word_1_154' title='bbox 341 2135 374 2197; x_wconf 91' lang='lat' dir='ltr'><strong>in</strong></span> <span class='ocrx_word' id='word_1_155' title='bbox 395 2135 461 2199; x_wconf 83' lang='lat' dir='ltr'><strong>vita</strong></span> <span class='ocrx_word' id='word_1_156' title='bbox 483 2136 655 2200; x_wconf 87' lang='lat' dir='ltr'><strong>christiana</strong></span> <span class='ocrx_word' id='word_1_157' title='bbox 676 2136 899 2200; x_wconf 77' lang='lat' dir='ltr'><strong>instituantur?</strong></span> <span class='ocrx_word' id='word_1_158' title='bbox 918 2137 1142 2213; x_wconf 77' lang='lat' dir='ltr'><strong>Quaestionem,</strong></span> <span class='ocrx_word' id='word_1_159' title='bbox 1165 2153 1241 2214; x_wconf 83' lang='lat' dir='ltr'><strong>quae</strong></span> 
     </span>
     <span class='ocr_line' id='line_1_21' title="bbox 221 2233 1243 2312; baseline 0.001 -20"><span class='ocrx_word' id='word_1_160' title='bbox 221 2251 322 2312; x_wconf 87' lang='lat' dir='ltr'><strong>nuper</strong></span> <span class='ocrx_word' id='word_1_161' title='bbox 335 2234 395 2296; x_wconf 87' lang='lat' dir='ltr'><strong>fuit</strong></span> <span class='ocrx_word' id='word_1_162' title='bbox 409 2235 517 2297; x_wconf 90' lang='lat' dir='ltr'><strong>multis</strong></span> <span class='ocrx_word' id='word_1_163' title='bbox 531 2235 657 2299; x_wconf 87' lang='lat' dir='ltr'><strong>occasio</strong></span> <span class='ocrx_word' id='word_1_164' title='bbox 675 2235 828 2311; x_wconf 86' lang='lat' dir='ltr'><strong>scandali,</strong></span> <span class='ocrx_word' id='word_1_165' title='bbox 845 2233 994 2297; x_wconf 86' lang='lat' dir='ltr'><strong>historice</strong></span> <span class='ocrx_word' id='word_1_166' title='bbox 1009 2234 1187 2306; x_wconf 81' lang='lat' dir='ltr'><strong>referimus,</strong></span> <span class='ocrx_word' id='word_1_167' title='bbox 1204 2239 1243 2293; x_wconf 89' lang='lat' dir='ltr'><strong>ut</strong></span> 
     </span>
     <span class='ocr_line' id='line_1_22' title="bbox 165 2330 1242 2417; baseline 0 -26"><span class='ocrx_word' id='word_1_168' title='bbox 165 2411 173 2417; x_wconf 35' lang='lat'><strong>·</strong></span> <span class='ocrx_word' id='word_1_169' title='bbox 221 2330 333 2394; x_wconf 88' lang='lat' dir='ltr'><strong>melius</strong></span> <span class='ocrx_word' id='word_1_170' title='bbox 348 2339 556 2413; x_wconf 82' lang='lat' dir='ltr'><strong>cognoscatur</strong></span> <span class='ocrx_word' id='word_1_171' title='bbox 571 2334 686 2414; x_wconf 92' lang='lat' dir='ltr'><strong>quihus</strong></span> <span class='ocrx_word' id='word_1_172' title='bbox 702 2333 919 2396; x_wconf 75' lang='lat' dir='ltr'><strong>fundamentis</strong></span> <span class='ocrx_word' id='word_1_173' title='bbox 932 2333 1122 2395; x_wconf 74' lang='lat' dir='ltr'><strong>inniteretur</strong></span> <span class='ocrx_word' id='word_1_174' title='bbox 1143 2331 1242 2392; x_wconf 88' lang='lat' dir='ltr'><strong>disci·</strong></span> 
     </span>
     <span class='ocr_line' id='line_1_23' title="bbox 221 2429 1241 2511; baseline 0 -22"><span class='ocrx_word' id='word_1_175' title='bbox 221 2429 310 2508; x_wconf 89' lang='lat' dir='ltr'><strong>plina</strong></span> <span class='ocrx_word' id='word_1_176' title='bbox 319 2432 466 2494; x_wconf 76' lang='lat' dir='ltr'><strong>Ecclesiae</strong></span> <span class='ocrx_word' id='word_1_177' title='bbox 479 2432 512 2492; x_wconf 92' lang='lat' dir='ltr'><strong>in</strong></span> <span class='ocrx_word' id='word_1_178' title='bbox 523 2430 725 2494; x_wconf 86' lang='lat' dir='ltr'><strong>societatibus</strong></span> <span class='ocrx_word' id='word_1_179' title='bbox 740 2429 904 2494; x_wconf 86' lang='lat' dir='ltr'><strong>catholicis</strong></span> <span class='ocrx_word' id='word_1_180' title='bbox 914 2431 1149 2511; x_wconf 87' lang='lat' dir='ltr'><strong>praeteritorum</strong></span> <span class='ocrx_word' id='word_1_181' title='bbox 1162 2435 1241 2490; x_wconf 91' lang='lat' dir='ltr'><strong>tcm-</strong></span> 
     </span>
     <span class='ocr_line' id='line_1_24' title="bbox 222 2537 945 2606; baseline 0.001 -18"><span class='ocrx_word' id='word_1_182' title='bbox 222 2546 346 2606; x_wconf 88' lang='lat' dir='ltr'><strong>porum.</strong></span> <span class='ocrx_word' id='word_1_183' title='bbox 782 2550 785 2555; x_wconf 93' lang='lat'>·</span> <span class='ocrx_word' id='word_1_184' title='bbox 941 2537 945 2552; x_wconf 81' lang='grc'><strong>“</strong></span> 
     </span>
    </p>

    <p class='ocr_par' dir='ltr' id='par_1_6' title="bbox 197 2625 1244 3788">
     <span class='ocr_line' id='line_1_25' title="bbox 283 2625 1240 2710; baseline 0.001 -22"><span class='ocrx_word' id='word_1_185' title='bbox 283 2627 374 2688; x_wconf 86' lang='lat' dir='ltr'><strong>Ratio</strong></span> <span class='ocrx_word' id='word_1_186' title='bbox 384 2627 482 2706; x_wconf 80' lang='lat' dir='ltr'><strong>igitur</strong></span> <span class='ocrx_word' id='word_1_187' title='bbox 492 2628 580 2689; x_wconf 90' lang='lat' dir='ltr'><strong>dubii</strong></span> <span class='ocrx_word' id='word_1_188' title='bbox 592 2635 660 2691; x_wconf 87' lang='lat' dir='ltr'><strong>erat</strong></span> <span class='ocrx_word' id='word_1_189' title='bbox 670 2629 756 2709; x_wconf 91' lang='lat' dir='ltr'><strong>quod</strong></span> <span class='ocrx_word' id='word_1_190' title='bbox 764 2629 899 2709; x_wconf 89' lang='lat' dir='ltr'><strong>parvuli,</strong></span> <span class='ocrx_word' id='word_1_191' title='bbox 919 2649 933 2690; x_wconf 86' lang='lat' dir='ltr'><strong>u</strong></span> <span class='ocrx_word' id='word_1_192' title='bbox 944 2628 1096 2710; x_wconf 89' lang='lat' dir='ltr'><strong>quamdiu</strong></span> <span class='ocrx_word' id='word_1_193' title='bbox 1105 2627 1167 2707; x_wconf 94' lang='lat' dir='ltr'><strong>ipsi</strong></span> <span class='ocrx_word' id='word_1_194' title='bbox 1179 2625 1240 2689; x_wconf 65' lang='lat' dir='ltr'><strong>sitf</strong></span> 
     </span>
     <span class='ocr_line' id='line_1_26' title="bbox 224 2723 1235 2808; baseline 0.003 -29"><span class='ocrx_word' id='word_1_195' title='bbox 224 2749 239 2780; x_wconf 70' lang='lat' dir='ltr'><em>a</em></span> <span class='ocrx_word' id='word_1_196' title='bbox 252 2723 418 2802; x_wconf 88' lang='lat' dir='ltr'><strong>providere</strong></span> <span class='ocrx_word' id='word_1_197' title='bbox 433 2744 497 2788; x_wconf 93' lang='lat' dir='ltr'><strong>non</strong></span> <span class='ocrx_word' id='word_1_198' title='bbox 512 2732 655 2807; x_wconf 88' lang='lat' dir='ltr'><strong>possunt,</strong></span> <span class='ocrx_word' id='word_1_199' title='bbox 675 2726 848 2790; x_wconf 89' lang='lat' dir='ltr'><strong>secundum</strong></span> <span class='ocrx_word' id='word_1_200' title='bbox 860 2726 912 2808; x_wconf 86' lang='lat' dir='ltr'><strong>jus</strong></span> <span class='ocrx_word' id='word_1_201' title='bbox 928 2726 1075 2789; x_wconf 89' lang='lat' dir='ltr'><strong>naturale</strong></span> <span class='ocrx_word' id='word_1_202' title='bbox 1092 2731 1167 2787; x_wconf 88' lang='lat' dir='ltr'><strong>suut</strong></span> <span class='ocrx_word' id='word_1_203' title='bbox 1182 2725 1235 2786; x_wconf 86' lang='lat' dir='ltr'><strong>sul.¹</strong></span> 
     </span>
     <span class='ocr_line' id='line_1_27' title="bbox 225 2823 1237 2906; baseline 0.004 -24"><span class='ocrx_word' id='word_1_204' title='bbox 225 2847 240 2876; x_wconf 89' lang='lat'>«</span> <span class='ocrx_word' id='word_1_205' title='bbox 254 2840 330 2884; x_wconf 89' lang='lat' dir='ltr'><strong>cura</strong></span> <span class='ocrx_word' id='word_1_206' title='bbox 339 2830 547 2902; x_wconf 87' lang='lat' dir='ltr'><strong>parentum»,</strong></span> <span class='ocrx_word' id='word_1_207' title='bbox 560 2826 606 2887; x_wconf 89' lang='lat' dir='ltr'><strong>uti</strong></span> <span class='ocrx_word' id='word_1_208' title='bbox 619 2825 788 2888; x_wconf 88' lang='lat' dir='ltr'><strong>assentitur</strong></span> <span class='ocrx_word' id='word_1_209' title='bbox 799 2826 867 2906; x_wconf 90' lang='lat' dir='ltr'><strong>ipse</strong></span> <span class='ocrx_word' id='word_1_210' title='bbox 876 2825 1066 2888; x_wconf 89' lang='lat' dir='ltr'><strong>Benedictus</strong></span> <span class='ocrx_word' id='word_1_211' title='bbox 1074 2825 1141 2887; x_wconf 86' lang='lat' dir='ltr'><strong>XIV</strong></span> <span class='ocrx_word' id='word_1_212' title='bbox 1149 2823 1237 2901; x_wconf 69' lang='lat' dir='ltr'><strong>cujus</strong></span> 
     </span>
     <span class='ocr_line' id='line_1_28' title="bbox 222 2921 1244 2988; baseline 0.004 -9"><span class='ocrx_word' id='word_1_213' title='bbox 222 2924 296 2981; x_wconf 89' lang='lat' dir='ltr'><strong>sunt</strong></span> <span class='ocrx_word' id='word_1_214' title='bbox 309 2921 407 2985; x_wconf 84' lang='lat' dir='ltr'><strong>verba</strong></span> <span class='ocrx_word' id='word_1_215' title='bbox 422 2923 455 2985; x_wconf 94' lang='lat' dir='ltr'><strong>in</strong></span> <span class='ocrx_word' id='word_1_216' title='bbox 469 2923 561 2986; x_wconf 85' lang='lat' dir='ltr'><strong>Brevi</strong></span> <span class='ocrx_word' id='word_1_217' title='bbox 576 2924 682 2986; x_wconf 88' lang='lat' dir='ltr'><strong>citato.</strong></span> <span class='ocrx_word' id='word_1_218' title='bbox 699 2924 821 2986; x_wconf 88' lang='lat' dir='ltr'><strong>Exinde</strong></span> <span class='ocrx_word' id='word_1_219' title='bbox 837 2925 1091 2988; x_wconf 89' lang='lat' dir='ltr'><strong>concludendum</strong></span> <span class='ocrx_word' id='word_1_220' title='bbox 1111 2921 1244 2984; x_wconf 88' lang='lat' dir='ltr'><strong>videba-</strong></span> 
     </span>
     <span class='ocr_line' id='line_1_29' title="bbox 221 3020 1241 3102; baseline 0 -23"><span class='ocrx_word' id='word_1_221' title='bbox 221 3023 275 3079; x_wconf 86' lang='lat' dir='ltr'><strong>tur</strong></span> <span class='ocrx_word' id='word_1_222' title='bbox 287 3025 435 3099; x_wconf 88' lang='lat' dir='ltr'><strong>parcntes</strong></span> <span class='ocrx_word' id='word_1_223' title='bbox 453 3039 616 3100; x_wconf 89' lang='lat' dir='ltr'><strong>nunquam</strong></span> <span class='ocrx_word' id='word_1_224' title='bbox 630 3021 780 3102; x_wconf 91' lang='lat' dir='ltr'><strong>potuisse,</strong></span> <span class='ocrx_word' id='word_1_225' title='bbox 797 3021 897 3085; x_wconf 85' lang='lat' dir='ltr'><strong>illaeso</strong></span> <span class='ocrx_word' id='word_1_226' title='bbox 909 3022 982 3102; x_wconf 87' lang='lat' dir='ltr'><strong>jure</strong></span> <span class='ocrx_word' id='word_1_227' title='bbox 1003 3020 1155 3093; x_wconf 86' lang='lat' dir='ltr'><strong>naturali,</strong></span> <span class='ocrx_word' id='word_1_228' title='bbox 1171 3020 1241 3099; x_wconf 90' lang='lat' dir='ltr'><strong>pri·</strong></span> 
     </span>
     <span class='ocr_line' id='line_1_30' title="bbox 220 3117 1239 3202; baseline 0 -24"><span class='ocrx_word' id='word_1_229' title='bbox 220 3117 292 3180; x_wconf 88' lang='lat' dir='ltr'><strong>vari</strong></span> <span class='ocrx_word' id='word_1_230' title='bbox 306 3118 369 3179; x_wconf 91' lang='lat' dir='ltr'><strong>suis</strong></span> <span class='ocrx_word' id='word_1_231' title='bbox 383 3119 522 3198; x_wconf 87' lang='lat' dir='ltr'><strong>parvulis</strong></span> <span class='ocrx_word' id='word_1_232' title='bbox 536 3119 595 3179; x_wconf 89' lang='lat' dir='ltr'><strong>sub</strong></span> <span class='ocrx_word' id='word_1_233' title='bbox 608 3126 765 3200; x_wconf 72' lang='lat' dir='ltr'><strong>pretextu</strong></span> <span class='ocrx_word' id='word_1_234' title='bbox 780 3122 935 3201; x_wconf 87' lang='lat' dir='ltr'><strong>Baptismi</strong></span> <span class='ocrx_word' id='word_1_235' title='bbox 949 3139 1079 3202; x_wconf 83' lang='lat' dir='ltr'><strong>spuero</strong></span> <span class='ocrx_word' id='word_1_236' title='bbox 1086 3118 1239 3196; x_wconf 85' lang='lat' dir='ltr'><strong>suscepti.</strong></span> 
     </span>
     <span class='ocr_line' id='line_1_31' title="bbox 221 3215 1242 3303; baseline 0 -27"><span class='ocrx_word' id='word_1_237' title='bbox 221 3215 373 3277; x_wconf 91' lang='lat' dir='ltr'><strong>Parentes</strong></span> <span class='ocrx_word' id='word_1_238' title='bbox 389 3216 473 3278; x_wconf 89' lang='lat' dir='ltr'><strong>enim</strong></span> <span class='ocrx_word' id='word_1_239' title='bbox 493 3216 613 3282; x_wconf 85' lang='lat' dir='ltr'><strong>habent</strong></span> <span class='ocrx_word' id='word_1_240' title='bbox 630 3219 664 3281; x_wconf 92' lang='lat' dir='ltr'><strong>in</strong></span> <span class='ocrx_word' id='word_1_241' title='bbox 683 3239 756 3282; x_wconf 89' lang='lat' dir='ltr'><strong>suos</strong></span> <span class='ocrx_word' id='word_1_242' title='bbox 776 3221 857 3283; x_wconf 88' lang='lat' dir='ltr'><strong>filios</strong></span> <span class='ocrx_word' id='word_1_243' title='bbox 875 3222 941 3303; x_wconf 87' lang='lat' dir='ltr'><strong>jus,</strong></span> <span class='ocrx_word' id='word_1_244' title='bbox 960 3239 1024 3282; x_wconf 89' lang='lat' dir='ltr'><strong>non</strong></span> <span class='ocrx_word' id='word_1_245' title='bbox 1045 3218 1149 3281; x_wconf 89' lang='lat' dir='ltr'><strong>solum</strong></span> <span class='ocrx_word' id='word_1_246' title='bbox 1162 3229 1242 3296; x_wconf 86' lang='lat' dir='ltr'><strong>¹pro-</strong></span> 
     </span>
     <span class='ocr_line' id='line_1_32' title="bbox 223 3314 1240 3399; baseline 0 -26"><span class='ocrx_word' id='word_1_247' title='bbox 223 3314 364 3391; x_wconf 87' lang='lat' dir='ltr'><strong>prietatis</strong></span> <span class='ocrx_word' id='word_1_248' title='bbox 379 3315 433 3378; x_wconf 89' lang='lat' dir='ltr'><strong>sed</strong></span> <span class='ocrx_word' id='word_1_249' title='bbox 452 3317 548 3380; x_wconf 87' lang='lat' dir='ltr'><strong>etiam</strong></span> <span class='ocrx_word' id='word_1_250' title='bbox 563 3319 743 3399; x_wconf 81' lang='lat' dir='ltr'><strong>regiminis3</strong></span> <span class='ocrx_word' id='word_1_251' title='bbox 765 3337 805 3380; x_wconf 83' lang='lat' dir='ltr'><strong>ex</strong></span> <span class='ocrx_word' id='word_1_252' title='bbox 820 3325 934 3381; x_wconf 88' lang='lat' dir='ltr'><strong>natura</strong></span> <span class='ocrx_word' id='word_1_253' title='bbox 946 3318 1043 3392; x_wconf 89' lang='lat' dir='ltr'><strong>enim,</strong></span> <span class='ocrx_word' id='word_1_254' title='bbox 1065 3331 1240 3396; x_wconf 89' lang='lat' dir='ltr'><strong>puerorum</strong></span> 
     </span>
     <span class='ocr_line' id='line_1_33' title="bbox 222 3411 1242 3496; baseline 0 -25"><span class='ocrx_word' id='word_1_255' title='bbox 222 3413 419 3476; x_wconf 85' lang='lat' dir='ltr'><strong>conservatio</strong></span> <span class='ocrx_word' id='word_1_256' title='bbox 439 3421 470 3478; x_wconf 93' lang='lat' dir='ltr'><strong>et</strong></span> <span class='ocrx_word' id='word_1_257' title='bbox 491 3417 633 3478; x_wconf 72' lang='lat' dir='ltr'><strong>infantia</strong></span> <span class='ocrx_word' id='word_1_258' title='bbox 657 3434 732 3478; x_wconf 88' lang='lat' dir='ltr'><strong>cure</strong></span> <span class='ocrx_word' id='word_1_259' title='bbox 751 3416 887 3496; x_wconf 89' lang='lat' dir='ltr'><strong>propriis</strong></span> <span class='ocrx_word' id='word_1_260' title='bbox 904 3415 1034 3476; x_wconf 89' lang='lat' dir='ltr'><strong>illorum</strong></span> <span class='ocrx_word' id='word_1_261' title='bbox 1052 3411 1242 3494; x_wconf 84' lang='lat' dir='ltr'><strong>parentibus</strong></span> 
     </span>
     <span class='ocr_line' id='line_1_34' title="bbox 223 3509 1238 3593; baseline 0.001 -25"><span class='ocrx_word' id='word_1_262' title='bbox 223 3509 473 3588; x_wconf 88' lang='lat' dir='ltr'><strong>committuntur,</strong></span> <span class='ocrx_word' id='word_1_263' title='bbox 495 3514 653 3593; x_wconf 88' lang='lat' dir='ltr'><strong>aquibus</strong></span> <span class='ocrx_word' id='word_1_264' title='bbox 677 3510 798 3573; x_wconf 88' lang='lat' dir='ltr'><strong>scilicet</strong></span> <span class='ocrx_word' id='word_1_265' title='bbox 816 3511 849 3572; x_wconf 92' lang='lat' dir='ltr'><strong>in</strong></span> <span class='ocrx_word' id='word_1_266' title='bbox 868 3513 974 3574; x_wconf 86' lang='lat' dir='ltr'><strong>lucem</strong></span> <span class='ocrx_word' id='word_1_267' title='bbox 998 3511 1076 3574; x_wconf 89' lang='lat' dir='ltr'><strong>editi</strong></span> <span class='ocrx_word' id='word_1_268' title='bbox 1098 3511 1238 3580; x_wconf 85' lang='lat' dir='ltr'><strong>fuerunt,</strong></span> 
     </span>
     <span class='ocr_line' id='line_1_35' title="bbox 223 3605 1238 3692; baseline -0.001 -27"><span class='ocrx_word' id='word_1_269' title='bbox 223 3605 325 3668; x_wconf 88' lang='lat' dir='ltr'><strong>donec</strong></span> <span class='ocrx_word' id='word_1_270' title='bbox 334 3609 464 3687; x_wconf 88' lang='lat' dir='ltr'><strong>propria</strong></span> <span class='ocrx_word' id='word_1_271' title='bbox 475 3608 640 3672; x_wconf 88' lang='lat' dir='ltr'><strong>voluntate</strong></span> <span class='ocrx_word' id='word_1_272' title='bbox 653 3609 722 3690; x_wconf 75' lang='lat' dir='ltr'><strong>regi</strong></span> <span class='ocrx_word' id='word_1_273' title='bbox 734 3610 876 3690; x_wconf 89' lang='lat' dir='ltr'><strong>possint:</strong></span> <span class='ocrx_word' id='word_1_274' title='bbox 891 3629 999 3692; x_wconf 89' lang='lat' dir='ltr'><strong>porro,</strong></span> <span class='ocrx_word' id='word_1_275' title='bbox 1012 3606 1137 3671; x_wconf 90' lang='lat' dir='ltr'><strong>etiamsi</strong></span> <span class='ocrx_word' id='word_1_276' title='bbox 1146 3605 1238 3686; x_wconf 89' lang='lat' dir='ltr'><strong>pueri</strong></span> 
     </span>
     <span class='ocr_line' id='line_1_36' title="bbox 197 3703 1235 3788; baseline 0 -24"><span class='ocrx_word' id='word_1_277' title='bbox 197 3743 200 3750; x_wconf 78' lang='lat'><em>,</em></span> <span class='ocrx_word' id='word_1_278' title='bbox 223 3705 332 3784; x_wconf 89' lang='lat' dir='ltr'><strong>adepti</strong></span> <span class='ocrx_word' id='word_1_279' title='bbox 353 3705 470 3767; x_wconf 83' lang='lat' dir='ltr'><strong>fuerint</strong></span> <span class='ocrx_word' id='word_1_280' title='bbox 490 3709 656 3788; x_wconf 89' lang='lat' dir='ltr'><strong>septennio</strong></span> <span class='ocrx_word' id='word_1_281' title='bbox 670 3728 761 3771; x_wconf 90' lang='lat' dir='ltr'><strong>usum</strong></span> <span class='ocrx_word' id='word_1_282' title='bbox 777 3710 912 3774; x_wconf 89' lang='lat' dir='ltr'><strong>rationis</strong></span> <span class='ocrx_word' id='word_1_283' title='bbox 935 3716 967 3773; x_wconf 89' lang='lat' dir='ltr'><strong>et</strong></span> <span class='ocrx_word' id='word_1_284' title='bbox 988 3707 1079 3769; x_wconf 88' lang='lat' dir='ltr'><strong>liberi</strong></span> <span class='ocrx_word' id='word_1_285' title='bbox 1098 3703 1235 3777; x_wconf 86' lang='lat' dir='ltr'><strong>arbitrii,</strong></span> 
     </span>
    </p>
   </div>
   <div class='ocr_carea' id='block_1_4' title="bbox 0 0 1323 4260">
    <p class='ocr_par' dir='ltr' id='par_1_7' title="bbox 0 0 1323 4260">
     <span class='ocr_line' id='line_1_37' title="bbox 0 0 1323 4260; baseline 0 0"><span class='ocrx_word' id='word_1_286' title='bbox 0 0 1323 4260; x_wconf 95' lang='lat' dir='ltr'><strong> </strong></span> 
     </span>
    </p>
   </div>
  </div>
 </body>
</html>
