2582 4278
265 263 334 312 lor.
355 263 395 312 lv.
415 264 594 314 Pulvltuolc
613 263 813 314 ctunlconuu.
1011 261 1046 316 85

66 381 149 444 meriti
158 385 256 454 erant;
270 380 316 442 ita
326 381 464 457 voluere,
479 381 721 456 assentientibus
731 382 868 462 populis,
879 383 911 442 in
922 383 1047 463 signum

66 479 129 558 grati
147 478 245 551 animi,
270 484 301 540 et
324 480 364 540 ob
383 473 537 558 majorem
556 479 765 542 reverentiam
787 480 891 541 ordini
911 482 1049 544 clericali

64 576 255 656 exhihendam,
279 576 363 638 viros
383 577 594 640 ecclesiastico
620 577 794 640 ministerio
815 578 956 640 addictos
975 581 1049 660 plu-

63 675 130 734 ribus
142 674 308 753 privilegiis
323 675 533 737 cohonestari.

108 773 157 834 lum
163 772 320 851 Principes
329 773 823 853 saecularesnequeuntderogare
832 775 961 854 proprio
970 780 1049 836 nutu
1062 832 1064 839 ,

62 869 287 930 immunitatibus
306 871 432 950 quasin
453 872 717 944 favoremstatus
738 872 891 932 clericalis
913 872 1052 934 Ecclesia

63 967 149 1026 statuit
161 967 242 1028 intra
257 967 372 1028 limites
388 969 436 1030 sui
443 968 543 1048 juris;
559 988 617 1030 nec
631 969 669 1030 iis
681 968 777 1030 etiam
793 968 965 1048 privilegiis
980 989 1050 1049 quae

62 1063 108 1141 ipsi
124 1064 153 1124 in
171 1071 358 1145 perpetuum
379 1072 600 1129 concesserunt
624 1066 727 1128 ordini
751 1066 898 1142 clericali,
914 1069 1050 1146 quando

62 1160 117 1239 jura
132 1161 312 1242 hujusmodi
329 1171 440 1226 mutuo
460 1183 613 1227 consensu
631 1165 794 1244 utriusque
812 1165 976 1243 potestatis
995 1183 1053 1244 per

63 1247 243 1336 Concordem,
261 1261 377 1323 aliosve
389 1269 477 1325 aetus
491 1262 618 1336 similes,
631 1262 752 1324 sancita
765 1267 848 1322 sunt.

105 1357 134 1416 ln
151 1358 254 1436 primo
274 1378 349 1421 casu
367 1361 413 1421 vis
432 1359 551 1440 injusta
566 1360 735 1422 inferretur
752 1359 785 1420 in
799 1359 1052 1439 jurisdictionem

64 1453 298 1532 ecclesiasticam
317 1459 350 1518 in
370 1459 469 1520 altero
488 1460 593 1520 autem
608 1457 780 1519 violaretur
794 1459 847 1538 jus
862 1457 1006 1518 naturale
1023 1465 1054 1519 et

64 1553 178 1628 gentium
194 1574 260 1634 quo
276 1541 430 1634 reguntur
446 1557 609 1635 pactiones
623 1575 778 1618 consensu
793 1556 932 1634 partium
947 1555 1051 1628 initae;

65 1669 91 1710 ea
104 1659 143 1713 est
155 1654 240 1714 enim
255 1655 393 1716 conditio
411 1660 577 1734 pactorum
592 1654 674 1715 inter
690 1652 768 1714 duas
784 1653 948 1714 societates
963 1639 1055 1714 sicuti

64 1757 84 1812 ct
98 1757 309 1814 contractuum
328 1753 411 1813 inter
428 1753 579 1832 privatos,
600 1756 635 1813 ut
653 1751 815 1812 immutari
834 1768 898 1811 non
918 1751 1055 1811 debeant
1142 1789 1143 1793 =

64 1849 110 1910 sine
118 1855 223 1912 mutuo
238 1850 493 1912 contrahentium
507 1869 645 1910 assensu.
658 1849 822 1910 Neminem
835 1849 964 1928 quidem
976 1847 1054 1910 latet

63 1947 183 2009 advenire
204 1948 398 2028 quandoque
421 1949 517 2009 talem
536 1947 788 2008 immutationem
807 1947 839 2008 in
861 1945 1001 2006 moribus
1023 1951 1056 2008 et

63 2045 187 2122 regimine
207 2047 381 2120 societatis,
401 2051 436 2106 ut
452 2046 664 2108 necessarium
679 2045 720 2105 sit
733 2044 892 2106 veteribus
904 2035 1056 2104 institutis

62 2163 124 2206 nova
135 2146 312 2225 subrogari,
327 2164 424 2207 novas
435 2145 567 2224 proinde
579 2143 802 2208 conventiones
812 2141 885 2203 iniri
895 2162 902 2217 ;
914 2141 1057 2204 Ecclesia

62 2241 152 2304 harum
166 2245 393 2307 necessitatum
405 2244 560 2314 rationem
574 2242 683 2316 habet,
700 2239 847 2319 ultroque
863 2259 894 2299 se
909 2244 1055 2318 paratam

60 2357 160 2420 semper
180 2342 329 2404 exhibuit
350 2343 391 2404 ad
410 2342 583 2402 ineundam
606 2340 690 2402 viam
712 2356 776 2418 qua
800 2343 913 2398 cuncta
932 2335 1055 2396 meliori

61 2439 134 2500 nodo
145 2440 356 2502 concilientur
366 2440 399 2500 in
412 2441 531 2500 bonum
546 2455 729 2511 commune;
746 2441 778 2496 at
790 2434 902 2494 merito
916 2451 1056 2512 conque-

59 2535 120 2596 ritur
129 2539 165 2599 de
173 2537 419 2617 violatojure,si
427 2537 663 2616 quid,‘ipsanon
674 2533 780 2595 audita
789 2550 846 2594 nec
855 2530 1055 2606 assentiente,

60 2631 226 2704 inmutetur
237 2634 319 2696 iniis
332 2653 402 2715 quae
416 2634 612 2696 Concordata
621 2631 827 2693 definierunt.

103 2733 185 2794 ldem
205 2733 377 2796 dicendum
398 2733 590 2794 arbitramur
604 2730 643 2791 de
660 2728 833 2810 privilegiis
854 2727 973 2806 absque
991 2725 1057 2786 ulla

60 2831 237 2893 restrictione
257 2832 447 2892 infuturum
467 2829 622 2891 concessis
642 2847 661 2888 a
677 2826 823 2905 Principe
843 2824 947 2886 ordini
966 2822 1058 2884 cleri·
1131 2865 1134 2871 -

59 2927 114 3002 cali,
131 2937 161 2990 et
180 2931 224 2991 ab
239 2929 380 2990 Ecclesia
397 2928 587 3007 acceptatis;
610 2944 673 2988 non
691 2929 794 3004 potest
810 2923 867 2982 illa
882 2921 1057 2996 retrahere,
1145 2914 1147 2918 ’

59 3023 104 3084 nisi
118 3027 198 3088 forte
222 3027 294 3088 talis
311 3026 445 3088 mutatio
462 3026 496 3086 in
517 3025 611 3086 rebus
627 3021 763 3103 publicis
782 3019 1004 3092 intercesserit,
1025 3023 1060 3078 ut

59 3120 111 3183 hec
130 3125 302 3205 privilegia
327 3125 439 3186 nociva
461 3124 565 3185 forent
586 3121 689 3183 ordini
709 3119 876 3180 societatis.
899 3116 990 3178 Ratio
1014 3119 1061 3174 est

60 3223 127 3298 quod
146 3205 310 3284 concessio
327 3224 423 3296 facta,
444 3240 508 3283 non
527 3219 666 3301 gratuito
691 3223 722 3278 et
738 3219 779 3278 ad
797 3220 932 3296 tempus,
959 3211 1061 3272 sedin

59 3321 262 3383 testimonium
278 3321 491 3402 gratitudinis,
507 3326 537 3381 et
552 3319 585 3379 in
599 3315 888 3380 remunerationem
902 3330 960 3392 pro
976 3329 1059 3390 prae-

60 3416 124 3478 stitis
139 3419 256 3482 ciliciis
273 3425 305 3480 et
324 3421 356 3480 in
376 3424 575 3501 perpetuum,
596 3416 697 3478 eidem
714 3412 857 3476 societati
876 3410 996 3471 confert
1008 3406 1062 3487 jus
1095 3403 1100 3410 '

61 3515 97 3574 eui
110 3518 265 3598 derogare
279 3536 337 3598 pro
352 3536 439 3580 mero
455 3516 587 3580 arbitrio
603 3515 691 3576 nefas
706 3517 753 3573 est
766 3511 788 3574 ¹.

96 3657 116 3703 l.
130 3655 240 3718 Suarez,
256 3656 301 3707 lib.
315 3656 357 3718 IV,
371 3669 419 3719 cap
429 3669 489 3716 xxx,
504 3655 540 3703 nis
565 3653 628 3705 all.
647 3679 676 3689 -
691 3650 782 3711 Salon,
801 3647 946 3699 detortitic
961 3649 986 3696 et
997 3647 1063 3696 ture

64 3735 141 3788 uuest.
157 3746 239 3794 nuru,
252 3737 300 3784 art.
310 3747 327 3794 1,
339 3732 475 3784 conclusio
490 3740 528 3784 vr.
