2632 4260
293 273 414 332 statua,
436 273 662 336 alttatttottsS,
681 274 760 324 titus
782 274 944 333 bleORUll,
1108 275 1123 322 ii

107 401 168 471 tar,
190 398 222 454 et
243 389 454 471 recuperandi
476 396 594 454 terram
616 398 759 453 sanctam
780 392 820 453 ab
842 391 956 454 iisdem
977 394 1124 472 gentibus

105 491 222 572 injuste
241 495 464 570 usurpatam...
482 489 652 568 Legislatio
675 491 714 552 dc
731 478 845 569 judaeis
859 496 968 571 partes
983 490 1124 556 diversas

104 589 327 670 complectitur
341 607 350 651 ε
363 593 439 651 sunt
459 589 588 652 decreta
609 607 681 669 qua
702 589 853 670 Princeps
872 590 1033 654 secularis
1052 593 1125 655 tulit

104 690 146 752 ad
165 687 379 754 ordinandum
398 687 626 764 conditionem,
647 705 702 748 seu
726 693 844 750 statum
862 687 986 750 civilem
1003 689 1125 771 judeo-

104 805 177 850 rum
193 787 248 868 qui
267 786 325 848 sub
340 805 398 849 sua
418 785 536 848 ditione
551 786 776 862 morabantur3
797 792 870 848 sunt
887 787 1018 869 insuper
1031 808 1124 852 cano-

104 904 161 948 nes
179 885 220 947 ab
240 883 431 946 auctoritate
452 883 666 946 ecclesiastica
687 884 817 965 prolati,
840 884 957 965 quibus
976 885 1126 948 christili-

104 981 193 1044 dclcs
213 987 363 1044 vetantur
376 981 559 1062 judaerum
579 981 740 1043 consortio
758 981 815 1052 uti,
840 981 884 1042 eis
903 983 1123 1062 magistratum

104 1081 138 1142 in
153 1081 306 1148 societate
324 1079 528 1155 demandare,
550 1080 683 1142 ancillas
702 1099 741 1141 ex
759 1080 816 1142 illa
835 1086 928 1159 gente
950 1101 1121 1157 assumere,

105 1184 137 1242 et
150 1178 215 1241 alia
232 1179 265 1240 id
282 1197 382 1259 genus
400 1196 472 1259 quae
493 1181 641 1242 Pastores
660 1178 839 1258 periculosa
861 1179 1123 1244 Christifidelibus

100 1276 339 1355 judicaverunt.
349 1279 492 1341 (lenones
502 1278 557 1358 qui
565 1277 843 1358 videnturjudaeos
852 1277 971 1342 directe
982 1279 1121 1356 allicere,

102 1376 154 1438 rel
168 1377 267 1438 etiam
283 1376 386 1457 poeuis
403 1395 558 1462 coercere,
577 1376 717 1440 Ecclesia
731 1377 804 1439 tulit
821 1383 858 1439 ut
871 1395 903 1439 se
917 1396 1038 1458 suaque
1048 1379 1123 1458 jura

105 1479 249 1538 tueretur
263 1494 283 1536 a
296 1474 429 1555 pertidia
443 1475 655 1539 inimicorum.
668 1511 710 1522 -
723 1476 845 1538 Delicta
857 1477 1035 1539 infidelium
1054 1503 1068 1533 «
1083 1479 1122 1539 de

104 1597 119 1630 u
132 1573 207 1653 jure
222 1572 385 1636 communi
393 1574 531 1637 coerceri
541 1574 671 1650 debent,
685 1575 731 1636 ait
744 1575 1040 1654 schmalzgrucber,
1057 1595 1121 1637 non

106 1697 120 1727 α
140 1672 183 1734 ab
207 1671 359 1746 Ecclesia,
386 1672 504 1752 quippe
526 1673 617 1751 cujus
639 1672 855 1752 jurisdictioni
878 1674 1035 1754 spirituali
1057 1693 1122 1737 non

104 1795 119 1826 «
136 1769 359 1851 subjiciuntur,
379 1770 434 1834 sed
448 1789 468 1831 a
481 1771 679 1852 Principibus
694 1776 725 1834 et
737 1773 975 1852 magistratibus
990 1773 1023 1835 in
1039 1793 1120 1855 quur

102 1891 117 1923 a
132 1887 205 1933 rum
220 1868 380 1932 territorio
396 1869 516 1948 degunt
530 1894 559 1932 a.
580 1869 627 1950 (ln
642 1870 691 1932 tit.
704 1887 743 1932 nu
755 1871 880 1946 luams,
897 1878 932 1932 n⁰
947 1873 987 1934 36
999 1871 1037 1954 ¹.)

160 1968 338 2029 soe-11.
356 1965 568 2030 Cateedameai
582 1967 615 2050 (a
625 1986 702 2030 voce
716 1969 824 2033 Graeca
838 1967 977 2051 κατψχέιν,
994 1969 1120 2054 docere)

99 2065 252 2128 dicuutur
264 2065 318 2146 qui
331 2066 372 2128 ad
386 2066 580 2146 baptismum
588 2067 802 2146 ¹disponuntur
811 2069 968 2150 proxime,
984 2088 1022 2131 ac
1036 2089 1119 2150 prae-

99 2169 256 2242 parantur
268 2183 327 2244 per
343 2165 461 2244 gradus
475 2165 615 2228 tirocinii
629 2164 805 2229 christiani.
823 2167 972 2240 Quamvis
985 2187 1048 2230 non
1062 2171 1121 2232 ad·

99 2261 162 2324 bue
178 2269 407 2326 accenseantur
421 2263 572 2327 membris
587 2263 750 2340 Ecclesiae,
767 2283 825 2327 uec
840 2265 1017 2328 subdantur
1035 2267 1120 2329 illius

99 2361 250 2439 potestati
275 2362 473 2441 legislativse,
496 2363 757 2443 quandoquidem
782 2381 848 2424 non
875 2363 980 2426 adhuc
1003 2364 1120 2428 initiati

99 2463 173 2520 suut
182 2465 384 2525 sacramento
392 2460 479 2537 fidei,
491 2462 631 2542 quadarn
644 2461 769 2524 ratione
780 2463 984 2524 continentur
994 2463 1118 2543 legibus

98 2556 271 2633 canonicis,
287 2558 386 2620 velati
401 2558 564 2622 candidati
577 2559 736 2634 Ecclesiae,
754 2578 825 2640 quae
840 2561 999 2642 praetiuire
1014 2563 1119 2642 potuit

98 2673 241 2734 quonam
266 2656 328 2718 ritu
353 2656 596 2721 admitterentur
617 2659 651 2719 in
676 2663 793 2720 statum
823 2660 1116 2736 catechumenatus,

98 2753 214 2832 quibus
228 2755 508 2818 exercitationibus
522 2757 756 2819 instruerentur
775 2758 921 2820 doctrina
933 2758 1121 2836 christiana,

96 2857 127 2911 et
142 2852 286 2918 moribus
296 2854 476 2916 christianis
487 2855 749 2930 informarentur,
764 2856 918 2937 quamdiu
931 2858 1117 2938 perduraret

96 2949 348 3030 experimentum
361 2959 396 3014 ut
411 2955 633 3019 convenienter
647 2954 902 3034 disponerentur,
920 2955 1036 3036 quibus
1050 2955 1117 3018 tan·

96 3047 167 3110 dem
181 3050 378 3129 pernitentiis
390 3052 521 3114 obnoxii
532 3055 637 3116 forent
650 3053 706 3133 qui
715 3054 865 3132 graviora
878 3060 1021 3134 peccata,
1037 3060 1117 3117 tem

94 3163 171 3225 pure
192 3148 402 3228 probationis,
420 3151 662 3214 commisissent.
680 3151 871 3232 liujusmodi
887 3153 1114 3231 ordinationes,

94 3247 239 3324 quamvis
256 3265 321 3310 non
338 3248 479 3311 habeant
499 3249 656 3314 rationem
675 3250 755 3329 legis
775 3250 904 3330 proprie
927 3251 1019 3314 dietae
1039 3270 1115 3330 erga

93 3343 350 3420 catechumenos,
363 3352 437 3408 sunt
446 3353 555 3410 tamen
564 3349 762 3411 conditiones
772 3349 961 3412 auctoritate
972 3348 1115 3429 legitima

94 3442 273 3505 constituta
283 3443 321 3506 iis
330 3445 506 3524 quivolunt
517 3447 550 3507 in
563 3445 746 3510 societatem
759 3447 967 3510 christianam
977 3448 1111 3511 admitti.

139 3603 162 3650 t.
175 3600 215 3652 Gr.
231 3603 342 3668 Philips.
358 3605 436 3658 Droit
450 3605 650 3670 ecclesiasticae,
663 3610 730 3658 tom.
741 3607 776 3670 ll,
786 3607 829 3658 ch.
839 3607 1004 3673 x..dappcrts
1014 3607 1047 3658 de
1060 3592 1113 3658 lli·
1175 3606 1178 3614 '

91 3674 156 3740 plise
169 3689 231 3726 avec
241 3677 278 3728 les
292 3679 421 3744 infiddles.
437 3681 570 3744 Gosselin,
583 3682 697 3734 Porcuo'ir
712 3683 748 3732 du
764 3683 831 3747 Papo
841 3685 879 3734 aa
890 3697 983 3749 aleym
997 3683 1054 3748 ripe,
1068 3681 1113 3734 In·

91 3751 250 3816 {reductiora
261 3763 294 3803 n⁰
308 3757 341 3808 57
354 3759 381 3806 et
397 3771 453 3822 seq.
855 3767 857 3772 ’
1094 3789 1095 3794 1
