2642 4270
167 265 173 276 .
232 221 288 279 554
368 286 371 292 ,
421 247 424 254 ·
499 229 575 278 etas
594 227 640 276 111.
663 226 719 276 nst
737 225 996 276 EGGLESIASTIGAE.

231 346 355 410 clericis
369 345 536 427 pecuniam
550 345 748 426 recipientes,
767 362 866 424 quam
884 347 979 404 certo
997 343 1104 404 sciunt
1117 348 1222 413 extas-

236 445 308 508 ficio
316 444 525 507 ecclesiastico
534 443 596 504 illis
606 441 782 504 obvenisse.
793 442 892 502 Suam
903 441 1104 521 opinionem
1112 445 1225 521 probat:

237 543 271 603 1⁰
294 561 333 605 ex
356 543 495 604 textibus
516 543 571 604 SS.
594 543 726 602 Petrum
747 545 778 600 et
794 538 877 619 juris
900 539 1072 616 canonici,
1100 541 1132 600 in
1153 544 1232 621 quibu

234 641 321 702 bona
333 640 543 702 ecclesiastica
553 639 702 700 dicuntur
712 647 863 699 resecare
874 642 906 699 et
915 637 1150 718 patrimonium
1155 659 1237 721 paupe

235 758 314 822 rum.
329 741 361 798 2⁰
373 740 420 822 Ex
431 737 604 798 intentione
619 736 761 797 fidelium
774 736 830 817 qui
842 737 934 797 bona
949 755 1017 796 sua
1030 735 1177 798 dederuut
1186 741 1239 818 qui·

235 837 308 898 dem
323 835 364 897 ad
378 835 639 897 sustentationem
654 832 853 909 clericorum,
871 834 932 894 sed
948 833 1058 894 simul
1074 833 1116 894 ad
1129 835 1242 898 subieru-

236 939 311 994 'men
329 951 507 1013 pauperum
526 938 557 993 et
578 930 657 992 alios
675 950 750 993 usus
769 919 849 1011 pios.
873 931 1075 994 Voluerunt
1093 951 1246 1012 promovere

237 1030 359 1093 cultum
369 1031 435 1107 Dei,
447 1030 627 1091 satisfecere
636 1048 693 1109 pro
705 1029 768 1090 suis
776 1029 932 1109 pcccatis,
946 1029 1115 1110 prodesse
1122 1031 1247 1109 deciens,

238 1129 423 1209 neutiquam
442 1133 549 1190 autem
566 1129 673 1190 fovere
689 1127 799 1188 luxum
817 1127 1036 1189 clericorum.
1057 1129 1094 1188 3⁰
1113 1129 1156 1188 Ex
1169 1129 1248 1190 mter·

238 1225 324 1289 tione
345 1227 504 1301 Ecclesiae,
527 1245 599 1307 quae
619 1225 810 1287 conferendo
830 1225 1002 1288 beneficia
1026 1243 1160 1305 quorum
1174 1227 1251 1288 babet

239 1323 519 1404 dispensationem,
538 1323 641 1385 noluit
655 1322 827 1385 concedere
846 1321 989 1403 plenum
1011 1323 1181 1384 dominium
1192 1324 1251 1385 red·

239 1423 363 1484 dituum
383 1422 622 1498 beneficiorum,
646 1421 701 1482 sed
721 1421 961 1482 usumfructum
986 1439 1075 1482 cum
1097 1440 1178 1482 onere
1194 1441 1251 1484 ero-

241 1520 338 1600 gandi
349 1505 511 1599 superflua
519 1520 552 1579 in
562 1520 632 1600 pios
643 1539 729 1581 usus.
739 1520 854 1582 Debuit
863 1520 985 1599 procul
997 1519 1110 1582 dubio
1120 1520 1252 1600 providere

238 1635 279 1678 ne
294 1618 498 1680 frustraretur
513 1618 647 1679 intentio
660 1619 867 1692 donatorum3
882 1636 1002 1698 porro,
1021 1637 1096 1680 non
1110 1619 1195 1680 datur
1204 1619 1250 1679 etis

239 1715 344 1778 cecius
358 1716 497 1778 medium
510 1717 595 1778 huuc
607 1715 704 1777 finem
714 1715 914 1796 assequendi,
930 1735 1046 1796 quam
1061 1716 1092 1778 si
1102 1717 1252 1798 imponam

239 1831 319 1876 onus
329 1815 473 1893 justitie.

298 1911 360 1973 Alii
374 1913 556 1986 canonistae,
569 1912 758 1974 auctoritate
770 1917 802 1974 et
816 1929 955 1973 numero
969 1912 1121 1975 minime
1132 1913 1248 1994 impares.

236 2009 355 2070 docent
368 2009 597 2088 obligationem
610 2008 716 2070 clerici
730 2009 806 2070 oriri
819 2009 1035 2071 solummodo
1053 2029 1097 2072 ex
1108 2011 1251 2072 dmubre

238 2104 365 2186 iigionis
379 2112 411 2168 et
422 2107 493 2186 jure
513 2107 683 2182 canonio03
699 2111 730 2168 et
748 2125 821 2168 eum
836 2112 996 2168 excusant
1017 2109 1065 2170 eb
1083 2127 1180 2170 onere
1192 2107 1251 2169 rest

238 2205 365 2279 tuendi,
398 2205 424 2267 si
456 2204 597 2265 redditus
632 2205 808 2283 superfluos
843 2203 972 2266 dederit
1007 2205 1247 2288 consanguineis,

240 2302 341 2364 aliave
357 2303 478 2364 ratione
496 2302 703 2381 dissipaverit.
726 2303 823 2364 Suam
843 2301 1047 2363 sententiam
1065 2303 1187 2384 duplici
1197 2319 1248 2383 pre

236 2399 348 2463 'sertim
363 2405 550 2480 argumento
564 2401 725 2462 adstruere
738 2399 919 2460 enituntur:
935 2400 969 2460 1⁰
982 2419 1028 2463 ex
1046 2401 1248 2463 beneficiorm

239 2499 373 2577 origine,
390 2517 472 2580 quae,
492 2499 518 2559 si
533 2497 709 2578 excipiatur
721 2516 795 2577 pars
809 2502 973 2558 reservata
988 2499 1034 2560 ab
1056 2499 1157 2562 initio
1170 2499 1246 2560 Eccit-

240 2594 294 2654 siis
311 2602 342 2656 et
360 2598 564 2677 pauperibus,
585 2600 690 2657 erecta
708 2597 836 2657 fuerunt
854 2595 1067 2674 potissimum
1088 2597 1127 2658 in
1145 2596 1247 2677 gratian

120 2709 129 2728 ·
239 2691 439 2764 clericorum,
454 2699 489 2754 ut
501 2695 642 2756 babeant
653 2711 826 2770 congruam
837 2694 1132 2774 sustentationem,
1146 2696 1176 2756 in
1186 2712 1245 2755 mer·

240 2790 353 2852 cedem
368 2790 529 2865 laborum;
541 2795 575 2851 2⁰
586 2810 625 2852 ex
634 2791 773 2852 textibus
783 2791 1000 2852 Decretalium
1017 2798 1053 2854 et
1064 2791 1245 2855 eonciiiiTri·

239 2885 373 2960 dentini,
404 2887 519 2965 quibus
544 2889 658 2950 dicitur
684 2889 844 2963 clericum,
870 2889 926 2968 qui
951 2889 1066 2952 debite
1089 2910 1152 2952 sua
1171 2888 1243 2950 officia

238 2985 436 3064 exsequitur,
452 2985 555 3046 facere
570 2986 689 3066 [ructas
702 3006 790 3064 suos;
804 2988 908 3048 iacere
923 2991 1037 3047 autem
1052 2975 1179 3067 fructas
1189 3003 1242 3055 ou.

233 3076 326 3145 idem
343 3083 472 3145 omnino
489 3088 537 3146 est
556 3103 592 3146 ac
610 3085 795 3146 eorumdem
815 3084 980 3164 acquirere
996 3085 1180 3146 dominium
1194 3082 1240 3164 pie·

243 3199 331 3244 num.

308 3302 322 3338 a
336 3282 433 3344 Nemo
452 3282 612 3360 cogendus
627 3286 684 3355 cst,
703 3281 748 3343 ait
765 3281 1064 3360 Scbmalzgrueber‚
1082 3283 1127 3344 ad
1141 3278 1236 3342 restitu-

244 3399 260 3434 «
283 3377 402 3439 tionem
414 3378 547 3457 alicujus
559 3379 618 3454 rei,
632 3379 691 3439 nisi
704 3382 826 3440 constet
836 3397 902 3439 esse
914 3378 1069 3452 alienam,
1082 3384 1116 3441 et
1125 3375 1235 3456 legejus·
1278 3397 1279 3406 ¹

243 3496 262 3530 a
283 3475 359 3537 titiae
375 3476 465 3539 alteri
480 3476 619 3538 debitam
630 3495 676 3552 ς...
693 3475 781 3555 atqui
797 3475 884 3536 nulia
898 3476 1033 3552 ratione,
1053 3495 1114 3538 uec
1128 3470 1230 3538 auetori-

246 3595 263 3626 «
284 3578 358 3648 tete,
371 3572 932 3652 constatbeneficiarioslegejustitiae
941 3573 1082 3653 obligari
1092 3573 1134 3636 ad
1140 3575 1230 3654 parter

245 3688 263 3722 «
285 3667 424 3744 aliquam
433 3673 613 3733 reddituum
626 3689 756 3733 suorum
766 3670 903 3732 dandam
915 3671 1045 3736 alteri...
1060 3675 1130 3740 Non
1140 3667 1227 3734 consti
