2568 4272
236 251 288 306 306
569 257 643 307 rbus
662 258 696 306 ll.
719 256 910 306 manutenes.

234 375 417 436 sustinendo
436 373 525 436 oneri
539 375 701 454 regiminis
719 377 742 439 ¹.
764 378 799 436 ln
819 374 944 436 statutis
959 373 1230 454 congregationum

202 533 205 544 ,
233 479 326 539 aetate
334 474 508 536 recentiore
519 474 715 555 approbatis,
731 477 847 538 Sancta
860 474 956 536 Sedes
965 473 1081 534 indixit
1094 479 1131 534 ut
1144 475 1233 536 officia
1255 499 1256 516 ,

233 573 429 652 superiorum
446 593 507 635 nou
532 575 750 636 conferrentur
774 573 834 634 nisi
859 573 899 634 ad
920 579 1045 652 tempus
1068 572 1230 652 praeliuum,

210 711 211 715 =
233 691 261 731 v.
279 691 325 750 g.,
341 672 522 748 triennium,
543 673 770 734 decennium...

293 770 420 832 Praelati
433 771 608 848 inferiores
625 770 735 852 quales
752 775 826 832 sunt
845 769 1056 852 provinciales
1076 775 1109 832 et
1129 772 1232 850 priores

232 875 453 943 conventuum,
471 870 642 950 aliquando
660 870 865 932 nominantur
885 874 916 930 et
931 868 963 930 in
976 888 1033 930 suo
1048 868 1157 930 officio
1171 889 1232 930 cou-
1256 863 1257 870 '

232 968 403 1030 stituuntur
421 969 462 1030 ab
483 969 617 1045 Abbale,
638 989 693 1030 seu
714 966 916 1050 apraeposito
933 967 1085 1048 generali,
1099 966 1188 1046 juxta
1197 987 1232 1028 re·

232 1067 322 1144 gulas
332 1067 478 1144 instituti,
494 1070 541 1129 vel
557 1068 781 1148 perindultum
797 1065 1023 1147 apostolicum
1036 1066 1093 1126 sed
1109 1085 1234 1127 commu·
1257 1090 1258 1164 p

231 1163 301 1225 nius
316 1166 484 1244 eliguntur,
509 1166 680 1228 constituta
699 1167 797 1228 semel
815 1163 990 1246 provincia,
1011 1183 1030 1226 a
1048 1164 1233 1244 regularibus
1257 1175 1258 1200 l

168 1303 170 1308 ,
232 1263 287 1343 qui
303 1263 387 1326 intra
408 1265 552 1328 eamdem
575 1265 773 1345 prouinciam
787 1268 1036 1338 commorantur,
1056 1269 1180 1326 servato
1193 1282 1232 1323 ur-

231 1362 303 1423 dine
319 1364 461 1446 praefixo,

288 1461 327 1522 ll.
343 1463 563 1543 Superiorissae
573 1463 760 1525 monialium
770 1461 1234 1540 nominanturelcctione,juxla
1258 1440 1259 1524 l

220 1559 356 1643 regulas
369 1579 439 1641 quae
449 1561 521 1640 jure
535 1562 696 1624 communi
709 1562 760 1624 vel
772 1562 898 1624 statutis
912 1561 1132 1642 peculiaribus
1146 1561 1232 1620 uuius-

176 1659 178 1665 ‘
231 1659 382 1740 cujusque
398 1662 670 1740 Congregatiunis,
686 1662 934 1744 praescribuntur
948 1662 988 1724 ad
1003 1661 1200 1724 electionem.

292 1760 322 1819 l⁰
335 1760 514 1840 Requiritur
526 1767 603 1824 aetas
619 1761 882 1842 quadragenaria,
901 1767 932 1822 et
946 1767 981 1822 ut
996 1760 1154 1841 professio
1165 1760 1231 1820 faeta
1259 1788 1260 1854 p

230 1857 271 1918 sit
283 1857 323 1918 ab
336 1863 407 1920 octo
420 1859 510 1922 aunis
526 1877 534 1922 :
552 1862 638 1940 quod
652 1861 679 1922 si
692 1879 767 1922 vero
782 1861 871 1923 nulla
884 1861 1062 1940 reperiatur
1078 1860 1112 1920 in
1128 1876 1232 1918 monas·
1259 1867 1260 1898 ³

229 1957 308 2018 tario
333 1975 402 2040 quae
426 1957 484 2019 has
510 1959 707 2021 conditiones
736 1959 865 2034 habeat,
892 1964 923 2022 et
949 1958 1079 2020 difficile
1103 1957 1232 2019 videatur

230 2055 325 2117 aliam
345 2057 514 2120 monialem
544 2060 585 2120 ad
611 2058 750 2132 officium
772 2077 812 2120 ex
834 2057 896 2120 alio
920 2058 1117 2120 monasterio
1146 2055 1230 2128 educi,

230 2155 436 2235 superiorissa
459 2157 533 2236 eligi
553 2159 670 2240 poterit
686 2176 725 2220 ex
744 2155 782 2218 iis
802 2175 873 2238 quae
899 2175 1018 2218 anuum
1046 2154 1230 2236 trigesimum
1260 2138 1261 2232 l

151 2323 159 2340 ,
229 2255 429 2329 excesserint,
452 2262 483 2318 et
508 2258 648 2336 quinque
671 2255 782 2317 saltem
806 2255 899 2316 aunis
920 2260 992 2335 post
1015 2253 1231 2334 professionem

228 2360 312 2416 recle
327 2354 472 2417 vixerint.
490 2359 523 2416 2⁰
538 2356 655 2418 Electio
673 2355 709 2416 fit
729 2374 748 2416 a
767 2354 914 2434 professis
933 2353 1130 2428 choralibus,
1148 2369 1229 2414 uoua

229 2455 398 2531 conuersis,
414 2454 474 2514 uisi
488 2455 692 2516 aliterferaut
706 2458 826 2516 statuta
838 2437 975 2528 ordifuis;
994 2452 1166 2534 requiritur
1180 2468 1231 2510 ma·

195 2610 204 2622 ,
226 2552 338 2633 joritas
359 2553 505 2615 absoluta
527 2553 764 2632 suffragiorum,
780 2552 932 2615 scrutinio
952 2557 1086 2614 secreto.
1106 2552 1138 2612 3⁰
1156 2549 1229 2630 lipis·

229 2669 326 2730 copus
341 2651 394 2729 jus
413 2652 511 2714 habet
530 2650 732 2732 praesidendi,
747 2670 811 2712 nna
826 2669 897 2714 curn
917 2651 1079 2736 superiore
1096 2645 1229 2728 regulari,

229 2749 375 2810 electioni
397 2750 628 2814 abbatissarum
649 2769 719 2830 quae
741 2750 953 2831 praeficiendae
968 2754 1041 2811 sunt
1059 2749 1093 2832 iu
1117 2763 1228 2808 monas·

151 2847 153 2852 ’
228 2847 307 2908 terio
331 2848 528 2926 regularibus
550 2850 710 2930 subject03
740 2854 845 2930 potest
866 2847 1083 2932 etiamnalium
1105 2846 1152 2908 sui
1173 2844 1229 2906 luco

229 2945 393 3025 deputare.
422 2969 438 3002 «
466 2949 495 3008 is
519 2967 592 3009 vero
613 2949 668 3028 qui
692 2948 851 3028 praesidet,
880 2946 1059 3026 Episcopus.
1081 2946 1146 3008 siva
1163 2942 1229 3004 alius

230 3069 246 3102 «
268 3045 420 3125 superior,
439 3045 576 3107 claustra
594 3047 778 3108 monasterii
796 3065 861 3107 non
875 3045 1084 3126 ingrediatur,
1102 3045 1155 3106 sed
1169 3045 1228 3102 aute

231 3167 247 3200 «
270 3145 483 3207 cancellorum
502 3145 712 3220 fenestellam,
734 3149 808 3208 uota
828 3143 1024 3224 singularum
1049 3143 1166 3226 audiat,
1189 3135 1231 3208 vel

233 3268 246 3298 u
269 3242 411 3322 recipiat.
439 3265 454 3304 n
485 3243 592 3326 (Gonu.
623 3244 723 3318 Trid,
749 3263 818 3325 eap.
847 3241 916 3324 rur.)
939 3245 971 3302 4⁰
999 3240 1120 3304 Electio
1151 3237 1228 3300 debet

275 3449 298 3496 l.
316 3445 354 3496 Cf.
374 3446 482 3508 Suarez,
502 3447 534 3496 de
552 3446 692 3510 Religione,
707 3449 726 3498 t.
742 3447 785 3508 lV,
804 3446 851 3496 lib.
871 3447 903 3508 11,
920 3459 976 3510 cap.
994 3459 1040 3498 vu.
1060 3473 1091 3482 -
1111 3444 1225 3497 Statntum

228 3519 278 3570 fuit
295 3535 311 3570 a
328 3521 373 3570 Pio
390 3521 433 3583 IX,
450 3525 481 3572 ut
497 3522 618 3572 Minister
634 3521 767 3586 generalis
787 3522 920 3572 Minorum
940 3519 1145 3572 observantium
1161 3517 1225 3579 elige·

229 3599 303 3644 retur
317 3595 350 3646 ad
368 3595 509 3647 duodecim
525 3610 611 3648 anuos
628 3598 668 3659 (23
683 3597 747 3646 maii
764 3599 844 3659 1862).
857 3596 929 3647 idem
945 3593 1085 3648 decretum
1098 3597 1174 3647 latum
1185 3588 1224 3640 luit

228 3685 277 3733 pro
294 3671 433 3722 ordinibus
448 3673 661 3739 Gapucelnorum
679 3676 705 3724 et
720 3673 938 3724 predicatorum.
953 3701 983 3712 --
999 3671 1165 3731 Culleolum,
1178 3665 1222 3717 liiu-

228 3746 305 3808 zauri‚
318 3761 380 3810 pag.
395 3750 448 3798 168.

598 3805 602 3833 ι
640 3790 644 3798 ,
