2568 4272
211 233 263 288 276
473 239 475 244 ’
552 237 625 286 PARS
644 237 678 284 ΙΙ.
700 239 888 287 erudientes.

212 360 285 417 sunt
303 373 375 416 oum
394 353 643 432 obligationibus
661 353 834 433 refigionis.
862 357 1024 428 Attamen,
1041 355 1068 415 si
1087 353 1226 416 emittens

211 453 441 533 professionem
455 452 634 514 intenderet
643 452 753 514 omnia
766 471 824 514 sua
833 458 910 514 vota
921 458 1118 514 commutare
1130 452 1164 512 in
1175 470 1226 512 vo-

213 556 280 611 tum
298 549 469 628 religionis,
485 549 518 609 id
537 555 654 628 posset,
674 574 690 607 «
708 549 784 630 quia
797 568 870 611 reus
885 550 979 611 fracti
995 550 1063 612 voti
1076 549 1226 628 aliquate-

94 693 98 704 ,
127 719 128 722 ¹
216 673 231 704 «
245 667 305 709 nus
315 667 378 709 non
389 648 538 724 habetur,
548 648 603 726 qui
612 649 788 727 temporale
801 648 1032 728 obsequiumin
1044 652 1229 727 perpetuam

217 744 385 808 «noscitur
412 745 573 823 religionis
602 746 838 807 observantiam
865 752 1077 807 commutare.
1107 768 1125 800 »
1155 745 1227 822 Cap.

214 840 392 925 Scriptura,
407 846 437 915 4,
452 860 491 903 nn
504 845 600 906 Vero.

274 942 306 1002 3ο
327 941 427 1004 Solvit
446 940 685 1002 matrimonium
705 946 810 1022 ratum
831 959 895 1002 non
917 945 1190 1014 consummatum,
1209 941 1231 999 si
1278 921 1279 924 ¹

217 1038 258 1100 sit
271 1039 425 1119 professio
438 1039 545 1100 stricte
559 1045 696 1120 sumpta.

274 1136 451 1197 reicitur
480 1137 610 1216 insuper
643 1136 873 1216 professionem
907 1137 1072 1198 remittere
1104 1153 1231 1214 poenam

216 1234 355 1294 omnium
385 1239 602 1312 peecatorum,
628 1253 699 1314 quae
728 1235 833 1296 deleta
859 1240 933 1297 sunt
956 1235 1064 1315 quoad
1088 1233 1226 1313 culpam.

214 1332 245 1393 S.
273 1333 412 1394 Thomas
440 1328 681 1393 id'haesitanter
710 1333 821 1393 asserit
843 1335 877 1393 2⁸
893 1336 932 1394 2oe
948 1337 1062 1413 quaest.
1087 1348 1229 1404 unxxxm,

216 1436 277 1491 art.
292 1430 343 1503 111,
361 1430 402 1490 ad
416 1431 491 1490 3³¹³.
509 1453 525 1486 «
540 1430 783 1492 Rationabiliter
798 1430 860 1492 diei
874 1437 989 1511 potest,
999 1430 1044 1490 ait
1054 1431 1087 1492 S.
1101 1432 1227 1501 Doctor,

217 1527 336 1607 «quod
363 1546 422 1607 per
448 1528 627 1606 ingressum
654 1528 831 1606 religionis,
862 1527 981 1608 aliquis
1019 1531 1232 1606 consequatur

196 1651 198 1654 ·
221 1625 468 1686 «remissionem
491 1625 632 1687 omnium
650 1633 855 1706 peccatorum
877 1645 1045 1689 suorum...
1074 1626 1110 1688 Si
1127 1631 1230 1686 tamen

220 1748 235 1779 n
251 1741 314 1783 non
338 1723 578 1784 absolverentur
599 1743 656 1803 per
674 1725 736 1786 hoc
760 1726 800 1786 ab
819 1726 906 1786 omni
929 1730 1020 1786 reatu
1041 1741 1149 1803 poenae
1175 1722 1229 1803 (re·

219 1845 234 1877 «
251 1821 403 1898 ligionem
438 1821 616 1902 intrantes),
647 1823 855 1885 nihilominus
882 1823 1041 1902 ingressus
1072 1820 1231 1899 religionis

220 1918 362 1980 «utilior
382 1923 428 1979 est
449 1936 544 1997 quam
564 1921 779 1999 peregrinatio
804 1924 907 1982 Terrae
931 1923 1055 1982 Sanetae
1078 1924 1230 1998 quantum

221 2015 291 2076 «ad
312 2017 546 2095 promotionem
568 2016 602 2076 in
621 2017 753 2092 bonum,
770 2036 841 2098 quae
857 2018 1083 2097 preponderat
1105 2017 1229 2077 absolu-

221 2137 236 2169 «
252 2113 332 2175 tioni
347 2131 366 2174 a
379 2133 484 2193 poene.
503 2138 518 2169 »
540 2115 657 2176 Suarez
669 2114 731 2177 hoc
745 2115 843 2177 veluti
856 2116 943 2194 piam
958 2115 1144 2194 opinionem
1162 2131 1230 2192 pro·

220 2211 310 2290 ponit
325 2211 380 2271 lib.
394 2213 445 2287 Vl,
463 2230 531 2290 cap.
549 2229 620 2287 xm,
636 2220 670 2272 n⁰
686 2217 715 2273 Ι.
742 2215 832 2274 Hunc
848 2213 994 2274 effectum
1010 2211 1168 2293 professio
1183 2228 1231 2289 per

220 2328 252 2370 se
273 2310 399 2389 operari
414 2328 476 2370 non
497 2314 612 2388 potest,
628 2310 683 2371 sed
699 2315 823 2371 tantum
839 2311 1091 2386 occasionaliter,
1108 2308 1230 2388 quando

221 2407 340 2469 seilicet
348 2425 465 2468 vovens
478 2425 549 2468 eam
566 2408 663 2468 habet
678 2408 842 2469 charitatis
856 2409 1084 2483 intensitatem,
1097 2407 1161 2468 soli
1174 2409 1231 2467 Deo

220 2510 341 2582 notam,
364 2523 435 2585 quae
455 2506 551 2565 talem
575 2497 724 2568 effectum
746 2507 910 2586 producit;
928 2506 979 2568 vel
994 2506 1091 2567 etiam
1110 2503 1230 2584 quando

220 2585 296 2678 data
310 2608 357 2663 est
370 2621 388 2662 a
403 2602 520 2663 Sancta
534 2603 614 2663 Sede
630 2604 831 2684 indulgentia
845 2604 1000 2684 plenaria,
1018 2621 1118 2681 quam
1134 2602 1231 2680 reipsa
1280 2611 1281 2646 t

225 2699 356 2761 indulsit
368 2699 513 2779 pluribus
528 2702 829 2780 congregationibus
844 2721 914 2782 quae
936 2702 1055 2762 hahent
1069 2705 1147 2762 vota
1162 2700 1230 2760 sim·
1280 2743 1281 2746 ,

220 2797 325 2876 plicia.

243 2953 260 2970 ,
281 2897 350 2956 469.
367 2929 406 2938 -
418 2879 472 2957 ΙΙΙο
489 2894 569 2970 Ouid
579 2896 655 2976 jare
672 2896 834 2958 cavendum
850 2898 881 2958 io
894 2915 964 2958 casu
976 2896 1177 2978 professionis
1191 2895 1231 2954 in·
1280 2963 1281 2976 χ

223 2990 351 3055 valide?

281 3090 448 3165 Professio,
466 3091 492 3151 si
506 3091 588 3152 forte
605 3092 745 3154 invalide
760 3094 845 3154 facta
860 3093 909 3168 sit,
928 3098 982 3154 aut
997 3096 1068 3152 rata
1083 3091 1228 3164 habetur,

222 3195 277 3251 aut
291 3189 380 3250 nulla
392 3207 458 3250 esse
473 3191 707 3268 pronuntiatur.
1116 3243 1126 3250 .

282 3287 458 3365 Religiosus
479 3293 583 3348 ratam
606 3287 726 3350 habere
751 3294 857 3369 potest
880 3307 970 3349 suam
994 3287 1229 3366 professionem,

224 3386 249 3446 si
264 3386 401 3447 defectus
416 3385 512 3446 fuerit
524 3405 561 3446 ex
574 3405 631 3447 sua
645 3394 747 3467 parte,
760 3393 791 3448 et
800 3387 1065 3466 impedimentum
1076 3385 1230 3445 sublatum

224 3483 278 3557 sit3
290 3502 321 3546 v.
336 3503 380 3562 g.,
396 3483 422 3543 si
435 3489 562 3546 aetatem
579 3485 728 3562 attigerit,
741 3486 768 3546 si
780 3505 897 3548 novum
909 3501 1104 3547 consensum
1118 3487 1228 3562 praeste

224 3583 256 3642 in
270 3582 375 3644 locum
391 3584 505 3663 prioris
521 3604 616 3664 quem
631 3585 749 3646 invitus
764 3587 908 3664 dederat,
923 3592 983 3649 etc.

171 3707 179 3718 ·
284 3681 331 3741 Ad
345 3681 434 3742 illam
450 3683 710 3744 ratihabitionem
731 3684 861 3747 minime
885 3684 1098 3747 necessarium
1120 3689 1167 3748 est
1182 3699 1231 3744 no
