2632 4260
218 257 250 310 18
584 261 659 310 PARS
680 259 714 309 11.
736 259 866 309 cusaldi.

217 398 294 441 nera
311 379 432 442 ordinis
452 380 702 460 supernaturalis
723 379 782 440 rita
801 379 913 453 obeat3
938 376 1103 438 err-divina
1125 380 1232 438 autem

216 478 379 542 vocatione
394 483 548 560 tanquam
567 497 584 540 e
600 478 706 540 radica
719 477 878 558 prodeunt
886 476 944 538 illa
962 475 1091 538 auxilia.
1113 499 1129 530 a
1148 475 1233 547 Quos

104 577 111 582 ’
218 601 233 633 a
246 577 341 652 enim,
358 578 403 640 ait
417 579 448 641 S.
467 579 617 653 Thomas,
638 578 679 638 ad
695 576 817 657 aliquid
838 575 936 653 eligit,
958 575 1003 636 ita
1019 579 1181 654 proeparat
1201 579 1235 634 ct

218 701 232 731 ι(
243 676 382 757 disponit
393 682 426 739 ut
436 676 519 739 adid
530 677 572 738 ad
581 676 666 756 quod
675 676 836 755 eliguntur
845 673 1049 736 inveniantur
1057 667 1234 748 idonei,'sc-

219 799 233 829 «
249 775 387 836 cundum
408 775 490 837 illud
514 794 522 837 :
545 773 671 836 Idoncos
692 793 744 835 nos
760 773 835 854 serit
850 772 1005 834 ministros
1023 770 1105 833 Noai
1128 770 1234 832 Testa-

219 875 338 934 «menti
358 897 374 930 c
386 875 474 936 Part.
488 874 540 948 lll,
563 879 676 954 quast.
693 877 923 947 xxru,art.1r.
945 870 1035 934 Unde
1049 870 1203 932 Dominus
1226 889 1234 930 :

213 971 284 1052 Epo
298 991 364 1034 rum
376 974 503 1052 oatc'um,·
512 991 571 1054 per
582 992 628 1034 me
643 972 754 1054 siquis
769 971 931 1047 introierit,
950 968 1128 1043 salvabitur,
1147 977 1175 1030 ct
1190 969 1237 1028 ia-
1306 1031 1307 1036 ,

212 1067 366 1150 predictae
375 1079 405 1132 et
416 1070 597 1150 eqredietur,
613 1081 643 1133 et
655 1089 770 1153 pascuo
785 1069 925 1132 incantet.
939 1068 1056 1150 (toan,
1071 1085 1104 1142 x,
1121 1065 1169 1146 9.)

275 1169 345 1231 317.
361 1202 401 1216 -
413 1169 451 1230 ll.
467 1169 649 1254 vocationis
664 1170 788 1231 diversa
803 1173 877 1230 sunt
891 1169 993 1248 signa,
1011 1167 1074 1228 alia
1086 1171 1234 1227 extraor-

215 1266 350 1351 dinaria,
366 1267 429 1330 alia
440 1269 632 1330 communia.

273 1369 374 1429 Deum
396 1369 589 1448 quandoque
610 1368 722 1429 mediis
744 1365 1007 1428 extraordinariis
1030 1365 1236 1428 manifestare

214 1483 303 1526 suam
313 1465 511 1527 voluntatem
525 1467 669 1528 videmus
679 1467 712 1526 in
725 1465 790 1528 vita
801 1465 942 1546 plurium
955 1469 1139 1527 sanctorum
1152 1466 1237 1526 Pon-

106 1617 108 1620 .
213 1563 346 1637 tilicum,
357 1584 388 1634 y,
402 1585 447 1644 g.,
463 1565 497 1625 in
509 1565 574 1626 vita
584 1565 615 1626 S.
632 1565 775 1643 Gregorii
789 1559 908 1643 Magni,
925 1566 957 1627 S.
971 1563 1141 1638 Ambrosii,
1158 1567 1236 1627 etc„

214 1679 253 1722 ne
267 1661 307 1723 do
321 1663 487 1724 vocatione
508 1651 611 1724 sancti
626 1663 722 1724 Pauli
736 1663 917 1743 loquamur.
941 1664 1063 1724 Praeter
1078 1662 1163 1722 lacta
1178 1679 1237 1722 ex-

215 1763 307 1821 terna
317 1779 390 1840 quea
402 1761 559 1823 miracula
574 1766 754 1835 censentur,
772 1767 846 1822 sunt
860 1760 1033 1841 aliquando
1046 1757 1130 1821 intra
1143 1779 1237 1841 men-

217 1861 292 1935 tem,
318 1858 453 1922 insolitis
482 1859 617 1941 Spiritus
639 1860 747 1921 Sancti
766 1860 917 1936 motibus,
937 1857 1143 1920 incitamenta
1163 1876 1238 1938 quae

212 1974 277 2017 non
289 1958 408 2028 ¹minori
420 1958 610 2021 certitudine
625 1959 824 2021 voluntatem
838 1959 896 2020 Dei
910 1958 1093 2020 ostendunt

258 2044 261 2051 ¹
277 2057 375 2135 Signa
388 2058 565 2119 vocationis
581 2057 764 2120 communia
776 2062 850 2119 sunt
861 2076 869 2119 ε
882 2058 914 2117 1⁰
925 2075 1035 2118 sensus
1044 2055 1176 2135 quidam
1186 2075 1238 2117 su-

130 2223 137 2231 ,
214 2155 428 2238 pernaturalis
439 2155 602 2218 hominem
617 2156 774 2218 inclinans
789 2154 829 2216 ad
843 2154 1101 2235 amplectendum
1115 2159 1237 2216 statum

213 2253 402 2329 clericalem,
416 2255 533 2316 intuitu
549 2255 659 2340 gloria
674 2254 746 2329 Dei3
764 2257 797 2316 2⁰
806 2253 964 2315 idoneitas
980 2253 1161 2314 adsacrum
1176 2254 1238 2314 mi-

213 2353 387 2432 nisterium,
398 2359 467 2416 tum
477 2373 517 2416 cx
527 2359 618 2434 parte
629 2352 781 2434 corporis,
791 2345 861 2414 turn
871 2358 1009 2432 exparte
1019 2351 1145 2427 animae,
1158 2369 1234 2431 quae

212 2453 346 2534 requirit
360 2453 538 2532 praesertim
553 2451 756 2531 prudentiam
766 2450 799 2511 in
815 2451 940 2530 agendo
954 2455 985 2512 et
999 2467 1088 2531 spem
1101 2450 1231 2512 virtutis

133 2564 135 2568 ⁴
213 2552 362 2625 firmatae;
379 2549 413 2614 3⁰
423 2549 537 2613 electio
547 2551 632 2612 facta
647 2569 667 2610 a
677 2552 820 2624 Pastore,
835 2547 986 2610 nimirum
1000 2549 1040 2610 ah
1053 2548 1230 2629 Episcop03

196 2648 370 2736 siquidem
381 2648 475 2728 juxta
489 2648 660 2711 concilium
678 2647 910 2710 'tridentinum
930 2672 945 2704 α
961 2648 1072 2730 Nullus
1092 2647 1237 2708 ordinari

215 2771 230 2805 a
245 2747 338 2808 debet
353 2747 408 2826 qni
416 2747 538 2828 judicio
552 2747 601 2809 sui
618 2747 764 2827 Episcopi
777 2765 842 2808 nou
857 2747 898 2808 sit
916 2745 1006 2808 utilis
1019 2750 1074 2807 aut
1086 2763 1231 2808 necessa-

212 2870 227 2903 «
245 2845 310 2907 rius
323 2845 386 2907 suis
397 2845 546 2908 eeclesiis.
563 2867 577 2906 n
598 2845 691 2908 Cone.
709 2846 809 2922 uria,
827 2863 903 2908 sess.
922 2861 1181 2925 xxrrr,cap.xv1,
1198 2844 1237 2907 de

213 2941 352 3024 Reform.

271 3045 345 3105 Haec
360 3041 422 3105 tria
434 3042 528 3104 simul
544 3043 712 3104 convenire
725 3043 854 3118 debant,
868 3042 924 3104 sed
938 3043 972 3103 in
986 3041 1097 3122 primis
1106 3041 1233 3102 idonei-

210 3147 259 3203 tas
274 3147 304 3203 et
323 3141 458 3204 vocatio.
476 3143 559 3202 Deus
574 3160 639 3203 non
657 3146 751 3203 vocat
771 3141 982 3203 communiter
1002 3139 1167 3202 hominem
1190 3141 1234 3202 ad

212 3244 329 3300 statum
342 3238 532 3315 clericalem,
547 3239 623 3320 quin
636 3239 728 3300 illum
744 3240 876 3301 interius
893 3239 1024 3302 inclinet
1038 3229 1233 3318 aspiratione

210 3335 350 3419 quadam
369 3337 629 3418 supernaturali:
647 3345 680 3399 at
697 3337 754 3399 illa
771 3337 942 3417 inspiratio
963 3342 1090 3399 nonest
1105 3353 1234 3416 semper

210 3435 381 3512 sensibilis;
395 3439 441 3497 est
456 3436 649 3515 quandoque
667 3434 856 3518 impugnata
875 3435 1041 3497 affectibus
1060 3436 1228 3497 contrariis

211 3538 333 3620 naturae
348 3533 399 3596 vel
416 3534 513 3596 etiam
530 3533 644 3594 timore
659 3551 755 3613 quem
771 3532 885 3595 animas
903 3533 1017 3596 incutit
1036 3551 1116 3595 onus
1131 3552 1229 3615 gravo

212 3631 377 3694 ministerii
401 3631 618 3695 sacerdotalis.
643 3632 725 3695 llieri
745 3637 850 3712 potest
871 3631 1000 3693 aliunde
1019 3637 1055 3692 ut
1077 3632 1149 3711 quis
1169 3632 1232 3694 hu·

211 3747 306 3793 mano
320 3731 436 3793 affectu
447 3736 692 3810 appetatsaaros
708 3730 846 3806 ordines,
867 3747 925 3792 sua
935 3735 1062 3793 terrena
1074 3729 1230 3793 desideria
