2582 4278
244 255 313 304 aar.
337 255 372 304 11.
394 255 636 305 cxlvuastrarns
656 255 713 305 SEU
735 254 905 304 acaunum.
1034 249 1083 304 105

69 371 128 434 nisi
140 389 266 433 mamm
282 369 463 449 integritate
483 371 721 432 commendetur
739 375 771 432 ct
783 370 817 432 in
832 369 940 450 aliqua
956 371 1083 450 publica

71 470 272 532 universitate
284 469 421 532 doctoris
433 469 577 532 lauream
591 468 733 548 ejusdem
745 469 906 530 facultatis
921 477 1081 532 assecutus

70 569 117 630 sit.

124 667 196 728 375.
219 702 261 712 -
281 668 333 729 111.
359 668 556 729 Professores
583 665 794 727 communiter
821 665 1003 744 deliguntur
1025 671 1082 747 per

67 783 267 841 concursum,
284 764 371 844 prius
385 765 526 826 exhibito
542 764 724 827 testimonio
740 763 879 825 scientiae
895 768 925 824 et
941 777 1080 838 morum,

65 864 145 924 inter
159 881 215 924 eos
230 863 286 942 qui
300 862 409 924 laurea
420 862 576 925 doctorali
591 861 700 924 donati
714 865 787 921 sunt
803 860 836 920 in
856 879 895 922 ea
913 860 1080 940 disciplina

66 979 159 1040 quam
178 961 304 1022 tradere
325 961 451 1022 debent.
474 961 671 1022 Professores
688 964 838 1020 tenentur
859 960 900 1020 ad
912 959 1079 1039 praescrip-

65 1065 129 1120 tum
150 1058 384 1120 constitutionis
404 1059 452 1118 Pii
468 1059 518 1135 lv,
542 1058 624 1120 datae
647 1077 698 1118 an.
717 1058 807 1134 1564,
822 1056 964 1119 emittere
977 1057 1080 1136 publi-

66 1175 132 1218 cam
147 1156 377 1236 professionem
388 1155 477 1230 fidei3
495 1173 559 1235 quo
569 1155 654 1216 enim
670 1155 785 1216 certius
798 1154 946 1216 Ecclesiae
958 1159 1079 1216 constet

67 1253 137 1316 fidei
154 1253 329 1333 puritatem
353 1254 509 1332 integram
524 1253 677 1315 custodiri
691 1253 724 1314 in
745 1253 895 1328 scientiis,
912 1251 1077 1314 doctrinis

68 1369 125 1432 que
145 1352 342 1432 quibuslibet
359 1358 427 1412 turn
444 1351 617 1426 tradendis,
633 1359 702 1414 tum
717 1350 925 1424 addiscendis,
939 1349 1079 1412 decrevit

66 1467 118 1510 sua
132 1449 358 1510 constitutione
368 1450 442 1510 Pius
452 1450 491 1511 IV
501 1449 587 1530 quod
602 1449 750 1529 deinceps
762 1449 867 1510 nullus
878 1447 999 1522 doctor,
1013 1466 1080 1508 ma·

68 1547 170 1626 gister,
196 1564 320 1626 regem,
342 1546 394 1608 vel
414 1546 493 1608 alius
517 1548 744 1628 cujuscumque
765 1546 842 1608 artis
863 1551 895 1608 et
916 1545 1076 1608 facultatis

69 1643 237 1723 professor,
261 1644 326 1705 sive
349 1644 492 1719 clericus,
516 1645 580 1706 sive
601 1645 713 1719 laicus,
732 1645 783 1707 vel
800 1644 937 1724 cujusvis
957 1643 1075 1706 ordinis

67 1742 216 1820 regularis
230 1743 281 1818 sit,
297 1742 330 1802 in
345 1743 506 1822 quibusvis
521 1743 697 1805 studiorum
712 1742 908 1822 generalium
922 1742 1077 1805 Universi·

65 1841 192 1916 tatibuS,
206 1846 262 1902 aut
280 1841 451 1920 gymnasiis
463 1840 635 1920 publicis..
653 1841 779 1902 lectoris
793 1841 978 1902 cathedram
994 1857 1075 1902 asse·
1167 1843 1168 1846 ’

69 1938 127 2016 qui,
143 1939 273 2018 valjam
287 1940 451 2000 obtentam
464 1939 599 2000 retinere
611 1939 727 2014 valeat,
747 1938 807 1999 nisi
821 1939 939 2000 dictam
953 1939 1073 2018 profes-

66 2035 177 2098 sionem
196 2037 344 2098 emiserit.
1022 2031 1028 2046 ’

119 2137 181 2196 Leo
196 2134 254 2198 Xll
268 2123 498 2215 professoribus
513 2135 758 2197 Universitatum
773 2153 837 2195 sure
853 2133 981 2197 ditionis
994 2139 1072 2195 tem-

64 2232 174 2307 poralis
192 2232 307 2293 indixit
328 2238 363 2293 ut
385 2252 478 2294 cursu
499 2233 583 2314 typis
602 2233 754 2312 impresso
777 2236 907 2292 utantur
931 2237 962 2292 et
982 2229 1071 2292 borae

64 2327 221 2390 dimidium
243 2328 276 2389 in
295 2330 483 2410 explicando
503 2332 680 2407 insumant;
705 2335 831 2409 tempus
857 2334 964 2390 autem
985 2329 1072 2407 quod

65 2433 207 2505 superest,
223 2427 256 2488 in
270 2427 503 2507 interrogandis
520 2434 551 2490 et
572 2429 754 2490 exercendis
771 2425 976 2490 auditoribus.
994 2428 1072 2488 Pro-

64 2523 188 2586 fessores
200 2544 363 2587 sacrorum
376 2532 408 2588 et
419 2527 568 2605 legalium
583 2527 769 2604 studiorum,
786 2527 863 2587 item
877 2527 1069 2604 professores

64 2619 177 2700 logica,
201 2619 427 2704 metaphysica
447 2630 478 2686 et
496 2625 620 2700 ethice,
636 2625 746 2704 lingua
759 2624 871 2686 Latina
889 2623 936 2685 uti
950 2623 1074 2685 debent.

64 2718 90 2777 in
107 2721 371 2800 explicationibus
388 2741 396 2784 τ
411 2723 604 2802 professores
618 2722 818 2802 eloquentiae,
837 2722 1017 2801 linguarum
1034 2726 1065 2781 et

64 2815 188 2878 aliorum
196 2818 379 2898 hujusmodi
392 2820 578 2897 studiorum,
588 2821 697 2898 lingua
709 2819 821 2882 Latina
834 2819 885 2881 vel
895 2818 1066 2880 vernacula

63 2911 236 2993 loquuntur,
251 2922 346 2996 prout
360 2937 410 2978 res
425 2918 589 2998 dequibus
605 2922 702 2996 agunt
717 2917 930 2997 expostulant.

111 3013 308 3075 Professores
316 3015 413 3076 semel
429 3016 579 3076 canonice
590 3015 682 3076 electi
694 3020 857 3095 nequeunt
865 3034 923 3094 pro
933 3013 1063 3076 arbitrio

63 3109 234 3172 ecathedra
248 3112 375 3191 depelli.
393 3112 426 3174 Si
434 3113 573 3191 graviter
584 3132 641 3174 suo
656 3113 761 3175 officio
772 3113 974 3192 deliquerint,
992 3129 1068 3172 cau·

61 3205 195 3268 cellar'ius
215 3214 270 3270 aut
292 3215 393 3271 rector
414 3229 467 3272 eos
487 3229 650 3272 amunere
672 3211 848 3272 exercendo
874 3210 914 3272 ad
938 3215 1073 3286 tempus

61 3321 211 3368 removere
231 3313 350 3386 potest;
375 3309 428 3369 sed
452 3309 588 3388 privatio
606 3309 691 3371 tituli
707 3309 893 3388 neutiquam
912 3306 1065 3384 infligitur

61 3400 110 3463 nisi
135 3403 280 3467 instituto
306 3406 438 3485 judicio,
469 3408 597 3488 lataque
628 3408 795 3481 sententia,
823 3406 917 3485 juxta
946 3408 1064 3466 statuta

62 3500 299 3581 uniuscujusque
314 3503 537 3566 universitatis.

11 3633 12 3636 =
110 3598 230 3660 376.-
242 3600 293 3662 lv.
308 3601 429 3678 Gradus
442 3603 690 3666 iuUniversitate
701 3603 751 3663 his
765 3601 980 3674 conferuntur,
997 3599 1064 3680 qui·

60 3691 107 3755 bus
124 3696 308 3760 authentica
318 3699 359 3760 sit
373 3699 562 3778 significatio
576 3702 693 3778 meriti,
708 3701 911 3781 scientiaque
926 3701 1061 3780 adepta.
