2604 4274
201 193 255 248 394
449 202 542 251 'PARS
560 203 608 250 111.
629 203 686 252 RES
704 203 947 280 scelestesmcn.

203 317 327 398 capella
346 317 524 397 pontificia;
541 319 697 398 prolixior
717 320 808 395 alter,
831 320 953 382 catenis
968 321 1116 382 llcclesiis
1131 337 1217 382 com·

205 416 319 490 munis,
345 417 444 478 donec
468 436 578 480 omnes
606 419 683 492 fere,
713 418 739 479 si
761 437 859 480 unam
892 419 1032 498 excipias
1054 419 1220 480 Basilicam

203 515 458 587 lateranensem,
481 517 622 596 priorem
642 517 883 596 adoptaverunt.
908 517 1035 579 Saeculo
1057 525 1137 590 xrn⁰,
1165 517 1221 578 sub

205 612 354 690 Gregorio
370 614 419 687 IX,
438 616 474 674 P.
492 617 650 694 Haymon,
667 615 796 676 familiae
811 614 1018 676 franciscanae
1033 614 1219 694 praepositus
1265 637 1266 678 r

206 710 372 787 generalis,
397 712 533 774 obtinuit
555 713 742 774 facultatem
764 713 870 773 officio
889 713 1031 774 breviato
1053 712 1222 774 secundum
1265 705 1266 716 *

207 808 465 870 consuetudinem
480 809 575 872 curiae
586 814 738 873 Romanas
755 811 878 884 utendi,
891 811 924 871 in
938 831 1000 890 quo
1014 811 1126 890 plures
1139 809 1223 890 hym-

206 923 264 966 nos
282 903 475 984 introduxit3
496 909 580 970 unde
600 909 670 970 haec
691 909 796 970 forme
820 908 969 969 breviarii
995 927 1054 988 per
1073 907 1225 969 Ecclesiae

210 1002 303 1064 facile
317 1011 497 1083 propagata
510 1006 571 1068 fuit
586 1013 608 1068 ¹.

268 1101 303 1162 ln
319 1120 383 1180 quo
405 1102 496 1164 faclae
519 1103 582 1164 sint
596 1104 751 1165 librorum
769 1104 990 1182 liturgicorum
1005 1103 1178 1164 revisiones
1193 1121 1224 1163 ec

213 1198 465 1275 reformationes,
487 1201 573 1262 dictu
594 1202 723 1264 difficile
744 1201 880 1276 videtur,
904 1201 979 1281 quia
992 1201 1111 1261 desunt
1127 1219 1224 1262 exem-

214 1295 316 1373 plaria
332 1297 456 1375 integra
475 1297 630 1360 librorum
651 1299 766 1379 quibus
784 1318 842 1380 per
860 1301 1029 1360 decursum
1045 1298 1225 1360 saeculorum
1266 1319 1267 1372 t

209 1393 356 1456 Ecclesiae
370 1414 432 1457 usae
443 1402 526 1472 sunt,
542 1397 597 1477 qui
606 1398 689 1458 inter
704 1415 737 1458 se
747 1397 928 1480 comparari
941 1401 1071 1476 queant.
1087 1396 1123 1455 ld
1136 1415 1224 1456 unum
1266 1379 1267 1436 l

211 1491 509 1569 animadvertemus,
534 1513 600 1556 non
620 1501 728 1558 actum
752 1495 952 1556 solummodo
971 1494 1069 1554 fuisse
1095 1493 1135 1553 de
1153 1512 1226 1553 non-

214 1585 375 1649 nullarum
396 1609 526 1668 precum
544 1592 794 1666 introductione,
812 1597 868 1654 aut
883 1592 923 1652 de
936 1591 1226 1653 litterariacorrec-

215 1684 300 1746 tione
319 1688 508 1749 mendarum
531 1709 601 1769 quae
621 1691 746 1752 incuria
758 1689 1022 1769 transcriptorum
1038 1688 1122 1751 forte
1136 1687 1226 1766 irrep-

216 1783 340 1846 sissent.
362 1785 463 1848 Multa
482 1787 558 1849 olim
573 1789 693 1858 usitate
712 1789 748 1848 in
765 1787 862 1849 saeris
882 1787 994 1848 ritibus
1015 1790 1141 1846 mutata
1153 1789 1226 1858 sunt,

221 1897 312 1945 norae
341 1883 479 1946 inductae
511 1887 719 1962 caeremonia,
751 1886 845 1966 plura
874 1883 1077 1964 responsoria
1108 1884 1227 1944 aliorum

221 1979 293 2040 loco
313 1981 456 2057 suffecta,
478 1988 537 2045 etc.
561 1986 680 2046 Eadem
702 1984 827 2045 ratione
846 2001 910 2062 qua
928 1987 1057 2043 sanctus
1077 1980 1228 2058 Gregorius

225 2079 380 2140 nonnulla
408 2081 653 2144 sacramentarii
679 2082 794 2144 Gelasii
821 2079 1015 2155 immutarit,
1049 2095 1231 2140 successores

228 2173 370 2253 Gregorii
380 2178 569 2256 debuerunt,
583 2181 704 2242 saeculis
718 2179 895 2260 prasertim
905 2187 976 2252 xn⁰‚
987 2187 1072 2254 xnr⁰,
1087 2187 1166 2251 x1r0,
1178 2193 1231 2236 non
1267 2155 1268 2190 ³

230 2291 335 2352 pauca
352 2276 526 2339 reformare
549 2297 620 2358 quae
639 2297 715 2340 casu
731 2278 863 2339 inducta
882 2277 1009 2338 fuerant
1028 2275 1061 2335 in
1085 2275 1232 2352 liturgiam

227 2372 416 2449 Romanam,
440 2375 530 2454 cujus
554 2376 749 2438 alterationis
769 2375 949 2438 officiorum
970 2391 1084 2434 causas
1106 2387 1231 2432 summe-

228 2467 288 2529 tim
311 2472 451 2551 assignat
474 2479 585 2534 auctor
608 2491 716 2535 recens
740 2474 796 2552 qui
810 2473 849 2534 de
870 2471 1075 2548 reliturgice
1093 2468 1231 2548 scripsit:

233 2589 248 2620 o
268 2568 306 2628 Ni
329 2570 412 2630 saint
436 2571 594 2650 Gregoire,
618 2572 651 2632 ni
673 2589 722 2632 ses
744 2587 962 2656 successeurs,
976 2567 1140 2629 n’avaient
1159 2565 1234 2642 exige

235 2685 251 2718 «
271 2681 332 2741 que
346 2664 392 2726 les
412 2667 550 2729 diverses
570 2653 689 2746 Eglises
704 2669 892 2730 d’Gccident
906 2665 1061 2727 soumises
1080 2665 1147 2726 ela
1159 2663 1233 2723 litur-

238 2785 252 2815 o
273 2760 323 2838 gie
337 2765 479 2825 romaine
492 2767 716 2828 reformassent
728 2767 813 2827 leurs
824 2767 929 2837 livres,
944 2763 1070 2842 d'apres
1083 2768 1164 2823 cette
1177 2761 1233 2820 der-

237 2879 253 2914 «
273 2859 359 2922 niere
379 2861 514 2924 revision
540 2863 590 2946 (de
617 2867 650 2927 S.
675 2864 823 2942 Gregoire
846 2861 923 2942 Vll).
950 2861 978 2941 ll·
1003 2879 1044 2920 en
1070 2861 1149 2920 etei-t
1171 2859 1235 2918 donc

238 2979 253 3012 «
273 2960 393 3022 resulta
403 2979 465 3022 une
481 2967 564 3022 sorte
578 2963 617 3024 de
631 2962 795 3028 confusion
811 2960 866 3040 qui
880 2959 985 3020 devait
999 2957 1169 3019 necessiter
1180 2953 1236 3035 plus

238 3079 254 3110 «
279 3057 352 3118 tard
374 3078 434 3120 une
458 3060 630 3121 solennelle
658 3059 843 3122 correction.
875 3059 961 3118 Gette
988 3055 1155 3116 confusion
1177 3050 1237 3113 etait

241 3177 257 3210 «
278 3173 391 3218 encore
409 3176 520 3220 acerne
542 3178 601 3240 par
618 3160 664 3220 les
683 3159 790 3243 offices
809 3157 863 3217 des
884 3155 989 3217 Saints
1007 3171 1069 3232 que
1089 3153 1154 3214 l'on
1168 3152 1238 3231 ajou-

244 3278 259 3308 «
278 3255 338 3317 tait
356 3257 394 3316 de
412 3261 514 3317 tontes
531 3263 619 3337 parts
634 3261 653 3317 a
671 3257 806 3317 l'aneien
824 3252 1024 3315 calendrier:
1044 3269 1081 3312 ce
1095 3251 1160 3330 qui,
1170 3247 1240 3326 joint

245 3375 261 3408 «
284 3372 346 3413 aux
362 3373 474 3432 usages
490 3355 583 3415 d’une
603 3353 730 3432 liturgic
746 3352 923 3414 anterieure
943 3349 999 3429 qui
1020 3349 1164 3408 s'etaicnt
1177 3361 1238 3407 con·

248 3469 262 3506 e
282 3457 397 3525 serves,
419 3454 557 3532 quoique
579 3472 618 3514 en
637 3452 716 3532 petit
737 3450 880 3524 nombre,
902 3446 1066 3524 menaoait
1081 3445 1120 3508 de
1133 3444 1197 3526 plus
1209 3457 1239 3501 en

293 3596 315 3642 l.
334 3593 372 3642 Cf.
390 3593 429 3643 les
441 3595 553 3657 Hymnee
575 3595 611 3644 du
626 3593 753 3644 breviaire
768 3591 881 3652 romain,
900 3588 1089 3650 Introduction,
1106 3590 1118 3648 ἓ
1138 3589 1173 3646 1¹2
1190 3595 1241 3648 12⁸8·

246 3679 309 3716 xxrr
322 3672 348 3719 et
360 3681 414 3732 seq.
1180 3675 1183 3680 “
