2588 4276
85 275 152 324 Aur.
176 275 223 321 111.
248 276 431 324 Acrnoolrlo
450 277 552 324 centn.
575 277 611 324 bv
632 275 757 324 snscrlo
778 276 923 328 corvem.
965 271 1017 326 235

14 393 111 454 rnntiae
127 393 276 472 regulari
291 395 371 455 male
387 396 570 456 consulatur
583 395 709 474 quando
726 395 830 456 minor
844 401 891 457 cst
905 415 1016 457 nume-

13 513 65 554 rus.
93 493 183 552 Hanc
216 493 468 568 ordinationem,
498 494 636 574 plurium
667 494 853 573 pontificum
885 496 1017 557 decretis

14 591 213 664 constitutam,
234 592 275 652 de
290 611 372 654 novo
387 593 578 672 praescripsit
592 593 791 654 Innocentius
805 595 870 665 XII,
882 594 915 653 in
928 594 1018 655 Bnlla

13 689 100 770 Nuper
121 709 173 751 an.
204 691 316 752 1697:
344 715 359 747 ιι
382 691 529 770 deinceps
559 691 803 764 monasterinm,
830 683 1014 767 conventus,

16 811 27 846 ιι
43 789 156 862 domus,
176 789 389 868 congregatio
401 789 451 850 vel
466 789 600 850 societas
615 789 846 868 religiosorum,
860 809 914 851 seu
927 809 1018 869 regu-

14 913 24 940 «
42 887 158 960 larium,
176 887 299 948 nullibi
313 887 492 967 recipiatur,
509 888 579 961 nisi,
597 893 714 968 praeter
730 887 794 948 alia
807 890 848 948 ad
862 889 894 948 id
908 890 1015 969 requi-

16 1008 26 1042 ιι
43 985 102 1061 sita,
113 985 146 1045 in
160 984 300 1064 singulis
311 985 494 1064 hujusmodi
504 986 583 1048 locis
598 986 766 1047 duodecim
777 987 889 1048 saltem
904 988 1017 1048 fratres

11 1107 22 1137 ι
41 1089 87 1142 ant
106 1085 265 1144 monachi
284 1103 338 1144 seu
363 1084 504 1162 religiosi
529 1085 654 1164 degere,
679 1090 710 1145 et
729 1103 768 1145 ex
787 1085 963 1147 redditibus
986 1091 1017 1147 et

18 1204 27 1236 ιι
44 1180 191 1242 consuetis
214 1183 436 1262 eleemosynis,
459 1183 608 1244 detractis
628 1182 775 1244 omnibus
797 1183 1014 1261 detrahendis,

16 1303 26 1332 ι
43 1285 257 1365 competenter
271 1282 441 1342 sustentari
455 1281 592 1359 valeant,
608 1281 649 1342 ad
660 1282 879 1360 prescriptum
894 1282 1017 1343 Decreti

19 1400 30 1432 ι
45 1379 174 1454 Gregorii
195 1381 254 1442 XV
275 1381 336 1441 hac
357 1379 397 1441 de
417 1399 451 1440 re
474 1379 564 1454 editi;
593 1379 734 1460 alioquin
760 1379 963 1455 monasteria,
986 1385 1017 1441 et

19 1499 29 1529 ιι
45 1475 105 1535 loca
123 1477 315 1556 hujusmodi
334 1483 406 1558 post
425 1479 493 1540 haec
508 1479 696 1558 recipienda,
716 1478 748 1540 in
764 1478 878 1558 quibus
893 1479 1014 1540 duode-

23 1597 32 1628 ι
48 1574 99 1633 cim
111 1575 267 1655 religiosi,
284 1581 437 1656 utsupra,
455 1577 625 1638 sustentari
642 1583 735 1657 atque
752 1577 932 1648 inhabitare
952 1596 1015 1638 non

24 1696 32 1723 ι
47 1677 186 1750 poterunt
202 1679 237 1734 et
253 1680 325 1737 actu
340 1695 405 1736 non
419 1676 678 1752 inhabitaverint,
696 1675 853 1736 Ordinarii
865 1675 926 1736 loci
939 1675 1015 1736 visi-

24 1793 34 1824 ιι
51 1770 160 1848 tationi,
176 1773 379 1848 correctioni,
396 1779 492 1854 atque
510 1773 699 1836 omnImodae
712 1774 925 1854 jurisdictioni
940 1775 1014 1836 sub-

23 1891 34 1922 ι
51 1868 120 1945 jecta
133 1889 204 1932 esse
219 1872 449 1951 intelligantur.
468 1896 483 1930 u

66 1969 126 2027 lae.
144 2003 184 2014 -
199 1971 240 2031 ll.
265 1973 383 2032 Praeter
405 1971 638 2051 beneplacitum
660 1973 692 2034 S.
718 1972 818 2048 Sedis,
844 1973 1015 2053 requiritur

22 2063 123 2125 inentia
145 2067 302 2147 Episcopi
322 2067 416 2147 juxta
438 2070 635 2131 sanctionem
658 2071 782 2131 concilii
808 2072 1012 2133 Tridentini:

27 2183 36 2217 ι
51 2163 79 2221 ln
89 2167 289 2228 monasteriis
300 2173 330 2228 et
340 2168 486 2229 domibus
499 2174 565 2230 tam
575 2168 715 2230 virorum
727 2188 823 2249 quam
832 2171 1012 2246 mulierum,

25 2283 34 2312 ι
51 2259 123 2324 bona
136 2263 319 2328 immobilia
335 2267 569 2346 possidentibus
583 2268 635 2328 vel
650 2287 713 2328 non
728 2268 972 2346 possidentibus,
988 2269 1014 2328 is

29 2379 38 2412 ι
53 2365 162 2422 tantum
175 2383 329 2426 numerus
345 2365 564 2439 constituatur,
582 2384 618 2426 ac
630 2366 662 2426 in
674 2372 835 2445 posterum
849 2385 1013 2427 conserve-

27 2479 36 2509 ι
52 2463 102 2532 tur,
118 2463 172 2540 qui
190 2462 244 2524 vel
260 2481 300 2524 ex
314 2463 487 2524 redditibus
507 2464 643 2543 propriis
667 2465 942 2538 monasteriorum,
965 2465 1015 2526 vel

1 2575 2 2580 ¹
28 2577 37 2606 ι
53 2574 84 2616 ex
103 2553 259 2622 consuetis
279 2563 498 2642 eleemosynis,
517 2563 681 2624 commode
701 2564 801 2642 possit
822 2563 1012 2637 sustentari;

28 2677 37 2703 ι
52 2673 100 2716 nec
117 2657 155 2718 de
175 2666 292 2720 caetero
314 2661 430 2721 similia
449 2661 519 2722 loca
541 2662 703 2738 erigantur
721 2663 787 2723 sine
807 2663 965 2742 Episcopi,
980 2663 1012 2723 in

1 2755 2 2758 ’
29 2753 131 2832 rcujus
151 2755 280 2818 dioecesi
299 2759 449 2837 erigenda
468 2764 552 2834 sunt,
572 2760 700 2821 licentia
719 2761 806 2841 prius
831 2761 971 2824 obtenta.
995 2785 1011 2817 ι)

28 2847 100 2924 (Sese.
113 2869 188 2931 xxv,
205 2875 275 2934 cap.
289 2856 353 2937 111.)

71 2951 314 3016 donditionema
333 2956 466 3018 concilio
491 2957 673 3018 Tridentino
694 2957 876 3037 impositam
898 2959 1013 3020 conflr-

28 3048 102 3108 nant
122 3053 267 3115 Urbanus
286 3055 364 3130 VIII,
386 3058 490 3117 donst.
511 3055 665 3116 Romanus
681 3055 828 3136 Pontisec
845 3076 897 3119 an.
922 3059 1011 3135 lael,

29 3159 75 3218 qua
84 3146 251 3227 interdixit,
273 3153 332 3213 sub
347 3126 443 3232 po⁸ena
463 3154 650 3233 privationis
668 3156 753 3216 vocis
774 3156 883 3216 activae
900 3161 930 3216 et
944 3175 1014 3234 pas-

29 3239 93 3318 dve,
107 3265 227 3311 necnon
242 3251 419 3312 officiorum
432 3269 468 3312 ac
481 3251 688 3313 inhabilitatis
704 3252 741 3313 ad
759 3253 815 3314 illa
826 3253 858 3313 in
871 3255 1012 3314 futurum

31 3337 183 3423 obtinenda,
193 3355 225 3410 et
236 3349 331 3410 etiam
343 3350 688 3425 excommunicationis,
702 3351 916 3431 superioribus
933 3352 1014 3412 ordi-

1 3441 2 3450 ’
31 3452 95 3514 num,
110 3443 201 3506 etiam
220 3447 477 3525 Mendicantium,
499 3449 793 3528 congregationum,
809 3449 1011 3527 societatum,

32 3531 197 3622 alarumque
212 3545 428 3607 institutorum
444 3547 554 3627 quovis
569 3548 696 3609 nomine
712 3547 923 3627 appellentur,
941 3550 1012 3628 qui-

32 3627 105 3696 busve
122 3642 289 3722 privilegiis
304 3646 423 3706 donata
440 3645 568 3720 fuerint,
589 3667 602 3704 ιι
617 3647 768 3726 recipere,
790 3646 921 3725 erigere,
938 3648 1012 3708 lun-

36 3749 46 3779 «
63 3730 132 3814 dare,
143 3760 194 3804 seu
205 3743 284 3804 alies
294 3745 532 3824 quomodolibet
542 3745 705 3807 instituere
715 3764 798 3808 nova
808 3746 1028 3816 monasteria„
