2604 4274
228 210 294 256 Aur.
317 209 338 255 1.
359 207 447 256 uulua
469 209 505 254 ΕΤ
524 208 625 256 ῈΟΗΜΔ
643 208 741 256 mvlul
761 208 881 256 burlun.
1017 201 1069 256 383

16 324 91 384 vel
116 325 240 404 scriptis
251 331 445 399 sauctorum,
461 325 622 386 orationes
636 343 643 386 :
655 325 837 405 frequenter
846 330 954 386 tamen
967 326 1000 386 in
1011 344 1070 386 an·

18 420 202 500 tiphonis,
214 423 450 502 responsalibus
458 428 489 484 et
497 423 566 484 aliis
576 422 770 500 hujusmodi,
783 427 887 484 textus
896 423 1073 505 Scriptura·

21 539 122 581 rum
141 521 336 582 adhibentur
362 527 457 600 atque
482 521 575 581 simul
598 539 669 582 cum
689 521 805 594 verbis,
833 528 869 582 ut
888 523 934 585 ita
950 522 1066 598 dicam,
1114 517 1116 522 ’

24 618 282 690 ecclesiasticis,
296 619 329 678 in
344 638 444 679 unum
461 619 715 680 commiscentur.

110 717 206 778 11.1n
235 721 366 795 septem,
392 717 444 778 vel
472 709 568 778 etiam
594 722 664 778 octo
685 723 790 796 partes
805 718 980 794 ordinetur,
999 739 1069 799 quse

29 819 145 875 sunt:
167 815 364 875 Nocturnum
384 832 455 875 cum
471 813 642 889 Laudibus,
659 821 795 894 quatuor
814 817 902 878 horae
917 817 1068 897 minores,

31 912 198 990 vesperas
208 917 241 973 et
252 911 511 990 completorium.
525 911 729 989 Singulorum
738 913 888 974 horarum
904 916 1071 977 canonica-

32 1027 122 1068 rum
144 1027 208 1070 uon
222 1009 305 1070 idem
316 1009 445 1070 omnino
459 1014 506 1069 est
519 1010 643 1086 modus,
661 1011 806 1088 quamvis
819 1011 852 1071 in
863 1013 971 1073 multis
993 1031 1068 1074 con-

33 1107 193 1168 veniant.

109 1206 139 1264 Α
149 1207 177 1264 N
179 1210 310 1265 octurno
320 1204 460 1265 exoritur
468 1223 575 1274 cursus
589 1203 686 1264 divini
701 1205 806 1266 officii.
823 1229 838 1262 «
851 1209 886 1268 ln
897 1209 1069 1283 Nocturno,

40 1327 59 1360 «
89 1303 139 1363 ait
155 1303 249 1364 Gard.
266 1303 366 1376 Bona,
384 1302 492 1362 statim
507 1307 582 1382 post
600 1303 818 1364 invitatorium
837 1303 950 1384 hymni
968 1307 1071 1367 solent
1149 1373 1151 1378 ,

45 1422 62 1458 u
89 1399 270 1462 decantari.
286 1399 398 1462 Vocati
408 1400 587 1461 enimillico
601 1401 791 1476 exultamus
809 1407 850 1476 et,
867 1403 893 1462 si
907 1421 978 1482 quae
993 1404 1068 1480 sint,

43 1521 61 1554 α
82 1497 248 1578 torpentia
255 1499 351 1558 corda
359 1498 546 1586 excitantur.
557 1499 592 1558 In
602 1498 772 1574 Laudibus,
784 1501 930 1578 vesperis
941 1507 973 1562 et
983 1503 1071 1563 Com-

48 1619 65 1654 ιι
89 1596 228 1676 pletorio
238 1583 784 1676 ponunturpsalmi,posteahymni,
794 1597 923 1658 demum
934 1598 1071 1674 cantica,

44 1719 61 1751 «
89 1700 129 1755 ut
149 1695 207 1754 fiat
225 1693 312 1773 quod
326 1694 477 1773 scripturn
491 1698 548 1768 est,
566 1692 598 1752 in
610 1693 745 1774 psalmis,
761 1694 880 1776 hymnis
900 1705 931 1757 ct
945 1699 1071 1759 conticis

47 1815 64 1848 a
92 1791 307 1872 (coins.‚1n,
330 1790 395 1873 19);
419 1790 541 1852 caeteris
561 1789 649 1851 horis
666 1792 803 1871 hymnus
823 1795 973 1872 praecedit
985 1797 1069 1875 psal·
1100 1783 1102 1788 ⁵

49 1915 66 1946 α
90 1909 175 1966 mos,
189 1888 265 1970 quia
282 1889 365 1949 curis
381 1887 573 1966 quotidianis
583 1893 775 1968 occupatum
795 1908 849 1950 cor
869 1891 910 1951 ad
927 1893 1071 1954 dulcedi-

50 2013 66 2046 «
91 2007 168 2049 nem
181 1987 278 2048 divini
293 1986 409 2046 amoris
419 1990 609 2064 personante
623 1983 772 2064 hymnica
784 1994 880 2048 centu
892 1991 1012 2051 retrahi
1018 1992 1072 2070 de-

54 2109 69 2144 u
91 2087 158 2146 bet.
181 2087 321 2164 Hymnus
338 2088 458 2144 stantes
481 2081 625 2158 dicimus,
649 2087 684 2144 ut
702 2085 735 2143 iu
755 2087 897 2165 corporis
913 2089 1070 2150 erectione

54 2182 316 2244 «rectitudinem
345 2180 459 2241 mentis
499 2181 714 2241 ostendemus.
753 2205 769 2237 »
803 2181 859 2263 (De
881 2181 1068 2262 Psalmodiu,

51 2301 125 2360 cap.
150 2280 227 2360 ιιι.)
248 2279 372 2340 Laudes
402 2279 598 2338 Nocturnum
620 2277 794 2356 excipiunt,
818 2299 919 2360 eoque
942 2284 1070 2346 nomine

50 2380 281 2457 nuncupantur
294 2375 370 2455 quia
382 2375 453 2436 haee
466 2393 539 2456 pars
551 2375 705 2436 horarum
717 2380 786 2437 tota
799 2377 864 2439 fere
883 2379 1025 2442 consistit
1038 2383 1070 2442 in

52 2475 265 2556 persolvendo
278 2473 388 2534 laudes
404 2474 480 2534 Deo,
1031 2537 1032 2540 Ἴ

115 2576 192 2634 Post
205 2573 338 2647 Laudes,
356 2590 412 2632 suo
429 2570 500 2632 loeo
517 2569 649 2632 veniunt
666 2576 803 2651 quatuor
816 2573 904 2636 horoe
920 2577 1069 2652 minores,

53 2672 174 2745 Prima,
191 2670 308 2746 Tertia,
325 2669 422 2730 Sexta
434 2674 466 2728 et
479 2669 581 2744 Nona,
598 2687 680 2748 quae,
698 2669 779 2731 sicut
795 2671 867 2733 aliae
882 2679 988 2752 partes
1004 2677 1071 2738 offi-

54 2770 106 2846 cii,
118 2766 257 2849 hymnis,
267 2766 396 2846 psalmis
404 2770 435 2826 et
444 2765 586 2828 oratione
596 2767 779 2828 consistunt.
790 2770 923 2832 Psalmis
934 2773 1072 2836 recitatis

55 2887 128 2930 cum
140 2885 202 2928 sua
213 2865 400 2944 antiphona,
418 2863 473 2952 qui
494 2870 609 2942 praeest
628 2865 704 2943 legit
726 2867 900 2945 capitulum
921 2889 960 2931 ex
975 2873 1072 2934 sacris

54 2965 238 3046 Scripturis,
246 2969 277 3024 st
288 2963 383 3024 horus
391 2961 549 3023 consuetis
560 2963 707 3042 precibus
721 2964 868 3028 absolvit.
887 2969 979 3030 Horis
993 2989 1069 3050 qua·

56 3060 313 3126 tuorminoribus
324 3060 661 3138 succeduntVesperae,
669 3079 741 3140 qua
754 3061 860 3124 locum
869 3064 1071 3145 aliquatenus

56 3161 207 3243 supplent
216 3157 362 3222 sacrificii
375 3157 556 3237 vespertini,
572 3158 660 3236 quod
673 3159 776 3220 Judaei
790 3161 866 3223 olim
882 3164 1068 3227 offerebant.

58 3365 134 3416 som.
143 3359 250 3414 coculis
260 3368 299 3422 νῦ,
308 3367 348 3410 vu
358 3361 450 3410 ccmo.
461 3383 491 3394 -
501 3356 578 3410 card.
588 3357 670 3420 Boua,
683 3358 774 3408 aarum
786 3358 966 3427 tiruryicurum
976 3365 1022 3416 lib.
1032 3367 1069 3429 11;

59 3431 126 3490 stae
138 3451 213 3500 ruera
224 3433 385 3485 ,Psalmodia
403 3461 433 3470 -
447 3433 577 3496 haerede,
585 3433 792 3486 Exercitationes
803 3437 928 3502 literrpicoe
941 3439 973 3490 de
983 3441 1071 3492 diuae

57 3513 155 3580 officio,
166 3513 246 3562 ιιι-ιο.
257 3536 287 3546 —-
296 3509 365 3559 Dom
380 3507 712 3573 Gutrenger,1nstituticns
727 3509 890 3576 limrpiques,
901 3517 917 3564 3
927 3515 980 3566 vol.
993 3516 1070 3568 iu=8⁰.

60 3613 88 3628 -
103 3589 212 3654 Deferue
224 3587 269 3636 des
278 3583 451 3637 Institutione.
468 3608 498 3622 —-
514 3585 565 3634 Les
578 3583 691 3650 Hymnus
706 3587 743 3637 du
755 3586 882 3640 breviaire
897 3592 1008 3656 romain,
1023 3603 1072 3657 par

60 3669 93 3720 Μ.
105 3667 220 3717 Pimout.
