2582 4278
302 238 370 284 aar.
392 237 433 286 iv,
457 221 632 284 rntvtun‘eu
649 225 849 282 cremamur.
1050 220 1084 280 tt

83 424 86 429 ,
131 351 206 413 Haec
217 351 312 412 tertia
322 351 428 430 opinio
439 357 591 432 patrones
601 350 714 411 habuit
723 351 832 429 plures
844 349 990 410 docteres
1001 354 1085 410 rete·

74 449 113 508 ris
138 449 259 510 subulae
283 450 465 510 Purisiensis
485 454 524 511 et
552 448 720 510 nonnullos
749 447 883 508 aliarum
909 445 1051 525 gentium
1077 465 1085 507 z

74 547 202 625 accepta
216 551 265 608 ost
280 547 455 627 musenim
472 542 547 608 vir-is
563 547 699 626 politicis
715 557 853 628 quorum
867 543 986 624 piacita
999 549 1086 605 retu-

77 643 168 703 limus
186 643 221 702 in
240 644 344 724 prima
367 649 457 723 parta
476 643 719 715 walsuintam,
738 654 772 704 n⁰
787 644 838 716 er,
857 655 931 721 pag.
952 635 1002 704 99.
1024 641 1087 704 Sati

71 737 245 820 opponitur
253 737 406 804 doctina
415 742 679 804 communissima
689 739 912 820 theologorum
923 744 954 800 et
964 739 1088 801 admitti

73 855 135 931 oon
148 844 268 917 potest,
285 840 345 901 nisi
362 853 434 902 uani
448 839 699 901 restrictionibus
712 837 895 899 necessariis
909 837 1024 917 quibus
1037 837 1085 896 in-

74 941 157 1014 tegra
176 943 310 999 maneat
324 939 494 1014 auctoritas
510 938 666 1000 Ecclesiae.
689 937 762 996 Pius
780 938 820 997 IX
835 936 991 996 recensuit
1007 935 1088 996 inter

72 1032 419 1098 enumeraremus
434 1037 527 1116 vigil,
541 1015 755 1116 cu'juslibrum
766 1033 949 1114 proscripsit
962 1029 1087 1095 Litteris
1108 1032 1110 1038 '

73 1133 272 1211 apostolicis,
281 1149 332 1194 an.
342 1132 524 1213 mibanati
532 1133 699 1196 asseruerit
706 1131 1087 1213 Ecclesiastpersoaoram

74 1229 338 1293 acclamatorum
350 1233 568 1294 immunitatem
584 1232 640 1293 Dei
656 1231 854 1293 ordinatione
877 1236 909 1290 et
928 1229 1087 1291 canonicis

77 1328 294 1390 sanctionibus
304 1331 517 1405 constitutam,
529 1344 548 1392 u
555 1331 631 1410 jure
640 1326 984 1390 ccbllc‘ortumltobsu'tte.
1000 1328 1088 1388 Ideni

77 1425 219 1486 Pontifex
247 1427 469 1489 condemnavit
488 1428 521 1488 in
545 1427 796 1488 Alioeutionibus
820 1424 1088 1487 consistorialibus

75 1529 227 1584 menum
252 1531 283 1586 et
303 1526 580 1604 prasimrimmm
595 1523 797 1605 politicorum
812 1525 867 1603 qui
886 1515 1088 1602 praetendunt

79 1621 324 1683 ecclesiasticum
338 1625 440 1685 iorum
457 1637 516 1703 pre
530 1622 758 1703 temporalibus
772 1620 959 1683 clericerum
975 1621 1086 1694 causis,

79 1717 134 1780 sive
148 1718 308 1796 uvillbus,
326 1721 390 1783 slve
403 1721 618 1796 criminalibus
632 1720 672 1781 de
693 1720 797 1781 medio
817 1719 993 1781 tollendum
1007 1729 1085 1792 esse,
1139 1751 1146 1764 ι

77 1816 361 1880 ctiamincunsults
377 1825 409 1880 et
431 1813 623 1880 reclamante
636 1819 818 1899 Apostolica
837 1819 927 1878 Sede.
945 1815 1087 1879 (litantur
1150 1834 1152 1838 ’

79 1913 287 1977 tllceutiones
307 1917 340 1978 in
363 1916 489 1998 syllaba,
513 1918 571 1978 sub
597 1914 787 1978 Pontificatu
809 1915 857 1976 Pii
878 1917 917 1976 lX
944 1911 1085 1990 exarata,

74 2010 181 2074 postne
196 2015 303 2076 aetatis
313 2028 469 2089 errorum,
485 2015 523 2075 „a
542 2017 593 2094 30,
609 2012 660 2090 3l,
678 2017 727 2076 32.

121 2121 193 2181 363.
212 2151 254 2166 -—
270 2121 326 2182 His
341 2119 492 2203 expositis
508 2123 584 2204 quid
599 2121 768 2184 dicendum
783 2122 821 2182 de
834 2119 956 2199 origine
972 2119 1003 2180 et
1015 2121 1085 2180 iun*

74 2216 218 2279 dumento
232 2219 481 2300 immunitatum,
497 2217 606 2300 paucis
621 2219 856 2282 concludemus.

122 2321 167 2384 1⁰¹²
184 2323 297 2392 Gierici
311 2343 375 2387 non
390 2331 465 2388 sunt
476 2322 616 2408 exempti
630 2327 670 2388 ab
685 2323 878 2403 obligatione
888 2324 995 2401 legum
1009 2320 1084 2384 cirl-

74 2420 144 2482 lium
159 2439 232 2502 quae
248 2442 311 2484 non
326 2431 504 2505 repugnant
520 2427 617 2486 sacris
631 2423 819 2498 canonibus,
834 2423 885 2483 vel
900 2421 1005 2482 crucio
1021 2417 1084 2482 cle-

77 2516 167 2580 ricali.
194 2518 330 2594 Etenna,
363 2521 408 2583 ait
437 2521 657 2596 Bellarminus‚
684 2545 699 2578 o
730 2517 846 2595 clerici,
871 2515 1085 2598 praeterquam

72 2635 88 2668 a
102 2617 185 2694 quod
198 2624 274 2679 sunt
286 2615 401 2693 clerici,
413 2625 486 2680 sunt
498 2620 594 2681 etiam
606 2619 688 2680 cives
698 2624 729 2680 et
741 2622 847 2698 partes
859 2615 1006 2696 quaedem
1016 2613 1078 2676 rei·

79 2733 91 2770 o
105 2715 240 2792 publicae
261 2716 371 2777 civilis
394 2717 495 2796 Igitur
513 2723 550 2778 ut
572 2707 652 2779 tale's
673 2716 919 2800 debentuvivere
943 2711 1087 2774 civilibus

84 2811 269 2891 «legibus...
288 2829 405 2893 magna
432 2816 630 2895 perturbatio
659 2819 690 2876 et
718 2813 858 2876 confusio
887 2814 920 2872 in
948 2807 1088 2873 llcclcsia

82 2931 95 2964 o
109 2910 254 2986 oriretur,
262 2912 288 2972 si
296 2910 472 2976 clericinon
482 2918 646 2975 servarent
655 2914 740 2991 leges
755 2911 788 2973 in
804 2911 1000 2973 commerciis
1015 2907 1088 2971 cirl-

79 3027 92 3063 o
101 3007 218 3070 libuset
224 3010 400 3072 humanis»
412 3013 479 3074 Huc
488 3013 814 3090 veniuntargumenta
823 3008 922 3071 tertiae
929 3007 1086 3088 opinionis

78 3120 112 3164 cx
122 3105 347 3186 interpretibus
362 3109 588 3190 scripturarum
603 3115 634 3171 et
649 3127 687 3171 ex
697 3109 769 3188 jure
785 3107 923 3170 naturali
938 3104 1082 3166 deducta.

82 3205 283 3284 ainabaura,
303 3208 348 3268 ait
364 3209 550 3284 Veechiotti,
569 3227 633 3269 non
654 3211 758 3287 potest
775 3205 912 3285 amplius
929 3197 1087 3264 dubitatio

80 3321 89 3354 ι
104 3303 221 3364 moveri
233 3305 256 3365 ¹.
265 3327 281 3361 o

118 3466 140 3514 1.
150 3466 336 3531 Bellarminus‚
353 3469 384 3520 de
394 3469 502 3534 clerica,
516 3470 563 3520 lib.
579 3471 600 3532 1,
618 3477 665 3534 cap
678 3483 766 3528 xxviii,
778 3475 810 3518 n⁰
823 3467 862 3518 it.
879 3491 910 3502 -
925 3464 1084 3525 traebiam,

16 3555 17 3560 ¹
79 3538 134 3590 last.
147 3541 209 3592 Gora.
224 3543 271 3595 lib.
287 3545 319 3604 11,
339 3549 351 3606 t
366 3547 390 3594 3.
406 3545 464 3598 vid.
480 3547 590 3610 insuper
609 3545 656 3596 lib.
675 3546 722 3607 Ill,
742 3547 755 3604 t
772 3544 811 3594 u.
830 3567 860 3578 -
873 3541 1029 3593 Notandum
1042 3544 1083 3590 ta-

79 3625 133 3665 men
148 3617 337 3672 bellarminum
353 3621 429 3687 loqui
449 3619 662 3687 de'obligatione
683 3619 819 3681 directius,
836 3629 892 3670 non
907 3618 1035 3679 coactiva,
1047 3616 1082 3666 ob

38 3733 42 3739 .
80 3689 238 3759 privilegium
251 3692 311 3748 ieri.
690 3713 694 3716 ·
