2632 4260
170 671 1023 826 PRAELECTIONES

419 995 547 1086 touls
576 997 781 1087 CANONICI

400 1620 529 1696 PARS
566 1621 801 1698 SECUNDA

443 2160 504 2231 DE
529 2151 751 2232 Pnnsonrs

151 2415 231 2477 Gum
243 2413 484 2476 tractaverimus
498 2414 531 2476 in
546 2414 650 2496 primu
667 2418 759 2495 purte
775 2411 1008 2476 Praelectiouum
1022 2425 1109 2474 runo

89 2512 229 2574 cecorum
243 2512 283 2574 de
300 2517 384 2574 statu
402 2517 499 2592 atque
518 2511 673 2592 regimine
692 2512 853 2587 Ecclesiae,
873 2510 956 2573 unde
976 2510 1105 2592 potissi·
1158 2551 1163 2560 -

91 2629 180 2672 mum
200 2609 344 2673 educitur
359 2610 448 2672 notio
459 2610 545 2692 juris
555 2608 906 2692 publioi'eoclesisstici‚
922 2609 1000 2672 ordo
1013 2613 1108 2671 nutu·
1156 2639 1158 2643 v

90 2709 166 2770 ralis
181 2708 391 2788 quaestionum
406 2708 549 2789 exposcit
562 2714 598 2770 ut
613 2708 873 2790 explanationem
890 2706 972 2788 juris
993 2705 1109 2792 privati

92 2807 325 2884 aggrediamur,
345 2806 430 2870 circu
440 2826 595 2889 personas,
615 2826 673 2882 rec,
695 2813 727 2869 ct
737 2806 868 2887 judicio,
892 2804 1108 2886 incipiendus

91 2905 235 2978 personis
249 2923 320 2982 quae
335 2924 451 2986 corpus
465 2906 614 2968 Ecclesiae
627 2906 835 2968 constituunt.

152 3000 284 3062 Summa
297 3003 409 3065 divisio
420 3022 631 3085 personarum
641 3010 708 3066 est:
726 3005 759 3064 1⁰
773 3003 918 3065 laicorum
934 3000 999 3082 qui,
1016 3000 1105 3062 nullo

92 3096 264 3161 ministerio
283 3101 412 3180 publico
435 3103 555 3166 ordinis
577 3101 750 3183 spiritualis
770 3101 899 3179 addicti,
923 3105 996 3163 sunt
1017 3099 1107 3180 plebs

92 3195 256 3272 Ecclesiae;
271 3200 304 3259 2⁰
319 3197 508 3276 clericorum,
525 3201 581 3281 qui
599 3199 699 3263 cultui
718 3198 824 3261 divino
844 3204 876 3261 et
895 3216 986 3262 sucro
1006 3196 1110 3260 officio

93 3293 276 3375 mancipati,
300 3297 482 3361 ministeriis
505 3299 668 3380 religionis
688 3298 892 3374 incumbunt3
916 3299 949 3358 3⁰
975 3295 1109 3378 Requie-

92 3401 183 3468 scere,
199 3411 255 3454 seu
271 3396 503 3459 monachorum
524 3404 557 3460 et
577 3395 777 3472 monialium,
791 3396 846 3476 qui
861 3395 919 3457 sub
935 3393 1053 3477 regulis
1068 3383 1109 3454 sb

93 3485 231 3552 Ecclesia
244 3493 396 3573 probetis,
415 3495 575 3577 peculiare
589 3493 661 3558 ritae
673 3514 772 3576 genus
786 3495 988 3575 profitentur,
1003 3498 1036 3554 et
1047 3510 1112 3554 sec·

93 3589 200 3646 tantur·
214 3588 420 3664 christianam
435 3595 662 3675 perlectionem
681 3593 885 3654 consiliorum
909 3591 1110 3666 cvungclico-

93 3703 161 3744 rum
174 3703 277 3764 prsxr.

197 3831 270 3863 Pul.-
296 3833 346 3864 tun.
363 3836 416 3868 CAN·
429 3839 453 3870 ll·
956 3810 964 3860 1
