2642 4270
226 224 278 279 566
493 229 571 278 PARS
589 229 633 276 ιιι.
656 229 712 278 RES
731 189 977 280 recusationem.

224 352 298 410 sunt
312 329 449 408 alienare
469 345 640 407 donatione
658 339 808 424 gratuita,
823 346 899 426 quia
917 355 983 410 n'on
997 344 1119 408 habent
1133 347 1229 410 domi-

225 445 325 521 nium,
358 444 414 507 sed
435 462 563 524 ‚meram
587 443 854 522 dispensationem
884 445 1043 506 honorum
1076 445 1232 510 Ecclesia.

224 566 244 602 c
264 543 437 624 Episcopus
447 547 477 604 et
488 542 620 622 quilibet
629 541 784 606 Prae'latus
796 541 1037 617 ecclesiasticus,
1053 543 1235 606 aitdlcxan·

126 631 127 634 '
225 665 242 700 ι
265 643 322 704 der
339 643 391 716 111,
410 661 482 702 curn
506 641 546 702 sit
560 657 668 702 rerum
688 639 973 702 ecclesiasticarum
999 647 1190 719 procurator
1209 647 1236 702 et

226 764 243 799 ι
264 761 329 804 non
343 741 501 815 dominus,
519 739 733 800 conditionem
754 739 902 800 Ecclesia
926 739 1096 802 meliorare
1122 745 1235 819 potest,

226 862 243 897 «
263 840 366 901 lacere
380 857 455 900 vero
468 837 657 898 deteriorem
671 855 737 898 non
749 836 873 898 debet.»
884 837 973 918 (Cap.
984 837 1233 913 Fraterm'totem,

222 939 253 1012 2,
270 955 309 998 nn
320 938 561 1008 Dousrmmsus,
576 935 631 997 tib.
645 936 686 996 ιιι
700 935 838 1014 Deerat.)
927 967 928 970 ι

282 1034 490 1113 dicipiuntdr
506 1033 691 1094 donationes
712 1033 971 1096 remuneratoria
990 1033 1024 1092 in
1048 1033 1234 1096 solutionem

223 1131 322 1193 debiti
344 1131 555 1211 gratitudinis,
586 1135 617 1192 et
641 1131 848 1210 eleemosynas
873 1136 1011 1210 erogata
1039 1131 1231 1211 pauperibus

223 1247 294 1310 quae
310 1230 509 1291 continentur
520 1229 605 1289 intra
617 1227 695 1288 fines
710 1247 805 1290 meroe
819 1228 1118 1291 administrationis.

281 1329 320 1389 11.
329 1327 613 1406 Alienarepossu'nt
623 1327 836 1388 contractibus
851 1327 1004 1398 onerosis,
1017 1326 1152 1388 servatis
1166 1344 1236 1388 con·
1302 1363 1303 1372 ι

221 1425 392 1488 ditionibus
409 1425 480 1504 jura
495 1424 662 1504 requisitis.
680 1426 735 1486 Hm
761 1429 870 1486 autem
890 1424 1091 1486 conditiones
1115 1429 1185 1486 sunt
1197 1429 1234 1488 ut
1302 1481 1303 1492 ,

175 1559 190 1598 3
221 1523 373 1585 alienatio
383 1522 439 1583 fiat
451 1523 493 1582 ob
502 1521 622 1600 justam
635 1540 775 1597 oausam,
790 1521 867 1582 etde
880 1539 1035 1583 consensu
1050 1521 1233 1600 superioris,
1302 1503 1303 1578 l

219 1621 392 1684 scilicetS.
421 1620 595 1696 Pontifieis,
620 1620 672 1680 vel
691 1619 850 1700 Episcopi,
872 1621 927 1682 vel
950 1620 1080 1680 demum
1104 1619 1231 1735 Praelati
1302 1615 1303 1654 l

219 1718 384 1798 regularis,
398 1736 456 1799 pro
473 1717 731 1780 diversaratione
746 1719 949 1780 bonorum!
1026 1727 1029 1734 ’
1176 1748 1181 1758 »
1302 1749 1303 1794 j

280 1816 313 1876 ιο
319 1815 923 1890 lostacnusaalienandiestnecessitas,
930 1815 1235 1894 autsultemmagns

217 1914 347 1988 utilitas,
363 1933 434 1994 quae
445 1914 551 1975 locum
565 1914 663 1976 habet
677 1932 704 1974 ss
694 1913 864 1988 Ecclesia,
882 1911 972 1991 cujus
982 1912 1064 1992 juris
1079 1918 1157 1974 sunt
1166 1913 1234 1976 hae

218 2011 312 2086 hona,
328 2012 441 2072 debitis
456 2016 613 2086 oneratum
628 2011 728 2072 sinon
744 2011 845 2090 possit
856 2011 978 2091 absque
991 2011 1087 2090 ¹gravi
1101 2011 1227 2076 incom-

219 2109 314 2170 modo
328 2109 375 2170 rei
386 2119 634 2191 ouramgererm
651 2108 678 2170 si
693 2113 827 2187 urgeant
841 2107 977 2170 miserim
992 2125 1071 2188 quas
1091 2108 1231 2170 charitas

218 2206 381 2268 sublevare
399 2206 558 2281 sollicitat,
573 2207 670 2268 etiam
688 2206 876 2268 detrimento
893 2207 1051 2268 bonorum
1070 2205 1245 2268 Ecclesia.-

221 2303 1003 2390 2⁰Requiritqrbeneplacitum'apostolicum,si
1013 2303 1188 2366 alienanda
1196 2303 1234 2364 sit

216 2421 266 2464 res
278 2402 406 2482 majoris
421 2402 584 2465 momenti.
601 2403 774 2484 Episcopus
782 2401 963 2482 juramento
978 2401 1139 2480 promisit,
1151 2401 1233 2463 intra

212 2501 295 2562 ritus
306 2519 371 2577 spus
391 2500 646 2576 comessationis,
656 2519 690 2562 se
704 2518 763 2562 nac
776 2498 1228 2576 daturum,naovenditurum',

215 2614 274 2660 neo
295 2601 578 2679 oppigneraturum
607 2615 679 2678 quae
697 2597 754 2677 adi
767 2615 858 2660 suam
884 2615 1028 2658 mensam
1057 2595 1230 2676 pertinent,
1302 2671 1303 2678 ,

214 2693 433 2762 inconsultos·
445 2697 609 2760 Pontifice
622 2697 703 2760 Sunt
712 2695 782 2758 alrae
790 2695 876 2776 leges
892 2694 1065 2770 canonica,
1082 2712 1160 2774 qua
1166 2707 1228 2760 non

215 2793 318 2893 ιοιιιιιι
331 2796 418 2858 bons
431 2799 547 2864 mensa
563 2792 762 2874 episcopalis,
776 2792 875 2854 sedt
844 2811 861 2853 e
862 2796 1003 2854 tcu'ncta
1016 2791 1081 2854 alia
1091 2792 1231 2872 pretiosa

211 2873 479 2972 complectuntur.
503 2896 578 2954 Haeo
592 2911 657 2972 prae
677 2891 797 2954 crateris
816 2890 925 2952 statuit
942 2890 1062 2952 Paulus
1081 2889 1121 2966 ll,
1147 2892 1230 2952 Gon·

213 2989 376 3066 stitutione
389 2990 563 3052 Ambitiosa
579 2987 1227 3053 an.1468:«0mniumrerumetbono·
1302 3003 1303 3006 ’

217 3111 234 3144 «
254 3107 325 3150 rum
344 3088 626 3150 ecclesiastieorum
645 3087 880 3160 alienationem,
902 3104 996 3148 omne
1019 3090 1154 3165 pactum
1171 3103 1229 3166 par
1302 3113 1303 3170 j

216 3183 381 3286 «jquod
371 3205 513 3268 ipsorum
545 3187 721 3249 dominium
750 3186 899 3247 transfert
885 3189 948 3259 tur,
957 3183 1227 3256 concessionem,
1302 3171 1303 3214 ι

216 3307 233 3342 ι
222 3265 478 3364 hypothecam,
502 3285 695 3364 locationem
718 3289 750 3346 et
768 3271 1011 3346 conductionem
1027 3281 1113 3342 ultra
1131 3281 1226 3344 trien·

216 3403 234 3440 ι
254 3382 353 3461 nium,
368 3384 493 3445 necnon
512 3383 665 3445 infeudet
642 3387 774 3460 tronam,
791 3378 1034 3462 praeterquam
1024 3378 1200 3440 inconibus
1215 3396 1234 3439 a

214 3502 230 3536 ι(
250 3480 321 3560 J'ure
335 3481 506 3565 permissis,
517 3499 553 3542 ac
566 3499 638 3542 cum
650 3479 861 3541 Ecclesiarum
871 3477 1015 3540 evidente
1025 3475 1178 3553 utilitate,
1189 3491 1227 3534 ac
1302 3549 1303 3572 ι

216 3600 232 3634 «
253 3577 292 3639 de
307 3565 461 3640 fructibus
473 3584 504 3641 et
518 3579 689 3660 bonisquae
705 3576 859 3640 servando
875 3575 994 3638 servari
1009 3592 1074 3635 non
1082 3576 1226 3654 possunt,
1302 3575 1303 3630 l

216 3697 232 3731 00
253 3673 314 3750 hac.
325 3683 484 3760 perpetuo,
495 3677 631 3756 solitura
645 3676 867 3770 constitutione
879 3671 1029 3756 praesenti
1044 3668 1231 3753 fieriprohi·
