<?xml version="1.0" encoding="UTF-8"?>
<!DOCTYPE html PUBLIC "-//W3C//DTD XHTML 1.0 Transitional//EN"
    "http://www.w3.org/TR/xhtml1/DTD/xhtml1-transitional.dtd">
<html xmlns="http://www.w3.org/1999/xhtml" xml:lang="en" lang="en">
 <head>
  <title>
</title>
<meta http-equiv="Content-Type" content="text/html;charset=utf-8" />
  <meta name='ocr-system' content='tesseract 3.04.00' />
  <meta name='ocr-capabilities' content='ocr_page ocr_carea ocr_par ocr_line ocrx_word'/>
</head>
<body>
  <div class='ocr_page' id='page_1' title='image "./praelectionesju00murrgoog_0482.png"; bbox 0 0 2642 4268; ppageno 0'>
   <div class='ocr_carea' id='block_1_1' title="bbox 279 261 1098 345">
    <p class='ocr_par' dir='ltr' id='par_1_1' title="bbox 279 261 1098 345">
     <span class='ocr_line' id='line_1_1' title="bbox 279 261 1098 345; baseline 0 -3"><span class='ocrx_word' id='word_1_1' title='bbox 279 261 415 344; x_wconf 53' lang='lat' dir='ltr'>anrssru.</span> <span class='ocrx_word' id='word_1_2' title='bbox 437 293 585 344; x_wconf 80' lang='lat' dir='ltr'>ocmmuu</span> <span class='ocrx_word' id='word_1_3' title='bbox 606 293 769 344; x_wconf 81' lang='lat' dir='ltr'>sleuanuu</span> <span class='ocrx_word' id='word_1_4' title='bbox 789 297 903 345; x_wconf 82' lang='lat' dir='ltr'>norun.</span> <span class='ocrx_word' id='word_1_5' title='bbox 1043 273 1098 343; x_wconf 71' lang='lat' dir='ltr'>tre</span> 
     </span>
    </p>
   </div>
   <div class='ocr_carea' id='block_1_2' title="bbox 63 401 1097 2662">
    <p class='ocr_par' dir='ltr' id='par_1_2' title="bbox 63 401 1097 1380">
     <span class='ocr_line' id='line_1_2' title="bbox 65 401 1095 496; baseline 0.004 -24"><span class='ocrx_word' id='word_1_6' title='bbox 65 412 118 472; x_wconf 87' lang='lat' dir='ltr'>ad</span> <span class='ocrx_word' id='word_1_7' title='bbox 134 411 292 475; x_wconf 80' lang='lat' dir='ltr'>Ecclesiae</span> <span class='ocrx_word' id='word_1_8' title='bbox 309 432 373 476; x_wconf 91' lang='lat' dir='ltr'>non</span> <span class='ocrx_word' id='word_1_9' title='bbox 395 401 549 476; x_wconf 82' lang='lat' dir='ltr'>alienatas</span> <span class='ocrx_word' id='word_1_10' title='bbox 569 413 740 491; x_wconf 64' lang='lat' dir='ltr'>reseratum</span> <span class='ocrx_word' id='word_1_11' title='bbox 757 417 789 476; x_wconf 72' lang='lat'>2⁰</span> <span class='ocrx_word' id='word_1_12' title='bbox 804 412 894 492; x_wconf 80' lang='lat' dir='ltr'><strong>nihil,</strong></span> <span class='ocrx_word' id='word_1_13' title='bbox 912 421 968 476; x_wconf 87' lang='lat' dir='ltr'>eut</span> <span class='ocrx_word' id='word_1_14' title='bbox 981 433 1095 496; x_wconf 87' lang='lat' dir='ltr'>parum</span> 
     </span>
     <span class='ocr_line' id='line_1_3' title="bbox 64 511 1095 596; baseline 0.006 -26"><span class='ocrx_word' id='word_1_15' title='bbox 64 511 196 573; x_wconf 86' lang='lat' dir='ltr'>referre</span> <span class='ocrx_word' id='word_1_16' title='bbox 220 511 260 574; x_wconf 90' lang='lat' dir='ltr'>ad</span> <span class='ocrx_word' id='word_1_17' title='bbox 276 513 483 592; x_wconf 75' lang='lat' dir='ltr'>quastionem</span> <span class='ocrx_word' id='word_1_18' title='bbox 499 514 586 596; x_wconf 91' lang='lat' dir='ltr'>quod</span> <span class='ocrx_word' id='word_1_19' title='bbox 601 511 790 593; x_wconf 77' lang='lat' dir='ltr'>guberniuln</span> <span class='ocrx_word' id='word_1_20' title='bbox 802 533 866 575; x_wconf 92' lang='lat' dir='ltr'>non</span> <span class='ocrx_word' id='word_1_21' title='bbox 885 513 991 576; x_wconf 88' lang='lat' dir='ltr'>omnia</span> <span class='ocrx_word' id='word_1_22' title='bbox 1005 515 1095 576; x_wconf 88' lang='lat' dir='ltr'>resti-</span> 
     </span>
     <span class='ocr_line' id='line_1_4' title="bbox 63 607 1095 693; baseline 0.005 -24"><span class='ocrx_word' id='word_1_23' title='bbox 63 607 177 670; x_wconf 81' lang='lat' dir='ltr'>tuerit</span> <span class='ocrx_word' id='word_1_24' title='bbox 191 627 260 690; x_wconf 83' lang='lat' dir='ltr'>quae</span> <span class='ocrx_word' id='word_1_25' title='bbox 270 611 506 692; x_wconf 88' lang='lat' dir='ltr'>tunctempcris</span> <span class='ocrx_word' id='word_1_26' title='bbox 520 613 707 692; x_wconf 87' lang='lat' dir='ltr'>occupabat,</span> <span class='ocrx_word' id='word_1_27' title='bbox 728 611 883 692; x_wconf 82' lang='lat' dir='ltr'>siquidem</span> <span class='ocrx_word' id='word_1_28' title='bbox 895 613 1095 693; x_wconf 84' lang='lat' dir='ltr'>potissimum</span> 
     </span>
     <span class='ocr_line' id='line_1_5' title="bbox 71 707 1095 786; baseline 0.004 -18"><span class='ocrx_word' id='word_1_29' title='bbox 71 707 205 786; x_wconf 78' lang='lat' dir='ltr'>agimus</span> <span class='ocrx_word' id='word_1_30' title='bbox 219 709 258 770; x_wconf 94' lang='lat' dir='ltr'>de</span> <span class='ocrx_word' id='word_1_31' title='bbox 271 710 368 771; x_wconf 90' lang='lat' dir='ltr'>sacris</span> <span class='ocrx_word' id='word_1_32' title='bbox 382 709 503 772; x_wconf 86' lang='lat' dir='ltr'>aedibus</span> <span class='ocrx_word' id='word_1_33' title='bbox 519 709 618 772; x_wconf 88' lang='lat' dir='ltr'>cultui</span> <span class='ocrx_word' id='word_1_34' title='bbox 633 709 739 772; x_wconf 86' lang='lat' dir='ltr'>divino</span> <span class='ocrx_word' id='word_1_35' title='bbox 750 709 913 772; x_wconf 88' lang='lat' dir='ltr'>restitutis.</span> <span class='ocrx_word' id='word_1_36' title='bbox 927 711 1095 774; x_wconf 79' lang='lat' dir='ltr'>Silentium</span> 
     </span>
     <span class='ocr_line' id='line_1_6' title="bbox 70 807 1093 890; baseline 0.002 -22"><span class='ocrx_word' id='word_1_37' title='bbox 70 807 132 870; x_wconf 88' lang='lat' dir='ltr'>SS.</span> <span class='ocrx_word' id='word_1_38' title='bbox 155 807 348 876; x_wconf 86' lang='lat' dir='ltr'>Pontificum</span> <span class='ocrx_word' id='word_1_39' title='bbox 371 808 506 869; x_wconf 82' lang='lat' dir='ltr'>adscribi</span> <span class='ocrx_word' id='word_1_40' title='bbox 526 807 826 890; x_wconf 81' lang='lat' dir='ltr'>debct&#39;prudentiae,</span> <span class='ocrx_word' id='word_1_41' title='bbox 850 827 914 871; x_wconf 93' lang='lat' dir='ltr'>non</span> <span class='ocrx_word' id='word_1_42' title='bbox 937 811 1093 882; x_wconf 85' lang='lat' dir='ltr'>assensui;</span> 
     </span>
     <span class='ocr_line' id='line_1_7' title="bbox 70 905 1097 988; baseline 0.005 -23"><span class='ocrx_word' id='word_1_43' title='bbox 70 910 133 966; x_wconf 88' lang='lat' dir='ltr'>aut</span> <span class='ocrx_word' id='word_1_44' title='bbox 148 905 174 966; x_wconf 93' lang='lat' dir='ltr'>si</span> <span class='ocrx_word' id='word_1_45' title='bbox 189 907 305 968; x_wconf 87' lang='lat' dir='ltr'>Sancta</span> <span class='ocrx_word' id='word_1_46' title='bbox 319 907 416 969; x_wconf 88' lang='lat' dir='ltr'>Sedes</span> <span class='ocrx_word' id='word_1_47' title='bbox 427 907 559 969; x_wconf 86' lang='lat' dir='ltr'>tacitum</span> <span class='ocrx_word' id='word_1_48' title='bbox 574 911 737 968; x_wconf 80' lang='lat' dir='ltr'><strong>assensum</strong></span> <span class='ocrx_word' id='word_1_49' title='bbox 748 906 931 988; x_wconf 76' lang='lat' dir='ltr'>praestiterit</span> <span class='ocrx_word' id='word_1_50' title='bbox 944 913 1097 988; x_wconf 82' lang='lat' dir='ltr'>ut&#39;pctes-</span> 
     </span>
     <span class='ocr_line' id='line_1_8' title="bbox 73 1003 1094 1087; baseline 0.005 -24"><span class='ocrx_word' id='word_1_51' title='bbox 73 1009 126 1064; x_wconf 87' lang='lat' dir='ltr'>tas</span> <span class='ocrx_word' id='word_1_52' title='bbox 142 1003 303 1066; x_wconf 83' lang='lat' dir='ltr'>saecularis</span> <span class='ocrx_word' id='word_1_53' title='bbox 310 1003 465 1066; x_wconf 83' lang='lat' dir='ltr'>retineret</span> <span class='ocrx_word' id='word_1_54' title='bbox 484 1006 619 1068; x_wconf 86' lang='lat' dir='ltr'>aediflcia</span> <span class='ocrx_word' id='word_1_55' title='bbox 634 1007 673 1068; x_wconf 92' lang='lat' dir='ltr'>ab</span> <span class='ocrx_word' id='word_1_56' title='bbox 694 1004 1020 1067; x_wconf 80' lang='lat' dir='ltr'>administrationibus</span> <span class='ocrx_word' id='word_1_57' title='bbox 1033 1024 1094 1087; x_wconf 87' lang='lat' dir='ltr'>pu·</span> 
     </span>
     <span class='ocr_line' id='line_1_9' title="bbox 71 1101 1093 1186; baseline 0.005 -24"><span class='ocrx_word' id='word_1_58' title='bbox 71 1101 167 1163; x_wconf 84' lang='lat' dir='ltr'>blicis</span> <span class='ocrx_word' id='word_1_59' title='bbox 183 1107 347 1183; x_wconf 90' lang='lat' dir='ltr'>occupata,</span> <span class='ocrx_word' id='word_1_60' title='bbox 364 1120 434 1183; x_wconf 85' lang='lat' dir='ltr'>quae</span> <span class='ocrx_word' id='word_1_61' title='bbox 446 1123 509 1166; x_wconf 90' lang='lat' dir='ltr'>non</span> <span class='ocrx_word' id='word_1_62' title='bbox 520 1103 586 1165; x_wconf 87' lang='lat' dir='ltr'>sine</span> <span class='ocrx_word' id='word_1_63' title='bbox 599 1103 784 1186; x_wconf 84' lang='lat' dir='ltr'>difficultate</span> <span class='ocrx_word' id='word_1_64' title='bbox 795 1104 940 1166; x_wconf 91' lang='lat' dir='ltr'>restituta</span> <span class='ocrx_word' id='word_1_65' title='bbox 950 1105 1093 1182; x_wconf 85' lang='lat' dir='ltr'>fuissent,</span> 
     </span>
     <span class='ocr_line' id='line_1_10' title="bbox 72 1199 1093 1286; baseline 0.007 -27"><span class='ocrx_word' id='word_1_66' title='bbox 72 1217 166 1260; x_wconf 89' lang='lat' dir='ltr'>mens</span> <span class='ocrx_word' id='word_1_67' title='bbox 177 1199 261 1265; x_wconf 83' lang='lat' dir='ltr'>illius</span> <span class='ocrx_word' id='word_1_68' title='bbox 272 1207 356 1262; x_wconf 87' lang='lat' dir='ltr'>certe</span> <span class='ocrx_word' id='word_1_69' title='bbox 371 1219 435 1263; x_wconf 89' lang='lat' dir='ltr'>non</span> <span class='ocrx_word' id='word_1_70' title='bbox 448 1201 507 1262; x_wconf 87' lang='lat' dir='ltr'>fuit</span> <span class='ocrx_word' id='word_1_71' title='bbox 517 1208 552 1264; x_wconf 92' lang='lat' dir='ltr'>ut</span> <span class='ocrx_word' id='word_1_72' title='bbox 565 1220 661 1264; x_wconf 83' lang='lat' dir='ltr'>sacrae</span> <span class='ocrx_word' id='word_1_73' title='bbox 673 1202 767 1278; x_wconf 75' lang='lat' dir='ltr'>aedes,</span> <span class='ocrx_word' id='word_1_74' title='bbox 783 1201 883 1286; x_wconf 87' lang='lat' dir='ltr'>cultui</span> <span class='ocrx_word' id='word_1_75' title='bbox 894 1203 1024 1282; x_wconf 90' lang='lat' dir='ltr'>publico</span> <span class='ocrx_word' id='word_1_76' title='bbox 1037 1204 1093 1266; x_wconf 89' lang='lat' dir='ltr'>ed·</span> 
     </span>
     <span class='ocr_line' id='line_1_11' title="bbox 72 1297 799 1380; baseline 0.008 -23"><span class='ocrx_word' id='word_1_77' title='bbox 72 1297 183 1374; x_wconf 86' lang='lat' dir='ltr'>dictae,</span> <span class='ocrx_word' id='word_1_78' title='bbox 196 1304 396 1362; x_wconf 80' lang='lat' dir='ltr'>remanerent</span> <span class='ocrx_word' id='word_1_79' title='bbox 411 1301 442 1360; x_wconf 94' lang='lat' dir='ltr'>in</span> <span class='ocrx_word' id='word_1_80' title='bbox 457 1299 598 1364; x_wconf 89' lang='lat' dir='ltr'>dominio</span> <span class='ocrx_word' id='word_1_81' title='bbox 613 1301 758 1380; x_wconf 82' lang='lat' dir='ltr'>gubemii</span> <span class='ocrx_word' id='word_1_82' title='bbox 776 1301 799 1363; x_wconf 88' lang='lat'>¹.</span> 
     </span>
    </p>

    <p class='ocr_par' dir='ltr' id='par_1_3' title="bbox 71 1385 1094 1972">
     <span class='ocr_line' id='line_1_12' title="bbox 135 1385 1093 1482; baseline 0.008 -26"><span class='ocrx_word' id='word_1_83' title='bbox 135 1396 192 1456; x_wconf 88' lang='lat' dir='ltr'>His</span> <span class='ocrx_word' id='word_1_84' title='bbox 206 1397 387 1476; x_wconf 71' lang='lat' dir='ltr'>praemissis</span> <span class='ocrx_word' id='word_1_85' title='bbox 405 1393 538 1460; x_wconf 85' lang='lat' dir='ltr'>dicimus</span> <span class='ocrx_word' id='word_1_86' title='bbox 557 1399 711 1461; x_wconf 82' lang='lat' dir='ltr'>Ecclesiae</span> <span class='ocrx_word' id='word_1_87' title='bbox 729 1397 927 1462; x_wconf 81' lang='lat' dir='ltr'>cathedrales</span> <span class='ocrx_word' id='word_1_88' title='bbox 947 1385 985 1462; x_wconf 89' lang='lat' dir='ltr'>et</span> <span class='ocrx_word' id='word_1_89' title='bbox 998 1419 1093 1482; x_wconf 87' lang='lat' dir='ltr'>parc·</span> 
     </span>
     <span class='ocr_line' id='line_1_13' title="bbox 71 1493 1093 1580; baseline 0.006 -26"><span class='ocrx_word' id='word_1_90' title='bbox 71 1493 206 1568; x_wconf 78' lang='lat' dir='ltr'>chialeS,</span> <span class='ocrx_word' id='word_1_91' title='bbox 225 1496 344 1574; x_wconf 82' lang='lat' dir='ltr'>palatia</span> <span class='ocrx_word' id='word_1_92' title='bbox 360 1494 552 1577; x_wconf 89' lang='lat' dir='ltr'>episcopalia</span> <span class='ocrx_word' id='word_1_93' title='bbox 571 1502 603 1558; x_wconf 92' lang='lat' dir='ltr'>et</span> <span class='ocrx_word' id='word_1_94' title='bbox 619 1497 730 1560; x_wconf 91' lang='lat' dir='ltr'>domos</span> <span class='ocrx_word' id='word_1_95' title='bbox 756 1497 988 1580; x_wconf 81' lang='lat' dir='ltr'>presbyterales</span> <span class='ocrx_word' id='word_1_96' title='bbox 1002 1500 1093 1562; x_wconf 90' lang='lat' dir='ltr'>resti·</span> 
     </span>
     <span class='ocr_line' id='line_1_14' title="bbox 73 1579 1094 1680; baseline 0.008 -28"><span class='ocrx_word' id='word_1_97' title='bbox 73 1597 159 1666; x_wconf 87' lang='lat' dir='ltr'>tuta,</span> <span class='ocrx_word' id='word_1_98' title='bbox 184 1579 341 1673; x_wconf 87' lang='lat' dir='ltr'>pertinere</span> <span class='ocrx_word' id='word_1_99' title='bbox 363 1596 404 1655; x_wconf 90' lang='lat' dir='ltr'>ed</span> <span class='ocrx_word' id='word_1_100' title='bbox 427 1595 577 1658; x_wconf 81' lang='lat' dir='ltr'>dioeceses</span> <span class='ocrx_word' id='word_1_101' title='bbox 601 1601 632 1657; x_wconf 91' lang='lat' dir='ltr'>et</span> <span class='ocrx_word' id='word_1_102' title='bbox 655 1595 696 1658; x_wconf 87' lang='lat' dir='ltr'>ad</span> <span class='ocrx_word' id='word_1_103' title='bbox 717 1597 904 1680; x_wconf 86' lang='lat' dir='ltr'>parocbias;</span> <span class='ocrx_word' id='word_1_104' title='bbox 931 1613 982 1660; x_wconf 90' lang='lat' dir='ltr'>res</span> <span class='ocrx_word' id='word_1_105' title='bbox 1011 1599 1094 1660; x_wconf 91' lang='lat' dir='ltr'>enim</span> 
     </span>
     <span class='ocr_line' id='line_1_15' title="bbox 76 1690 1092 1778; baseline 0.008 -28"><span class='ocrx_word' id='word_1_106' title='bbox 76 1690 186 1760; x_wconf 87' lang='lat' dir='ltr'>adhuc</span> <span class='ocrx_word' id='word_1_107' title='bbox 201 1695 341 1766; x_wconf 83' lang='lat' dir='ltr'>manent,</span> <span class='ocrx_word' id='word_1_108' title='bbox 356 1693 414 1753; x_wconf 88' lang='lat' dir='ltr'>sub</span> <span class='ocrx_word' id='word_1_109' title='bbox 430 1707 467 1754; x_wconf 87' lang='lat' dir='ltr'>eo</span> <span class='ocrx_word' id='word_1_110' title='bbox 479 1698 634 1773; x_wconf 89' lang='lat' dir='ltr'>respectu,</span> <span class='ocrx_word' id='word_1_111' title='bbox 652 1695 686 1754; x_wconf 93' lang='lat' dir='ltr'>in</span> <span class='ocrx_word' id='word_1_112' title='bbox 699 1700 856 1778; x_wconf 86' lang='lat' dir='ltr'>statuque</span> <span class='ocrx_word' id='word_1_113' title='bbox 869 1697 998 1758; x_wconf 88' lang='lat' dir='ltr'>luerunt</span> <span class='ocrx_word' id='word_1_114' title='bbox 1012 1701 1092 1758; x_wconf 87' lang='lat' dir='ltr'>tem·</span> 
     </span>
     <span class='ocr_line' id='line_1_16' title="bbox 72 1789 1094 1874; baseline 0.007 -24"><span class='ocrx_word' id='word_1_115' title='bbox 72 1807 153 1868; x_wconf 89' lang='lat' dir='ltr'>pore</span> <span class='ocrx_word' id='word_1_116' title='bbox 171 1789 369 1852; x_wconf 72' lang='lat' dir='ltr'>concordati.</span> <span class='ocrx_word' id='word_1_117' title='bbox 380 1791 525 1853; x_wconf 85' lang='lat' dir='ltr'>Invocari</span> <span class='ocrx_word' id='word_1_118' title='bbox 540 1811 603 1854; x_wconf 90' lang='lat' dir='ltr'>non</span> <span class='ocrx_word' id='word_1_119' title='bbox 614 1798 719 1873; x_wconf 88' lang='lat' dir='ltr'>potest</span> <span class='ocrx_word' id='word_1_120' title='bbox 731 1793 928 1874; x_wconf 76' lang='lat' dir='ltr'>praescriptio</span> <span class='ocrx_word' id='word_1_121' title='bbox 944 1795 1094 1857; x_wconf 90' lang='lat' dir='ltr'>diuturna</span> 
     </span>
     <span class='ocr_line' id='line_1_17' title="bbox 74 1889 1001 1972; baseline 0.008 -24"><span class='ocrx_word' id='word_1_122' title='bbox 74 1894 189 1949; x_wconf 88' lang='lat' dir='ltr'>eontra</span> <span class='ocrx_word' id='word_1_123' title='bbox 202 1889 386 1966; x_wconf 83' lang='lat' dir='ltr'>Ecclesiam,</span> <span class='ocrx_word' id='word_1_124' title='bbox 402 1909 473 1970; x_wconf 82' lang='lat' dir='ltr'>quae</span> <span class='ocrx_word' id='word_1_125' title='bbox 488 1891 662 1953; x_wconf 88' lang='lat' dir='ltr'>reclamare</span> <span class='ocrx_word' id='word_1_126' title='bbox 677 1889 796 1954; x_wconf 90' lang='lat' dir='ltr'>utiliter</span> <span class='ocrx_word' id='word_1_127' title='bbox 810 1911 874 1954; x_wconf 90' lang='lat' dir='ltr'>non</span> <span class='ocrx_word' id='word_1_128' title='bbox 887 1893 1001 1972; x_wconf 90' lang='lat' dir='ltr'>potuit.</span> 
     </span>
    </p>

    <p class='ocr_par' dir='ltr' id='par_1_4' title="bbox 71 1985 1091 2662">
     <span class='ocr_line' id='line_1_18' title="bbox 136 1985 1091 2074; baseline 0.008 -27"><span class='ocrx_word' id='word_1_129' title='bbox 136 1985 329 2049; x_wconf 85' lang='lat' dir='ltr'>Gubernium</span> <span class='ocrx_word' id='word_1_130' title='bbox 350 1994 382 2049; x_wconf 90' lang='lat' dir='ltr'>et</span> <span class='ocrx_word' id='word_1_131' title='bbox 395 1987 569 2069; x_wconf 90' lang='lat' dir='ltr'>municipia</span> <span class='ocrx_word' id='word_1_132' title='bbox 584 1996 778 2052; x_wconf 86' lang='lat' dir='ltr'>concurrunt</span> <span class='ocrx_word' id='word_1_133' title='bbox 793 1991 933 2071; x_wconf 87' lang='lat' dir='ltr'>quidem,</span> <span class='ocrx_word' id='word_1_134' title='bbox 956 1993 1091 2074; x_wconf 86' lang='lat' dir='ltr'>sumpti·</span> 
     </span>
     <span class='ocr_line' id='line_1_19' title="bbox 72 2085 1091 2168; baseline 0.008 -22"><span class='ocrx_word' id='word_1_135' title='bbox 72 2086 135 2146; x_wconf 90' lang='lat' dir='ltr'>bus&#39;</span> <span class='ocrx_word' id='word_1_136' title='bbox 149 2085 220 2146; x_wconf 85' lang='lat' dir='ltr'>aeris</span> <span class='ocrx_word' id='word_1_137' title='bbox 239 2085 370 2167; x_wconf 89' lang='lat' dir='ltr'>publici,</span> <span class='ocrx_word' id='word_1_138' title='bbox 390 2088 431 2150; x_wconf 89' lang='lat' dir='ltr'>ad</span> <span class='ocrx_word' id='word_1_139' title='bbox 452 2089 669 2168; x_wconf 87' lang='lat' dir='ltr'>reparationes</span> <span class='ocrx_word' id='word_1_140' title='bbox 689 2089 907 2168; x_wconf 83' lang='lat' dir='ltr'>aedifieiorum,</span> <span class='ocrx_word' id='word_1_141' title='bbox 930 2093 984 2153; x_wconf 90' lang='lat' dir='ltr'>sed</span> <span class='ocrx_word' id='word_1_142' title='bbox 1008 2091 1091 2154; x_wconf 90' lang='lat' dir='ltr'>nihil</span> 
     </span>
     <span class='ocr_line' id='line_1_20' title="bbox 71 2185 1091 2267; baseline 0.01 -24"><span class='ocrx_word' id='word_1_143' title='bbox 71 2185 148 2245; x_wconf 90' lang='lat' dir='ltr'>inde</span> <span class='ocrx_word' id='word_1_144' title='bbox 161 2190 272 2247; x_wconf 88' lang='lat' dir='ltr'>contra</span> <span class='ocrx_word' id='word_1_145' title='bbox 289 2193 429 2249; x_wconf 85' lang='lat' dir='ltr'>nostram</span> <span class='ocrx_word' id='word_1_146' title='bbox 446 2187 646 2264; x_wconf 90' lang='lat' dir='ltr'>sententiam,</span> <span class='ocrx_word' id='word_1_147' title='bbox 659 2205 754 2249; x_wconf 88' lang='lat' dir='ltr'>nem:</span> <span class='ocrx_word' id='word_1_148' title='bbox 772 2189 804 2250; x_wconf 75' lang='lat'>1⁰</span> <span class='ocrx_word' id='word_1_149' title='bbox 819 2189 1023 2267; x_wconf 80' lang='lat' dir='ltr'>guberninm,</span> <span class='ocrx_word' id='word_1_150' title='bbox 1036 2211 1091 2253; x_wconf 92' lang='lat' dir='ltr'>seu</span> 
     </span>
     <span class='ocr_line' id='line_1_21' title="bbox 73 2284 1090 2367; baseline 0.008 -24"><span class='ocrx_word' id='word_1_151' title='bbox 73 2284 297 2365; x_wconf 89' lang='lat' dir='ltr'>municipium,</span> <span class='ocrx_word' id='word_1_152' title='bbox 316 2304 380 2348; x_wconf 90' lang='lat' dir='ltr'>non</span> <span class='ocrx_word' id='word_1_153' title='bbox 401 2287 561 2349; x_wconf 85' lang='lat' dir='ltr'>concurrit</span> <span class='ocrx_word' id='word_1_154' title='bbox 579 2285 639 2347; x_wconf 91' lang='lat' dir='ltr'>nisi</span> <span class='ocrx_word' id='word_1_155' title='bbox 654 2293 810 2367; x_wconf 88' lang='lat' dir='ltr'>quatenus</span> <span class='ocrx_word' id='word_1_156' title='bbox 826 2287 974 2350; x_wconf 80' lang='lat' dir='ltr'>Ecclesiae</span> <span class='ocrx_word' id='word_1_157' title='bbox 995 2290 1090 2351; x_wconf 90' lang='lat' dir='ltr'>desti-</span> 
     </span>
     <span class='ocr_line' id='line_1_22' title="bbox 73 2383 1091 2466; baseline 0.008 -24"><span class='ocrx_word' id='word_1_158' title='bbox 73 2386 209 2444; x_wconf 88' lang='lat' dir='ltr'>tuuntur</span> <span class='ocrx_word' id='word_1_159' title='bbox 227 2383 403 2445; x_wconf 88' lang='lat' dir='ltr'>redditibus</span> <span class='ocrx_word' id='word_1_160' title='bbox 425 2386 465 2446; x_wconf 89' lang='lat' dir='ltr'>ad</span> <span class='ocrx_word' id='word_1_161' title='bbox 486 2385 519 2444; x_wconf 94' lang='lat' dir='ltr'>id</span> <span class='ocrx_word' id='word_1_162' title='bbox 539 2383 738 2461; x_wconf 84' lang='lat' dir='ltr'>necessariis3</span> <span class='ocrx_word' id='word_1_163' title='bbox 760 2387 792 2446; x_wconf 72' lang='lat'>2⁰</span> <span class='ocrx_word' id='word_1_164' title='bbox 812 2383 938 2466; x_wconf 80' lang='lat' dir='ltr'>aequum</span> <span class='ocrx_word' id='word_1_165' title='bbox 961 2387 1091 2450; x_wconf 88' lang='lat' dir='ltr'>omnino</span> 
     </span>
     <span class='ocr_line' id='line_1_23' title="bbox 75 2482 1090 2564; baseline 0.009 -24"><span class='ocrx_word' id='word_1_166' title='bbox 75 2484 168 2540; x_wconf 91' lang='lat' dir='ltr'>estut</span> <span class='ocrx_word' id='word_1_167' title='bbox 182 2483 372 2559; x_wconf 83' lang='lat' dir='ltr'>gubernium</span> <span class='ocrx_word' id='word_1_168' title='bbox 387 2488 418 2544; x_wconf 90' lang='lat' dir='ltr'>et</span> <span class='ocrx_word' id='word_1_169' title='bbox 432 2482 608 2562; x_wconf 89' lang='lat' dir='ltr'>municipia</span> <span class='ocrx_word' id='word_1_170' title='bbox 625 2502 717 2564; x_wconf 90' lang='lat' dir='ltr'>opem</span> <span class='ocrx_word' id='word_1_171' title='bbox 737 2485 900 2546; x_wconf 87' lang='lat' dir='ltr'>conferant</span> <span class='ocrx_word' id='word_1_172' title='bbox 912 2484 945 2545; x_wconf 92' lang='lat' dir='ltr'>in</span> <span class='ocrx_word' id='word_1_173' title='bbox 961 2502 1090 2549; x_wconf 86' lang='lat' dir='ltr'>conscr-</span> 
     </span>
     <span class='ocr_line' id='line_1_24' title="bbox 74 2568 1090 2662; baseline 0.007 -24"><span class='ocrx_word' id='word_1_174' title='bbox 74 2577 235 2642; x_wconf 89' lang='lat' dir='ltr'>vationem</span> <span class='ocrx_word' id='word_1_175' title='bbox 250 2579 442 2661; x_wconf 86' lang='lat' dir='ltr'>templorum</span> <span class='ocrx_word' id='word_1_176' title='bbox 456 2580 571 2661; x_wconf 92' lang='lat' dir='ltr'>quibus</span> <span class='ocrx_word' id='word_1_177' title='bbox 583 2587 717 2644; x_wconf 88' lang='lat' dir='ltr'>utuntur</span> <span class='ocrx_word' id='word_1_178' title='bbox 729 2568 874 2662; x_wconf 74' lang='lat' dir='ltr'>plerique</span> <span class='ocrx_word' id='word_1_179' title='bbox 889 2583 981 2656; x_wconf 87' lang='lat' dir='ltr'>cives,</span> <span class='ocrx_word' id='word_1_180' title='bbox 996 2583 1090 2645; x_wconf 90' lang='lat' dir='ltr'>nimi·</span> 
     </span>
    </p>
   </div>
   <div class='ocr_carea' id='block_1_3' title="bbox 73 2765 1135 3687">
    <p class='ocr_par' dir='ltr' id='par_1_5' title="bbox 73 2765 1135 3687">
     <span class='ocr_line' id='line_1_25' title="bbox 121 2765 1090 2851; baseline 0.005 -16"><span class='ocrx_word' id='word_1_181' title='bbox 121 2787 145 2835; x_wconf 84' lang='lat' dir='ltr'>l.</span> <span class='ocrx_word' id='word_1_182' title='bbox 159 2765 229 2835; x_wconf 84' lang='lat' dir='ltr'>«&#39;0n</span> <span class='ocrx_word' id='word_1_183' title='bbox 244 2797 278 2834; x_wconf 90' lang='lat' dir='ltr'>ne</span> <span class='ocrx_word' id='word_1_184' title='bbox 289 2787 355 2846; x_wconf 83' lang='lat' dir='ltr'>peut</span> <span class='ocrx_word' id='word_1_185' title='bbox 366 2799 423 2848; x_wconf 85' lang='lat' dir='ltr'>pas,</span> <span class='ocrx_word' id='word_1_186' title='bbox 439 2785 479 2836; x_wconf 80' lang='lat' dir='ltr'>cit</span> <span class='ocrx_word' id='word_1_187' title='bbox 494 2787 524 2836; x_wconf 86' lang='lat' dir='ltr'>D.</span> <span class='ocrx_word' id='word_1_188' title='bbox 540 2785 620 2847; x_wconf 78' lang='lat' dir='ltr'>Adra,</span> <span class='ocrx_word' id='word_1_189' title='bbox 632 2799 746 2851; x_wconf 88' lang='lat' dir='ltr'>opposer</span> <span class='ocrx_word' id='word_1_190' title='bbox 759 2785 806 2838; x_wconf 87' lang='lat' dir='ltr'>des</span> <span class='ocrx_word' id='word_1_191' title='bbox 823 2785 875 2838; x_wconf 86' lang='lat' dir='ltr'>lois</span> <span class='ocrx_word' id='word_1_192' title='bbox 888 2791 915 2839; x_wconf 89' lang='lat' dir='ltr'>et</span> <span class='ocrx_word' id='word_1_193' title='bbox 928 2785 976 2840; x_wconf 83' lang='lat' dir='ltr'>des</span> <span class='ocrx_word' id='word_1_194' title='bbox 988 2787 1090 2840; x_wconf 78' lang='lat' dir='ltr'>decreta</span> 
     </span>
     <span class='ocr_line' id='line_1_26' title="bbox 76 2859 1089 2927; baseline 0.007 -18"><span class='ocrx_word' id='word_1_195' title='bbox 76 2882 87 2904; x_wconf 80' lang='grc' dir='ltr'>ιι</span> <span class='ocrx_word' id='word_1_196' title='bbox 105 2859 301 2924; x_wconf 83' lang='lat' dir='ltr'>dans-lesquele</span> <span class='ocrx_word' id='word_1_197' title='bbox 314 2859 333 2909; x_wconf 90' lang='lat' dir='ltr'>il</span> <span class='ocrx_word' id='word_1_198' title='bbox 348 2859 417 2912; x_wconf 85' lang='lat' dir='ltr'>n&#39;est</span> <span class='ocrx_word' id='word_1_199' title='bbox 433 2863 558 2927; x_wconf 82' lang='lat' dir='ltr'>question</span> <span class='ocrx_word' id='word_1_200' title='bbox 572 2872 625 2926; x_wconf 86' lang='lat' dir='ltr'>que</span> <span class='ocrx_word' id='word_1_201' title='bbox 642 2861 674 2913; x_wconf 90' lang='lat' dir='ltr'>de</span> <span class='ocrx_word' id='word_1_202' title='bbox 685 2863 799 2924; x_wconf 79' lang='lat' dir='ltr'>remise,</span> <span class='ocrx_word' id='word_1_203' title='bbox 815 2867 843 2914; x_wconf 89' lang='lat' dir='ltr'>ct</span> <span class='ocrx_word' id='word_1_204' title='bbox 856 2877 912 2915; x_wconf 91' lang='lat' dir='ltr'>non</span> <span class='ocrx_word' id='word_1_205' title='bbox 931 2864 964 2915; x_wconf 91' lang='lat' dir='ltr'>de</span> <span class='ocrx_word' id='word_1_206' title='bbox 982 2865 1089 2916; x_wconf 86' lang='lat' dir='ltr'>restitu-</span> 
     </span>
     <span class='ocr_line' id='line_1_27' title="bbox 75 2937 1091 3005; baseline 0.011 -22"><span class='ocrx_word' id='word_1_207' title='bbox 75 2954 88 2983; x_wconf 88' lang='grc' dir='ltr'>ιι</span> <span class='ocrx_word' id='word_1_208' title='bbox 103 2937 171 2998; x_wconf 85' lang='lat' dir='ltr'>tion,</span> <span class='ocrx_word' id='word_1_209' title='bbox 191 2937 275 2986; x_wconf 79' lang='lat' dir='ltr'>aune</span> <span class='ocrx_word' id='word_1_210' title='bbox 292 2937 396 3000; x_wconf 79' lang='lat' dir='ltr'>tpeque</span> <span class='ocrx_word' id='word_1_211' title='bbox 409 2937 445 2988; x_wconf 85' lang='lat' dir='ltr'>ou</span> <span class='ocrx_word' id='word_1_212' title='bbox 460 2937 499 2989; x_wconf 84' lang='lat' dir='ltr'>lca</span> <span class='ocrx_word' id='word_1_213' title='bbox 514 2939 729 2990; x_wconf 76' lang='lat' dir='ltr'>diablissements</span> <span class='ocrx_word' id='word_1_214' title='bbox 742 2939 968 3005; x_wconf 69' lang='lat' dir='ltr'>ecclesiasticum,</span> <span class='ocrx_word' id='word_1_215' title='bbox 988 2941 1091 2994; x_wconf 82' lang='lat' dir='ltr'>n&#39;ttent</span> 
     </span>
     <span class='ocr_line' id='line_1_28' title="bbox 74 3011 1090 3084; baseline 0.01 -26"><span class='ocrx_word' id='word_1_216' title='bbox 74 3033 86 3058; x_wconf 83' lang='grc' dir='ltr'>ιι</span> <span class='ocrx_word' id='word_1_217' title='bbox 102 3027 153 3078; x_wconf 87' lang='lat' dir='ltr'>pas</span> <span class='ocrx_word' id='word_1_218' title='bbox 166 3011 323 3074; x_wconf 78' lang='lat' dir='ltr'>constituta,</span> <span class='ocrx_word' id='word_1_219' title='bbox 337 3026 371 3064; x_wconf 88' lang='lat' dir='ltr'>nc</span> <span class='ocrx_word' id='word_1_220' title='bbox 385 3015 532 3078; x_wconf 82' lang='lat' dir='ltr'>pouvaient</span> <span class='ocrx_word' id='word_1_221' title='bbox 545 3029 593 3079; x_wconf 85' lang='lat' dir='ltr'>per</span> <span class='ocrx_word' id='word_1_222' title='bbox 607 3015 633 3065; x_wconf 84' lang='lat' dir='ltr'>le</span> <span class='ocrx_word' id='word_1_223' title='bbox 647 3015 734 3066; x_wconf 78' lang='lat' dir='ltr'>meme</span> <span class='ocrx_word' id='word_1_224' title='bbox 748 3017 858 3078; x_wconf 81' lang='lat' dir='ltr'>tormer,</span> <span class='ocrx_word' id='word_1_225' title='bbox 870 3031 924 3068; x_wconf 86' lang='lat' dir='ltr'>aux</span> <span class='ocrx_word' id='word_1_226' title='bbox 934 3032 1005 3084; x_wconf 84' lang='lat' dir='ltr'>yeux</span> <span class='ocrx_word' id='word_1_227' title='bbox 1018 3017 1051 3068; x_wconf 85' lang='lat' dir='ltr'>de</span> <span class='ocrx_word' id='word_1_228' title='bbox 1064 3019 1090 3068; x_wconf 86' lang='lat' dir='ltr'>la</span> 
     </span>
     <span class='ocr_line' id='line_1_29' title="bbox 75 3088 1090 3156; baseline 0.01 -23"><span class='ocrx_word' id='word_1_229' title='bbox 75 3109 86 3133; x_wconf 87' lang='grc' dir='ltr'>ιι</span> <span class='ocrx_word' id='word_1_230' title='bbox 100 3089 137 3138; x_wconf 91' lang='lat' dir='ltr'>loi</span> <span class='ocrx_word' id='word_1_231' title='bbox 160 3088 247 3150; x_wconf 81' lang='lat' dir='ltr'>civile,</span> <span class='ocrx_word' id='word_1_232' title='bbox 267 3101 322 3138; x_wconf 90' lang='lat' dir='ltr'>une</span> <span class='ocrx_word' id='word_1_233' title='bbox 343 3103 476 3154; x_wconf 87' lang='lat' dir='ltr'>personne</span> <span class='ocrx_word' id='word_1_234' title='bbox 496 3090 596 3141; x_wconf 90' lang='lat' dir='ltr'>morale</span> <span class='ocrx_word' id='word_1_235' title='bbox 616 3091 726 3156; x_wconf 84' lang='lat' dir='ltr'>capable</span> <span class='ocrx_word' id='word_1_236' title='bbox 751 3091 784 3142; x_wconf 89' lang='lat' dir='ltr'>de</span> <span class='ocrx_word' id='word_1_237' title='bbox 803 3093 948 3156; x_wconf 80' lang='lat' dir='ltr'>propriett.</span> <span class='ocrx_word' id='word_1_238' title='bbox 968 3093 1090 3144; x_wconf 88' lang='lat' dir='ltr'>Pendant</span> 
     </span>
     <span class='ocr_line' id='line_1_30' title="bbox 73 3161 1090 3230; baseline 0.002 -14"><span class='ocrx_word' id='word_1_239' title='bbox 73 3185 84 3209; x_wconf 74' lang='grc' dir='ltr'>ιι</span> <span class='ocrx_word' id='word_1_240' title='bbox 102 3167 172 3216; x_wconf 86' lang='lat' dir='ltr'>cette</span> <span class='ocrx_word' id='word_1_241' title='bbox 182 3161 293 3230; x_wconf 78' lang='lat' dir='ltr'>periodo</span> <span class='ocrx_word' id='word_1_242' title='bbox 308 3164 340 3216; x_wconf 90' lang='lat' dir='ltr'>dc</span> <span class='ocrx_word' id='word_1_243' title='bbox 357 3169 453 3230; x_wconf 87' lang='lat' dir='ltr'>temps,</span> <span class='ocrx_word' id='word_1_244' title='bbox 467 3167 505 3216; x_wconf 82' lang='lat' dir='ltr'>les</span> <span class='ocrx_word' id='word_1_245' title='bbox 520 3165 626 3216; x_wconf 76' lang='lat' dir='ltr'>edificas</span> <span class='ocrx_word' id='word_1_246' title='bbox 643 3170 670 3218; x_wconf 87' lang='lat' dir='ltr'>ct</span> <span class='ocrx_word' id='word_1_247' title='bbox 682 3169 720 3217; x_wconf 83' lang='lat' dir='ltr'>lea</span> <span class='ocrx_word' id='word_1_248' title='bbox 733 3167 811 3218; x_wconf 86' lang='lat' dir='ltr'>biens</span> <span class='ocrx_word' id='word_1_249' title='bbox 824 3168 926 3218; x_wconf 84' lang='lat' dir='ltr'>rendus</span> <span class='ocrx_word' id='word_1_250' title='bbox 938 3173 999 3218; x_wconf 90' lang='lat' dir='ltr'>sont</span> <span class='ocrx_word' id='word_1_251' title='bbox 1013 3168 1090 3219; x_wconf 81' lang='lat' dir='ltr'>affec·</span> 
     </span>
     <span class='ocr_line' id='line_1_31' title="bbox 75 3236 1089 3306; baseline 0.01 -20"><span class='ocrx_word' id='word_1_252' title='bbox 75 3259 86 3286; x_wconf 92' lang='grc' dir='ltr'>ιι</span> <span class='ocrx_word' id='word_1_253' title='bbox 100 3236 141 3292; x_wconf 82' lang='lat' dir='ltr'>tes</span> <span class='ocrx_word' id='word_1_254' title='bbox 156 3243 172 3290; x_wconf 79' lang='lat' dir='ltr'>n</span> <span class='ocrx_word' id='word_1_255' title='bbox 185 3241 413 3305; x_wconf 75' lang='lat' dir='ltr'>perpetuitatem</span> <span class='ocrx_word' id='word_1_256' title='bbox 426 3243 526 3292; x_wconf 86' lang='lat' dir='ltr'>service</span> <span class='ocrx_word' id='word_1_257' title='bbox 541 3243 672 3306; x_wconf 76' lang='lat' dir='ltr'>religieux</span> <span class='ocrx_word' id='word_1_258' title='bbox 676 3257 685 3304; x_wconf 84' lang='lat'>3</span> <span class='ocrx_word' id='word_1_259' title='bbox 701 3244 727 3292; x_wconf 86' lang='lat' dir='ltr'>le</span> <span class='ocrx_word' id='word_1_260' title='bbox 742 3247 837 3294; x_wconf 87' lang='lat' dir='ltr'>nature</span> <span class='ocrx_word' id='word_1_261' title='bbox 849 3242 882 3293; x_wconf 87' lang='lat' dir='ltr'>de</span> <span class='ocrx_word' id='word_1_262' title='bbox 895 3253 925 3294; x_wconf 85' lang='lat' dir='ltr'>ce</span> <span class='ocrx_word' id='word_1_263' title='bbox 938 3245 1037 3296; x_wconf 84' lang='lat' dir='ltr'>service</span> <span class='ocrx_word' id='word_1_264' title='bbox 1049 3249 1089 3296; x_wconf 84' lang='lat' dir='ltr'>eat</span> 
     </span>
     <span class='ocr_line' id='line_1_32' title="bbox 75 3309 1089 3382; baseline 0.009 -20"><span class='ocrx_word' id='word_1_265' title='bbox 75 3337 87 3362; x_wconf 83' lang='grc' dir='ltr'>ιι</span> <span class='ocrx_word' id='word_1_266' title='bbox 103 3316 283 3382; x_wconf 63' lang='lat' dir='ltr'>determinem</span> <span class='ocrx_word' id='word_1_267' title='bbox 294 3309 373 3369; x_wconf 72' lang='lat' dir='ltr'>rma</span> <span class='ocrx_word' id='word_1_268' title='bbox 384 3331 412 3366; x_wconf 87' lang='lat' dir='ltr'>se</span> <span class='ocrx_word' id='word_1_269' title='bbox 422 3317 546 3368; x_wconf 86' lang='lat' dir='ltr'>dessaisit</span> <span class='ocrx_word' id='word_1_270' title='bbox 556 3317 589 3368; x_wconf 89' lang='lat' dir='ltr'>de</span> <span class='ocrx_word' id='word_1_271' title='bbox 604 3332 649 3368; x_wconf 89' lang='lat' dir='ltr'>ces</span> <span class='ocrx_word' id='word_1_272' title='bbox 663 3317 836 3382; x_wconf 79' lang='lat' dir='ltr'>immeubles3</span> <span class='ocrx_word' id='word_1_273' title='bbox 848 3319 868 3368; x_wconf 89' lang='lat' dir='ltr'>il</span> <span class='ocrx_word' id='word_1_274' title='bbox 876 3333 992 3370; x_wconf 86' lang='lat' dir='ltr'>rencnee</span> <span class='ocrx_word' id='word_1_275' title='bbox 1005 3320 1089 3371; x_wconf 78' lang='lat' dir='ltr'>btout</span> 
     </span>
     <span class='ocr_line' id='line_1_33' title="bbox 76 3393 1135 3460; baseline 0.002 -16"><span class='ocrx_word' id='word_1_276' title='bbox 76 3413 87 3438; x_wconf 79' lang='grc' dir='ltr'>α</span> <span class='ocrx_word' id='word_1_277' title='bbox 99 3394 198 3460; x_wconf 82' lang='lat' dir='ltr'>jamnis</span> <span class='ocrx_word' id='word_1_278' title='bbox 212 3395 228 3442; x_wconf 79' lang='lat' dir='ltr'>a</span> <span class='ocrx_word' id='word_1_279' title='bbox 243 3394 281 3443; x_wconf 85' lang='lat' dir='ltr'>les</span> <span class='ocrx_word' id='word_1_280' title='bbox 300 3395 455 3458; x_wconf 88' lang='lat' dir='ltr'>reprendre,</span> <span class='ocrx_word' id='word_1_281' title='bbox 468 3395 523 3445; x_wconf 75' lang='lat' dir='ltr'>eti</span> <span class='ocrx_word' id='word_1_282' title='bbox 540 3394 579 3444; x_wconf 86' lang='lat' dir='ltr'>les</span> <span class='ocrx_word' id='word_1_283' title='bbox 597 3393 742 3444; x_wconf 78' lang='lat' dir='ltr'>detourner</span> <span class='ocrx_word' id='word_1_284' title='bbox 754 3393 786 3444; x_wconf 90' lang='lat' dir='ltr'>de</span> <span class='ocrx_word' id='word_1_285' title='bbox 802 3394 861 3448; x_wconf 88' lang='lat' dir='ltr'>leur</span> <span class='ocrx_word' id='word_1_286' title='bbox 875 3395 961 3444; x_wconf 86' lang='lat' dir='ltr'>seinte</span> <span class='ocrx_word' id='word_1_287' title='bbox 974 3394 1088 3447; x_wconf 87' lang='lat' dir='ltr'>destina·</span> <span class='ocrx_word' id='word_1_288' title='bbox 1133 3403 1135 3406; x_wconf 83' lang='grc'><strong><em>·</em></strong></span> 
     </span>
     <span class='ocr_line' id='line_1_34' title="bbox 76 3469 1087 3534; baseline 0.004 -17"><span class='ocrx_word' id='word_1_289' title='bbox 76 3490 87 3516; x_wconf 96' lang='grc' dir='ltr'>ιι</span> <span class='ocrx_word' id='word_1_290' title='bbox 102 3471 170 3520; x_wconf 88' lang='lat' dir='ltr'>tion.</span> <span class='ocrx_word' id='word_1_291' title='bbox 184 3469 219 3520; x_wconf 90' lang='lat' dir='ltr'>Ils</span> <span class='ocrx_word' id='word_1_292' title='bbox 233 3469 300 3532; x_wconf 82' lang='lat' dir='ltr'>font,</span> <span class='ocrx_word' id='word_1_293' title='bbox 314 3471 381 3520; x_wconf 86' lang='lat' dir='ltr'>dens</span> <span class='ocrx_word' id='word_1_294' title='bbox 396 3473 464 3520; x_wconf 89' lang='lat' dir='ltr'>cette</span> <span class='ocrx_word' id='word_1_295' title='bbox 480 3470 567 3521; x_wconf 79' lang='lat' dir='ltr'>meme</span> <span class='ocrx_word' id='word_1_296' title='bbox 581 3469 688 3534; x_wconf 79' lang='lat' dir='ltr'>penate,</span> <span class='ocrx_word' id='word_1_297' title='bbox 699 3470 785 3533; x_wconf 84' lang='lat' dir='ltr'>partie</span> <span class='ocrx_word' id='word_1_298' title='bbox 801 3469 837 3520; x_wconf 89' lang='lat' dir='ltr'>du</span> <span class='ocrx_word' id='word_1_299' title='bbox 851 3469 975 3525; x_wconf 84' lang='lat' dir='ltr'>domnine</span> <span class='ocrx_word' id='word_1_300' title='bbox 986 3470 1087 3534; x_wconf 85' lang='lat' dir='ltr'>public,</span> 
     </span>
     <span class='ocr_line' id='line_1_35' title="bbox 74 3537 1087 3612; baseline 0.004 -18"><span class='ocrx_word' id='word_1_301' title='bbox 74 3565 88 3594; x_wconf 83' lang='grc' dir='ltr'>ιι</span> <span class='ocrx_word' id='word_1_302' title='bbox 102 3547 170 3597; x_wconf 82' lang='lat' dir='ltr'>mais</span> <span class='ocrx_word' id='word_1_303' title='bbox 180 3546 212 3596; x_wconf 86' lang='lat' dir='ltr'>ile</span> <span class='ocrx_word' id='word_1_304' title='bbox 228 3561 260 3598; x_wconf 88' lang='lat' dir='ltr'>na</span> <span class='ocrx_word' id='word_1_305' title='bbox 275 3537 334 3598; x_wconf 85' lang='lat' dir='ltr'>lont</span> <span class='ocrx_word' id='word_1_306' title='bbox 344 3548 405 3612; x_wconf 80' lang='lat' dir='ltr'>plus</span> <span class='ocrx_word' id='word_1_307' title='bbox 420 3548 505 3609; x_wconf 77' lang='lat' dir='ltr'>partie</span> <span class='ocrx_word' id='word_1_308' title='bbox 518 3547 554 3596; x_wconf 91' lang='lat' dir='ltr'>du</span> <span class='ocrx_word' id='word_1_309' title='bbox 569 3547 695 3610; x_wconf 77' lang='lat' dir='ltr'>demaine</span> <span class='ocrx_word' id='word_1_310' title='bbox 706 3546 739 3596; x_wconf 89' lang='lat' dir='ltr'>de</span> <span class='ocrx_word' id='word_1_311' title='bbox 751 3538 840 3597; x_wconf 77' lang='lat' dir='ltr'>l’litat.</span> <span class='ocrx_word' id='word_1_312' title='bbox 853 3547 972 3598; x_wconf 79' lang='lat' dir='ltr'>Auseitdt</span> <span class='ocrx_word' id='word_1_313' title='bbox 981 3561 1033 3611; x_wconf 86' lang='lat' dir='ltr'>que</span> <span class='ocrx_word' id='word_1_314' title='bbox 1048 3547 1087 3598; x_wconf 80' lang='lat' dir='ltr'>leo</span> 
     </span>
     <span class='ocr_line' id='line_1_36' title="bbox 76 3621 1086 3687; baseline 0.008 -21"><span class='ocrx_word' id='word_1_315' title='bbox 76 3642 87 3667; x_wconf 88' lang='grc' dir='ltr'>ιι</span> <span class='ocrx_word' id='word_1_316' title='bbox 102 3623 154 3672; x_wconf 86' lang='lat' dir='ltr'>lois</span> <span class='ocrx_word' id='word_1_317' title='bbox 173 3627 220 3674; x_wconf 86' lang='lat' dir='ltr'>ont</span> <span class='ocrx_word' id='word_1_318' title='bbox 236 3624 367 3674; x_wconf 77' lang='lat' dir='ltr'>constitut</span> <span class='ocrx_word' id='word_1_319' title='bbox 385 3622 425 3672; x_wconf 89' lang='lat' dir='ltr'>les</span> <span class='ocrx_word' id='word_1_320' title='bbox 443 3623 658 3674; x_wconf 77' lang='lat' dir='ltr'>etablissements</span> <span class='ocrx_word' id='word_1_321' title='bbox 678 3621 909 3686; x_wconf 80' lang='lat' dir='ltr'>ecclesiastiques,</span> <span class='ocrx_word' id='word_1_322' title='bbox 930 3621 954 3672; x_wconf 90' lang='lat' dir='ltr'>le</span> <span class='ocrx_word' id='word_1_323' title='bbox 974 3623 1086 3687; x_wconf 78' lang='lat' dir='ltr'>langoge</span> 
     </span>
    </p>
   </div>
   <div class='ocr_carea' id='block_1_4' title="bbox 75 3697 1183 3764">
    <p class='ocr_par' dir='ltr' id='par_1_6' title="bbox 75 3697 1183 3764">
     <span class='ocr_line' id='line_1_37' title="bbox 75 3697 1183 3764; baseline 0.002 -16"><span class='ocrx_word' id='word_1_324' title='bbox 75 3717 87 3742; x_wconf 75' lang='lat' dir='ltr'>u</span> <span class='ocrx_word' id='word_1_325' title='bbox 101 3697 205 3762; x_wconf 78' lang='lat' dir='ltr'>change</span> <span class='ocrx_word' id='word_1_326' title='bbox 219 3716 225 3749; x_wconf 76' lang='grc' dir='ltr'><strong><em>ε</em></strong></span> <span class='ocrx_word' id='word_1_327' title='bbox 239 3699 278 3748; x_wconf 86' lang='lat' dir='ltr'>les</span> <span class='ocrx_word' id='word_1_328' title='bbox 294 3699 371 3749; x_wconf 83' lang='lat' dir='ltr'>biens</span> <span class='ocrx_word' id='word_1_329' title='bbox 385 3702 411 3748; x_wconf 88' lang='lat' dir='ltr'>ct</span> <span class='ocrx_word' id='word_1_330' title='bbox 422 3698 461 3748; x_wconf 86' lang='lat' dir='ltr'>les</span> <span class='ocrx_word' id='word_1_331' title='bbox 476 3697 584 3748; x_wconf 78' lang='lat' dir='ltr'>edifices</span> <span class='ocrx_word' id='word_1_332' title='bbox 597 3711 629 3748; x_wconf 91' lang='lat' dir='ltr'>ne</span> <span class='ocrx_word' id='word_1_333' title='bbox 648 3701 709 3749; x_wconf 82' lang='lat' dir='ltr'>sont</span> <span class='ocrx_word' id='word_1_334' title='bbox 722 3713 771 3764; x_wconf 85' lang='lat' dir='ltr'>pas</span> <span class='ocrx_word' id='word_1_335' title='bbox 786 3698 937 3750; x_wconf 84' lang='lat' dir='ltr'>seulement</span> <span class='ocrx_word' id='word_1_336' title='bbox 951 3699 1040 3760; x_wconf 83' lang='lat' dir='ltr'>remis,</span> <span class='ocrx_word' id='word_1_337' title='bbox 1052 3699 1087 3750; x_wconf 82' lang='lat' dir='ltr'>ils</span> <span class='ocrx_word' id='word_1_338' title='bbox 1181 3717 1183 3721; x_wconf 95' lang='lat'>·</span> 
     </span>
    </p>
   </div>
   <div class='ocr_carea' id='block_1_5' title="bbox 78 3773 875 3840">
    <p class='ocr_par' dir='ltr' id='par_1_7' title="bbox 78 3773 875 3840">
     <span class='ocr_line' id='line_1_38' title="bbox 78 3773 875 3840; baseline 0.006 -21"><span class='ocrx_word' id='word_1_339' title='bbox 78 3792 91 3819; x_wconf 86' lang='grc' dir='ltr'>ιι</span> <span class='ocrx_word' id='word_1_340' title='bbox 105 3777 167 3824; x_wconf 85' lang='lat' dir='ltr'>sont</span> <span class='ocrx_word' id='word_1_341' title='bbox 179 3775 306 3826; x_wconf 74' lang='lat' dir='ltr'>restincta.</span> <span class='ocrx_word' id='word_1_342' title='bbox 322 3793 334 3820; x_wconf 92' lang='lat'>»</span> <span class='ocrx_word' id='word_1_343' title='bbox 352 3773 587 3840; x_wconf 63' lang='lat' dir='ltr'>(proprepant,</span> <span class='ocrx_word' id='word_1_344' title='bbox 602 3777 662 3836; x_wconf 83' lang='lat' dir='ltr'>etc,</span> <span class='ocrx_word' id='word_1_345' title='bbox 676 3789 737 3838; x_wconf 82' lang='lat' dir='ltr'>pag.</span> <span class='ocrx_word' id='word_1_346' title='bbox 754 3775 875 3838; x_wconf 75' lang='lat' dir='ltr'>roa-259.)</span> 
     </span>
    </p>
   </div>
   <div class='ocr_carea' id='block_1_6' title="bbox 0 0 1330 4268">
    <p class='ocr_par' dir='ltr' id='par_1_8' title="bbox 0 0 1330 4268">
     <span class='ocr_line' id='line_1_39' title="bbox 0 0 1330 4268; baseline 0 0"><span class='ocrx_word' id='word_1_347' title='bbox 0 0 1330 4268; x_wconf 95' lang='lat' dir='ltr'> </span> 
     </span>
    </p>
   </div>
  </div>
 </body>
</html>
