2642 4270
250 275 318 324 llll.
339 276 388 324 111.
409 275 645 325 nullmlslltnrlo
664 275 807 324 couoauu
826 276 983 326 EGCLESIAE.
1073 269 1124 324 589

169 393 233 452 Lex
247 392 411 454 interdixit
420 393 653 466 matriculariis,
665 412 729 454 non
739 411 815 454 vero
826 393 1013 456 consiliariis
1024 394 1122 455 fabri-

109 505 165 562 cae,
180 508 219 550 ne
234 508 301 550 rem
315 491 513 552 vendendam
528 495 647 566 emant,
659 491 711 552 vel
724 491 824 552 socios
838 509 871 552 se
884 491 1024 554 habeant
1037 493 1122 553 illius

107 586 159 647 cui
171 587 353 665 adjudicata
367 590 475 663 fuerit;
493 607 568 650 narn
582 594 641 649 art.
657 589 693 648 61
708 589 770 649 fert
788 606 795 649 :
812 613 827 645 «
839 593 951 651 Aucun
962 591 1017 650 des
1027 608 1124 651 mem-

109 708 126 740 «
140 684 213 744 bres
228 685 271 744 du
284 686 405 747 bureau
430 687 484 747 des
501 685 711 765 marguilliers
727 704 766 746 ne
782 690 858 765 peut
875 705 908 747 se
925 692 1046 765 porter,
1062 686 1123 748 s'oit

108 805 125 837 n
141 801 222 861 pour
236 783 547 862 adjudicataire,s0it
567 785 668 845 meme
685 803 766 863 pour
789 784 907 845 associa
924 785 961 845 de
976 784 1123 864 l'adjudi·

110 901 126 937 n
140 881 270 942 eataire.
279 905 295 938 »
311 885 355 943 De
365 882 546 943 venditione
558 881 724 943 mobilium
735 881 816 941 nihil
831 883 980 942 statuitur
992 883 1025 942 in
1038 883 1121 961 lege,

106 977 181 1058 quia
197 971 302 1040 remim
318 980 495 1053 mobilium,
519 998 590 1059 quae
617 999 675 1040 usu
696 979 851 1059 paulatim
878 977 1121 1055 consumuntur,

104 1075 224 1156 emptio
243 1081 275 1137 et
284 1077 423 1138 venditio
439 1081 512 1137 sunt
527 1082 615 1139 sotus
630 1094 726 1138 merae
740 1076 1025 1138 administrationis
1040 1096 1121 1157 quos

103 1172 263 1234 dimittere
290 1192 415 1235 necesse
431 1179 477 1235 est
496 1174 636 1236 labricae.
671 1174 705 1236 si
723 1179 830 1234 tamen
851 1180 999 1253 ageretur
1017 1175 1056 1235 de
1084 1193 1118 1235 re

104 1269 216 1330 mobili
240 1271 389 1350 pretiosa,
421 1290 583 1333 recurrere
611 1276 737 1351 oportet
764 1272 805 1333 ad
833 1272 1027 1351 Episcopum
1051 1271 1118 1333 sine

105 1367 195 1447 cujus
209 1370 364 1438 sententia
379 1370 449 1430 fieri
461 1389 524 1430 non
539 1369 633 1430 debet
647 1369 807 1431 alienatio.

163 1465 234 1527 635.
249 1501 290 1511 —
304 1467 393 1539 Quod
405 1468 444 1527 ad
459 1467 618 1528 locationes
635 1468 759 1542 attinet,
781 1466 848 1527 haec
864 1471 937 1526 sunt
953 1467 1116 1528 notanda:

99 1627 103 1634 ,
164 1563 197 1621 1⁰
212 1564 395 1624 Locationes
409 1583 479 1644 quae
494 1564 674 1643 anticipatis
690 1563 899 1624 solutionibus
910 1564 990 1624 liunt
1000 1565 1121 1644 impro-

104 1659 230 1736 bantur,
247 1661 322 1740 quia
340 1662 453 1723 exinde
468 1662 614 1723 Ecclesiae
634 1661 761 1722 redditu
784 1679 890 1722 annuo
913 1662 1118 1724 frustrantur.

107 1757 287 1835 «Magnam
310 1759 455 1820 Ecclesiis
476 1758 648 1839 perniciem
670 1757 776 1819 afferri
797 1756 888 1832 solet,
916 1758 961 1818 ait
980 1758 1119 1836 synodus

105 1876 121 1909 α
139 1855 335 1930 Tridentino,
351 1874 546 1918 cumeorum
566 1856 661 1932 bona,
679 1859 906 1934 repraesentata
920 1855 1066 1934 pecunia,
1085 1855 1119 1914 in

106 1973 123 2007 «
138 1968 353 2013 successorum
383 1952 602 2033 praejudicium
622 1952 692 2013 aliis
714 1951 869 2013 locantur.
892 1975 909 2007 (ι
930 1951 1023 2032 (Sese.
1044 1967 1116 2028 xxv,

104 2067 175 2128 cap.
185 2066 230 2122 xr,
238 2048 273 2110 de
281 2049 431 2131 Reform.)
439 2050 587 2123 Quamvis
595 2051 664 2111 haec
677 2050 761 2111 dicta
773 2050 835 2110 sint
845 2049 884 2110 de
894 2048 1116 2122 beneficiariis,

105 2145 160 2224 qui
174 2147 259 2208 bona
272 2147 418 2208 beneficii
433 2148 537 2208 locare
551 2153 749 2227 praesumunt
760 2166 832 2208 cum
848 2147 1035 2207 detrimento
1043 2163 1119 2207 suo·

103 2261 176 2303 rum
193 2263 421 2320 successorum,
440 2245 568 2306 extendi
582 2244 676 2305 etiam
692 2245 820 2317 debent,
845 2249 969 2304 servata
982 2261 1116 2322 propor-

103 2339 201 2416 tione,
218 2342 259 2401 ad
281 2360 391 2402 omnes
409 2342 680 2402 administratores
697 2340 920 2416 Ecclesiarum,
941 2339 1117 2419 prasertim

103 2438 346 2517 parochialium.

164 2535 245 2607 Quid
257 2536 296 2596 de
311 2535 521 2597 locationibus
535 2535 576 2596 ad
586 2541 711 2615 tempus
725 2535 910 2596 diuturnum
921 2535 1006 2612 leges
1023 2552 1117 2595 cano·

102 2631 182 2694 nicae
198 2635 365 2694 statuerint
385 2634 461 2695 alibi
479 2634 616 2695 diximus
631 2635 678 2714 (n0
696 2632 767 2714 623)
785 2651 793 2693 ε
813 2632 900 2710 leges
916 2631 1023 2692 civiles
1038 2649 1116 2692 con-

103 2731 220 2792 cedunt
236 2737 272 2791 ut
285 2732 461 2794 immobilia
475 2733 598 2793 urbana
613 2733 757 2792 locentur
772 2731 812 2792 ad
827 2727 942 2791 novem
959 2748 1069 2804 annos,
1085 2733 1117 2790 et

100 2828 279 2890 immobilia
292 2830 457 2892 rusticana
467 2831 508 2892 ad
521 2831 630 2890 decem
646 2835 677 2890 et
693 2834 763 2890 octo
785 2847 896 2903 annos,
918 2828 1050 2889 servatis
1063 2816 1114 2888 re·

102 2926 184 3004 gulis
189 2927 270 3006 juris
280 2929 454 2989 eommunis
465 2947 523 3008 pro
534 2927 654 3012 caeteris
666 2927 817 2988 institutis
827 2926 974 3006 publicis,
987 2923 1115 2986 Locatio

101 3024 255 3085 excedens
269 3030 394 3105 tempus
404 3025 569 3104 praefixum
584 3025 674 3085 irrita
689 3029 736 3085 est
746 3024 851 3102 quoad
863 3040 1037 3098 excessum,
1054 3019 1115 3082 nisi

101 3121 157 3182 liat
172 3121 210 3181 de
224 3137 377 3184 consensu
390 3124 536 3201 gubernii
550 3125 573 3183 ¹.
651 3127 664 3148 ·

161 3219 276 3280 Omnes
289 3219 473 3298 hujusmodi
489 3219 663 3282 locationes
678 3219 742 3280 sive
756 3219 840 3280 intra
852 3225 977 3297 tempus
987 3233 1116 3278 consue·

98 3320 180 3390 ium,
202 3317 265 3377 sive
289 3319 330 3378 ad
349 3324 474 3398 tempus
494 3318 658 3393 excedens,
683 3317 764 3378 fiunt
785 3334 842 3396 per
863 3315 1070 3376 licitationem
1083 3319 1114 3375 et

97 3432 157 3494 per
171 3415 448 3493 adjudicationem,
465 3433 572 3477 coram
587 3415 711 3478 notario
724 3421 755 3476 et
774 3412 972 3476 thesaurario
987 3411 1113 3498 collegii

98 3512 398 3574 matriculariorum.

147 3710 171 3758 l.
183 3707 252 3759 Cede
261 3709 305 3760 cles
316 3709 458 3776 fabriques,
472 3715 536 3764 tom.
553 3712 585 3774 ll,
598 3726 624 3776 p.
637 3713 704 3762 4-20.
