2642 4270
252 239 319 288 ABE.
342 238 386 286 111.
407 239 643 287 auulnlsraarlo
664 239 805 288 bonchort
825 239 981 288 accurata.
1071 235 1124 288 597

171 358 238 418 Art.
267 357 326 416 101
348 355 467 417 decreti
492 356 570 416 1809
595 356 705 417 statuit
730 374 738 417 ε
767 380 782 412 «
805 357 863 416 Les
884 355 1045 434 fabriques
1068 358 1123 419 des

115 474 131 512 a
141 453 256 532 eglises
266 453 538 532 metropolitaines
549 460 579 514 et
590 453 786 515 cathedrales
797 453 1018 515 continueront
1028 457 1047 515 a
1057 457 1123 518 atre

98 567 128 608 ·«
144 551 1122 632 composeesetadministrecsconformementauxraglcmeuts

107 675 126 708 «
142 652 335 730 episcopaux
349 649 404 729 qui
417 655 473 709 ont
487 653 536 711 616
551 654 729 728 approuves
742 668 800 728 par
812 668 903 711 nous.
921 673 936 704 n
954 652 1065 725 Porro,
1083 670 1122 712 ex

105 749 233 811 statutis
247 748 401 827 probatis,
414 747 588 828 Episcopus
602 747 690 826 eligit
699 765 808 808 omnes
821 747 1025 824 consiliarios,
1039 767 1122 810 com-

103 847 196 928 ponit
205 847 374 924 collegium
383 846 831 915 matriculariorumnominat
838 845 1120 924 praesidemsecre·

101 945 221 1007 tarium
235 949 267 1005 et
281 943 523 1017 thesaurarium,
541 944 685 1020 designat
712 947 856 1021 tempora
872 944 985 1022 quibus
1000 945 1121 1005 fabrica

102 1042 222 1104 habere
244 1042 359 1102 debeat
378 1045 562 1115 conventus,
573 1046 604 1100 et
617 1041 684 1119 ipse
699 1041 849 1120 praesidet
868 1042 992 1121 quoties
1005 1060 1120 1120 oppor-

99 1147 216 1203 tunum
224 1138 422 1218 judicaverit.
431 1139 550 1199 Electio
562 1138 814 1200 consiliariorum
824 1140 860 1199 lit
873 1140 913 1200 ad
923 1145 1048 1219 tempus
1061 1145 1120 1200 sta·

101 1239 179 1300 tutis
193 1231 385 1316 praefrnituni
396 1256 402 1312 ;
414 1241 445 1297 61
460 1236 486 1296 si
498 1237 579 1297 forte
594 1223 673 1295 nihil
689 1255 727 1297 66
741 1236 779 1296 de
792 1255 826 1297 re
840 1238 1002 1316 provisum
1011 1238 1116 1312 fuerit,

101 1341 255 1410 censetur
271 1336 355 1395 lacta
370 1333 480 1394 saltem
496 1334 536 1395 ad
561 1352 693 1408 annum,
712 1333 791 1394 adeo
808 1339 843 1394 ut
857 1335 1030 1415 Episcopus
1055 1354 1119 1396 non

98 1433 218 1493 debeat
231 1450 290 1510 pro
306 1431 435 1492 arbitrio
450 1449 598 1492 revocare
613 1450 632 1491 a
647 1449 776 1491 munere
806 1449 885 1510 quos
900 1433 1116 1509 assumpserit.

164 1530 314 1606 Magnum
328 1527 441 1588 exinde
453 1529 553 1588 oritur
563 1529 731 1589 discrimen
746 1529 828 1590 inter
839 1533 1006 1607 utramque
1018 1529 1117 1590 labri-

103 1645 186 1702 cam,
198 1626 344 1688 Ecclesiae
356 1625 557 1704 parochialis,
571 1632 602 1686 et
614 1626 815 1688 cathedralis.
829 1628 961 1688 Fabrioa
971 1627 1117 1712 Ecclesia

104 1725 299 1787 cathedralis
318 1743 367 1784 res
389 1725 446 1784 sub
468 1729 547 1794 nutu
568 1725 697 1786 Praelati
717 1724 926 1798 administrat,
943 1725 989 1785 ita
1004 1731 1038 1786 ut
1054 1745 1117 1787 non

101 1823 206 1884 valeat
221 1841 276 1884 suo
289 1821 361 1900 jure
374 1827 522 1894 statuere,
539 1822 594 1882 sed
609 1827 723 1882 cuneta
738 1821 918 1883 definienda
933 1823 996 1882 sint
1008 1826 1117 1884 aucto·
1202 1900 1203 1903 Ἴ

101 1921 194 1982 ritate
209 1921 367 2000 Episcopi.
387 1944 403 1976 «
418 1923 460 1981 Le
476 1920 592 1981 conseil
610 1921 648 1981 de
662 1919 807 1998 fabrique
820 1921 859 1982 de
874 1921 906 1982 la
920 1919 1114 1995 cathedrale,

100 2043 119 2076 a
132 2019 178 2079 ott
189 2021 225 2078 D.
243 2018 379 2096 Gaudry,
396 2023 443 2078 est
457 2019 562 2097 616161
574 2037 617 2078 66
631 2018 784 2079 veritable
800 2018 918 2080 conseil
932 2019 1047 2096 qu’une
1063 2036 1116 2079 au-

26 2160 30 2170 ,
105 2137 121 2174 a
135 2117 229 2176 torite
245 2121 342 2195 ayant
356 2116 385 2176 le
402 2117 485 2176 droit
500 2115 538 2176 de
553 2115 691 2177 decider.
707 2139 722 2172 n
739 2116 830 2195 (Tom
845 2117 896 2191 lll,
914 2125 949 2175 n<>
960 2115 1045 2196 ME.)

162 2215 207 2274 Ea
230 2218 337 2274 tamen
351 2233 421 2293 quaa
437 2213 593 2275 excedunt
607 2214 687 2274 fines
708 2231 801 2274 merae
821 2213 1112 2289 administrationis,

98 2331 131 2372 v.
139 2329 184 2389 g,
194 2311 367 2372 locationes
381 2311 422 2371 ad
432 2311 618 2372 diuturnum
630 2316 765 2391 tempus,
783 2311 991 2372 alienationes
1003 2312 1116 2372 immo-

100 2408 224 2482 bilium,
256 2413 330 2482 616,
358 2408 532 2488 Episcopus
555 2410 657 2470 facere
682 2428 745 2470 non
765 2414 870 2489 potest
895 2409 956 2470 nisi
981 2408 1114 2470 servatis

95 2506 333 2568 conditionibus
353 2525 431 2586 quas
452 2507 524 2585 jure
549 2507 747 2586 praescriptas
772 2507 909 2567 diximus
936 2526 994 2587 pro
1020 2507 1112 2568 bonis

93 2605 321 2684 parochiarum
336 2609 368 2664 et
382 2603 493 2665 habita
508 2604 738 2684 approbatione
751 2605 898 2682 gubernii
912 2606 1021 2666 civilis.

155 2701 188 2764 si
205 2701 358 2780 parochia
382 2702 510 2762 uniatur
525 2703 671 2764 Ecclesiae
697 2704 885 2776 cathedrali,
906 2723 972 2764 non
991 2705 1111 2768 idcirco

91 2799 166 2860 duae
177 2799 306 2860 fabricae
317 2800 505 2860 formantur.
514 2801 585 2861 Una
595 2805 653 2876 est,
663 2819 733 2881 quae
747 2801 832 2862 bona
844 2801 1049 2882 redditusque
1061 2821 1112 2864 ca·

91 2895 248 2957 thedralis
261 2902 292 2956 61
300 2897 460 2974 parochiae
472 2897 565 2958 simul
577 2899 777 2959 administrat
786 2899 809 2959 ¹.
819 2900 953 2978 Expedit
964 2904 1000 2960 ut
1010 2901 1111 2961 reddi-

91 2997 145 3054 tus
160 2993 329 3072 separatim
343 2993 547 3072 reponantur,
559 3002 713 3075 quantum
726 2997 795 3057 fieri
805 3002 919 3077 potest,
932 3003 967 3058 ut
974 2997 1112 3076 judicari

91 3090 192 3170 possit
211 3091 250 3151 de
265 3091 452 3168 redditibus,
469 3093 619 3172 impensis
635 3099 664 3154 et
679 3095 919 3156 necessitatibus
933 3096 1107 3174 parochiae,

90 3186 255 3268 siquando
264 3196 448 3250 recurratur
457 3191 498 3251 ad
507 3175 673 3252 consilium
682 3192 1108 3274 municipaleltlunicipium

138 3380 161 3426 1.
176 3379 236 3428 Ν66
248 3383 406 3432 constatan
423 3381 469 3431 illa
486 3381 586 3434 {abrica
601 3384 729 3434 constitui
749 3385 846 3435 debeat
866 3385 899 3435 ad
920 3385 1108 3448 prascrIptum

88 3453 190 3504 decreti
201 3456 261 3506 1000
269 3469 317 3518 pro
329 3456 438 3508 fabricis
452 3459 659 3522 parochialibus,
670 3474 705 3511 an
718 3463 758 3511 ull
769 3461 871 3512 fabrica
880 3462 1004 3512 Ecclesia
1017 3461 1107 3510 cathe-

87 3529 179 3581 dralis.
206 3532 268 3582 Usu,
284 3535 375 3582 tamen
393 3535 543 3598 praevaluit,
569 3537 615 3588 uhi
635 3537 762 3601 parochia
788 3539 884 3588 unitur
905 3537 1059 3600 cathedrali,
1078 3541 1108 3588 ut

86 3605 401 3732 {gbgcaperigwjum
414 3613 515 3662 statuta
530 3612 656 3676 specialia
671 3627 720 3678 pro
737 3613 861 3677 lubricis„
874 3615 1055 3666 Ecclesieruur
1066 3631 1106 3668 ca-

118 3695 132 3732 6
152 3695 182 3732 ra
192 3697 258 3733 rum.
