2588 4276
137 274 206 323 aar.
231 274 275 322 111.
295 273 479 322 arenearum
497 271 596 322 obtin.
619 273 655 322 ET
676 274 803 324 uasorlo
823 275 966 324 GONVENE.
1006 267 1055 357 241

45 393 209 466 citatione,
230 390 390 452 licentiam
423 391 567 452 concedit
598 391 763 470 Religiosis
789 396 977 453 conventum
1003 392 1073 452 eri-2

44 491 151 569 gandi,
165 491 294 571 expedit
300 495 336 550 ut
345 490 505 551 concessio
515 489 638 568 scriptis
649 489 837 551 authenticis
846 491 1057 568 consignetur,

44 595 81 650 nt
95 590 134 651 de
146 589 205 651 illa
219 594 251 650 et
265 590 305 650 de
319 588 552 650 conditionibus
566 587 698 668 adjectis
713 589 826 650 certius
838 593 969 650 constet.
986 590 1060 650 Haec

46 695 151 750 autem
172 687 277 749 cautio
291 687 405 748 nullibi
421 687 591 766 requiritur
608 689 649 748 ad
668 668 865 749 validitatem
884 686 1059 749 concessio·

44 788 108 863 nis;
125 786 275 866 cognosci
282 790 388 856 potest
400 804 439 847 ex
448 785 691 876 circumstantiis
705 786 815 850 datam
830 785 924 848 luisse
935 803 1059 865 expres·

45 905 113 947 sam
124 885 299 959 licentiam,
314 883 440 946 tametsi
452 902 515 944 non
526 883 688 965 scriptam.

105 985 154 1046 Ad
169 985 260 1046 illum:
278 983 430 1044 Omnibus
445 1001 580 1062 quorum
595 983 726 1044 interest
739 984 787 1044 las
802 987 849 1044 est
863 982 1025 1062 appellare
1040 999 1059 1044 a

47 1084 201 1146 sententia
210 1082 358 1163 Episcopi
370 1082 411 1144 ad
427 1081 711 1161 Congregationem
725 1081 952 1162 Episcoporum
962 1087 994 1143 et
1003 1083 1059 1142 Re·

47 1181 219 1261 gularium3
241 1187 272 1242 et
291 1181 317 1242 si
334 1181 440 1262 reipsa
458 1181 669 1242 intercesserit
692 1180 874 1262 appellatio,
895 1180 1002 1241 omnia
1025 1180 1058 1240 in

48 1300 194 1362 suspenso
209 1285 339 1342 manent
351 1299 390 1341 ex
401 1279 584 1360 praescripto
595 1279 826 1340 constitutionis
840 1279 979 1357 Gregorii
988 1279 1055 1353 xv;

48 1381 208 1459 regulares
228 1398 291 1441 non
317 1379 436 1440 debent
450 1376 691 1439 aedificationem
713 1383 897 1452 conventus,
914 1395 969 1438 seu
984 1395 1057 1438 ora·

48 1478 115 1539 torii
134 1477 266 1557 publici,
290 1476 440 1556 incipere,
463 1493 522 1536 nec
546 1475 717 1554 incoeptam
741 1476 887 1556 persequi
913 1479 1055 1554 possunt,

50 1578 143 1638 donec
154 1576 316 1656 prolatum
331 1575 371 1635 sit
379 1573 534 1653 judicium
550 1574 756 1635 definitivum.

103 1673 514 1756 Supervacuumlorethaec
524 1673 623 1733 fusius
633 1673 802 1753 explicare,
813 1692 883 1753 quac
894 1691 1056 1753 nunquam

49 1774 76 1834 in
98 1773 225 1854 praxim
245 1773 446 1834 adducuntur
474 1772 559 1851 apud
580 1787 649 1834 nos.
671 1772 843 1850 Regulares
864 1772 919 1852 qui
940 1772 1056 1834 alicubi

51 1877 233 1935 conventum
250 1871 372 1950 erigere
383 1871 574 1944 desiderant,
587 1889 644 1931 sua
657 1875 733 1932 vota
744 1871 899 1950 Episcopo
912 1871 974 1932 loci
986 1890 1057 1950 ape·

49 1972 135 2048 aiunt,
157 1989 348 2051 causamque
371 1989 461 2032 suam
480 1969 564 2031 illius
583 1968 708 2030 caritati
728 1975 759 2030 et
779 1970 955 2049 prudentiae
970 1989 1055 2031 com·

49 2072 181 2134 mittunt.
197 2070 379 2132 lnauditum
394 2069 486 2131 nobis
496 2074 544 2130 est
558 2068 751 2129 decisionem
766 2068 925 2149 Episcopi,
937 2067 1055 2148 quavis

49 2171 146 2241 luerit,
158 2171 357 2232 occasionem
367 2186 509 2248 unquam
520 2168 642 2228 dedisse
654 2166 943 2241 reclamationibus
953 2169 1053 2229 multo

48 2270 145 2330 minus
172 2269 332 2331 canonicis
353 2267 634 2348 appellationibus3
662 2285 770 2328 omnes
797 2266 914 2346 quippe
939 2271 1055 2327 norunt

49 2369 212 2449 Episcopos
228 2385 286 2428 sua
299 2366 452 2447 pastorali
467 2365 677 2428 sollicitudine
691 2364 856 2443 aqualiter
868 2366 974 2426 fovere
988 2364 1055 2426 feli-

49 2485 110 2527 cem
130 2472 247 2528 statum
260 2465 484 2546 parochiarum
506 2469 537 2524 et
555 2464 675 2524 bouum
689 2463 906 2524 institutorum
925 2462 1052 2542 religio-

49 2585 155 2627 sorum.
173 2568 241 2627 Hoc
263 2583 362 2625 unum
382 2563 561 2638 intendunt,
576 2561 654 2641 quid
669 2562 771 2640 magis
782 2562 882 2642 prosit
894 2579 958 2624 suae
968 2561 1052 2624 ¹dioe-

51 2664 114 2726 cesi.

100 2765 168 2824 452.
188 2761 390 2837 -1v00utd
401 2763 477 2842 jure
487 2760 698 2842 praecaptum
716 2759 757 2822 ait
774 2759 816 2824 ad
825 2760 1053 2842 provinciarum

52 2861 289 2939 constitutionem,
302 2861 451 2934 unionem,
468 2877 520 2920 seu
535 2857 731 2920 decisionem?

101 2963 167 3023 Non
181 2959 423 3040 estcurpraelati
433 2958 594 3038 regulares
604 2958 690 3020 adire
700 2963 868 3021 teneantur
881 2957 1052 3040 Episcopus

51 3058 180 3120 locorum
191 3077 250 3140 pro
268 3057 502 3136 constitutione,
518 3076 572 3119 scu
587 3057 740 3119 divisione
752 3057 938 3138 provinciae3
955 3077 1053 3139 quan·

1 3155 2 3164 ³
52 3156 208 3237 doquidem
225 3155 460 3238 provinciarum
479 3156 631 3233 definitio,
652 3155 679 3217 si
700 3157 892 3236 caeteroquin
912 3175 976 3217 non
989 3157 1051 3217 eri-

52 3262 155 3332 gantur
181 3256 256 3318 novi
281 3261 463 3333 conventus,
502 3256 681 3318 nullatenus
715 3255 814 3317 officit
840 3254 1052 3334 jurisdictioni
1151 3318 1154 3324 ,

0 3381 1 3408 ι
52 3353 277 3435 Episcoporum,
294 3353 481 3433 nullumque
494 3371 664 3432 gravamen
677 3353 746 3416 aliis
761 3353 911 3414 institutis
923 3353 1050 3432 regula·

52 3451 138 3529 ribus,
153 3473 212 3515 nec
224 3453 335 3515 incolis
346 3452 484 3530 regionis
494 3452 595 3513 affert·
609 3452 654 3514 At
668 3451 812 3531 indigent
823 3452 947 3514 indulto
962 3469 1052 3533 apos·
1130 3436 1131 3439 Ἴ

53 3551 145 3614 tolico.
157 3551 265 3615 Multae
276 3551 515 3614 constitutiones
524 3549 725 3630 reperiuntur
732 3551 765 3610 in
774 3549 924 3627 Bullario,
937 3551 1050 3624 quibus

53 3650 98 3712 SS.
112 3653 279 3714 Pontifices
292 3671 348 3712 sua
363 3651 549 3712 auctoritate
563 3655 736 3710 sanxerunt
745 3649 958 3712 ordinationes
968 3650 1049 3731 capi-

53 3751 177 3814 tulorum
192 3750 388 3832 generalium
401 3747 691 3812 Franciscauorum
704 3755 735 3810 et
748 3749 995 3811 Praedicatorum
1010 3750 1049 3810 de

791 3867 907 3920 ,14
