2604 4274
110 237 177 284 ΛΒΤ.
196 237 245 283 Ill.
264 233 457 290 OUAESTIONES
471 233 611 282 HORALES
626 235 664 281 bu
680 235 877 282 neolauritae
896 237 1017 285 ersten.
1055 229 1111 284 lit

152 355 198 414 De
213 352 388 431 impotentia
397 347 535 411 obsolute
549 367 819 432 supervacaneum
833 356 879 412 est
891 351 1006 413 dicere.

97 442 100 447 ’
151 451 249 511 Adest
261 450 438 531 impotentia
447 447 571 508 morob's
580 450 708 527 quando
718 449 851 510 recitare
866 469 928 511 non
941 469 1109 530 possumus

90 552 194 611 Horas
203 547 370 608 canonicas
385 547 451 606 sine
465 546 554 624 gravi
566 546 665 606 nostri
677 551 732 607 aut
745 547 880 608 aliorum
888 547 1106 625 incommodo;

88 653 170 727 puta
185 646 211 706 si
225 633 374 724 aegrotus,
386 649 466 706 aute
480 644 591 705 morbo
605 645 841 719 convalescens,
858 646 1015 708 timeatne
1028 667 1111 710 mor-

88 747 168 806 bum
183 747 336 823 aggravet
345 743 508 803 recitando
516 741 669 814 officium,
680 741 730 803 v'el
740 744 1012 823 recuperationem
1027 747 1113 806 vale·

88 843 211 905 tudinis
223 839 407 902 notabiliter
419 841 612 913 retardet...,
624 837 700 900 itein
711 840 738 901 si
752 847 863 920 urgeat
878 843 1048 904 necessitas
1060 845 1107 904 in·

88 940 215 1003 visendi
232 945 368 1017 aegrotos
390 937 443 1017 qui
463 938 495 998 in
515 936 749 1017 periculositas
775 945 952 1014 versantur,
975 935 1110 1018 parandi

88 1038 277 1100 concionem
294 1053 365 1116 quae
380 1035 485 1098 omitti
498 1054 562 1096 non
581 1041 697 1114 potest,
717 1035 865 1096 audiendi
880 1037 1110 1099 confessionem

88 1137 144 1198 die
166 1137 287 1196 festo...
311 1133 534 1208 Quandohaec
563 1134 657 1194 simul
679 1134 855 1195 consociari
877 1153 940 1195 non
964 1141 1106 1214 possunt,

89 1232 193 1296 satius
209 1238 258 1293 est
275 1232 421 1292 omittere
447 1231 844 1292 recitationem-Horarum
861 1251 958 1312 quam
972 1231 1108 1293 derelin-
1208 1259 1215 1272 =

89 1349 192 1410 quere
207 1335 362 1408 aegrotum
382 1329 415 1388 in
435 1347 547 1408 agone,
571 1329 725 1408 populum
746 1329 871 1408 privare
893 1330 1108 1408 sacramentis,
1165 1392 1166 1396 ,

89 1429 301 1506 semetipsum
316 1427 406 1506 gravi
420 1426 563 1506 periculo
581 1444 761 1506 exponeres
772 1427 824 1500 At,
841 1445 938 1507 quam
952 1427 1108 1506 periculo·

89 1545 163 1587 sum
178 1525 219 1586 sit
232 1544 272 1586 ne
287 1524 368 1605 quia,
384 1524 450 1585 nelo
462 1524 546 1585 male
559 1524 717 1598 ordinato,
734 1523 876 1603 negligat
889 1525 1110 1602 gravissimum

91 1623 236 1686 officium
251 1621 408 1683 orationis
418 1622 567 1700 publicae,
583 1639 677 1682 nemo
692 1637 756 1683 non
771 1621 868 1684 videt:

152 1719 454 1803 desponsatio-datur
469 1739 488 1780 a
503 1721 535 1782 S.
550 1719 715 1793 Pontifice,
733 1720 759 1778 si
771 1719 810 1780 sit
825 1720 1012 1798 ad'longum
1028 1725 1110 1780 tem-

91 1839 153 1900 pus
178 1835 185 1880 :
203 1837 365 1880 recurrere
382 1815 456 1878 licet
468 1818 510 1878 ad
520 1817 711 1896 Episcopum
725 1817 757 1876 in
773 1809 1111 1896 casriparticul'ari,·ad
1127 1805 1132 1824 '

91 1924 222 1998 tempus
240 1915 344 1978 breve.
367 1917 541 1995 Episcopus
560 1921 666 1994 potest
682 1915 777 1975 etiam
796 1915 836 1975 ad
857 1915 1012 1976 cautelam
1038 1915 1115 1976 dare

92 2016 364 2096 dispensationem
383 2014 416 2074 in
439 2013 563 2074 casibus
583 2031 656 2072 vere
680 2012 795 2086 dubiis,
810 2012 866 2073 ubi
881 2008 1000 2074 scilicet
1019 2018 1114 2092 urget

92 2118 143 2174 sat
158 2131 254 2191 grave
266 2111 503 2174 incommodum
513 2117 548 2172 ut
563 2110 674 2170 merito
689 2110 852 2170 dubitetur
864 2126 904 2170 an
917 2117 1114 2190 praeceptum

92 2209 203 2272 adhuc
219 2210 349 2288 obliget.

151 2306 240 2392 ¹illoto
254 2309 284 2366 l⁰
306 2305 512 2386 Clericus-qui
528 2309 673 2364 versatur
686 2303 719 2364 in
732 2323 808 2364 vcra
820 2304 1017 2382 impotentia,
1036 2306 1113 2384 phy-

92 2405 161 2466 sica
184 2423 239 2464 seu
259 2404 384 2478 morali,
408 2422 473 2464 non
492 2407 618 2464 tenetur
639 2402 773 2463 recitare
798 2402 876 2462 alias
906 2421 1016 2481 preces
1043 2402 1116 2464 loco

93 2504 252 2564 Horarum
268 2501 509 2576 canonicarum3
526 2501 601 2580 quia
615 2505 812 2579 praeceptum
830 2499 1060 2573 determinatur
1073 2501 1114 2561 ad

93 2601 197 2662 Horas
209 2601 389 2673 canonicas,
407 2616 472 2660 non
488 2599 528 2658 ad
543 2597 622 2658 alias
634 2597 668 2657 in
681 2615 798 2676 genere
810 2598 1021 2676 precationes

155 2701 189 2758 2⁰
204 2699 262 2771 Qui
282 2717 346 2758 non
361 2703 466 2778 potest
481 2701 584 2757 totum
602 2696 742 2757 officium
761 2696 906 2769 recitare,
923 2701 1028 2776 potest
1038 2713 1117 2756 vero

93 2801 232 2875 partem,
245 2796 286 2855 ad
300 2796 389 2856 illam
401 2800 535 2868 tenetur,
551 2794 645 2856 modo
656 2794 697 2855 sit
706 2794 867 2872 notabilis,
878 2795 957 2856 adeo
968 2800 1003 2855 ut
1019 2811 1114 2856 unam

94 2895 209 2956 saltem
222 2895 335 2955 horam
347 2895 530 2955 constituat.

156 2995 190 3052 3⁰
205 2993 239 3055 Si
251 2992 514 3072 impedimentum
525 2991 697 3070 praevideat
712 2991 856 3068 clericus,
873 2997 903 3052 et
918 2983 1017 3069 possit
1031 2989 1115 3050 anti-

96 3091 204 3170 cipare
226 3090 445 3152 recitationem
464 3089 613 3150 breviarii
634 3093 707 3152 ante
722 3089 897 3162 meridiem,
915 3089 947 3147 id
964 3093 1117 3167 praestare

98 3188 203 3262 debet,
227 3188 379 3268 quoniam
403 3187 556 3267 obligatio
571 3191 672 3248 totam
696 3187 780 3246 diem
793 3185 901 3246 aflicit.
919 3172 1056 3246 Dubium
1069 3192 1116 3246 est

97 3291 205 3348 tamen
217 3305 258 3348 an
270 3286 354 3346 idem
370 3285 539 3347 dicendum
554 3283 593 3345 sit
609 3285 647 3344 de
663 3284 769 3345 cilicio
794 3277 962 3359 matutino,
982 3303 1022 3344 an
1050 3284 1114 3344 cle·

61 3387 68 3395 '
98 3385 181 3446 nous
198 3389 347 3445 teneatur
362 3383 442 3444 illud
462 3384 595 3444 recitare
610 3383 662 3442 die
680 3381 881 3460 praecedenti.
900 3382 977 3442 Gum
987 3381 1039 3460 jus
1061 3399 1115 3442 seu
1205 3369 1208 3372 ¹

96 3481 233 3544 facultas
254 3481 408 3542 recitandi
431 3485 622 3542 nocturnum
642 3499 714 3540 cum
741 3469 900 3540 Laudibus
926 3479 975 3540 die
995 3495 1113 3558 praece-

97 3580 186 3642 denti
212 3579 253 3640 sit
276 3579 490 3660 privilegium,
512 3584 544 3639 et
556 3578 747 3658 principium
769 3596 938 3640 commune
960 3577 1118 3640 habeatur

84 3673 259 3756 neminem
275 3674 376 3735 teneri
390 3673 438 3734 uti
453 3673 630 3753 privilegio,
654 3672 795 3752 theologi
813 3674 888 3736 satis
908 3673 1117 3738 communiter
