<?xml version="1.0" encoding="UTF-8"?>
<!DOCTYPE html PUBLIC "-//W3C//DTD XHTML 1.0 Transitional//EN"
    "http://www.w3.org/TR/xhtml1/DTD/xhtml1-transitional.dtd">
<html xmlns="http://www.w3.org/1999/xhtml" xml:lang="en" lang="en">
 <head>
  <title>
</title>
<meta http-equiv="Content-Type" content="text/html;charset=utf-8" />
  <meta name='ocr-system' content='tesseract 3.04.00' />
  <meta name='ocr-capabilities' content='ocr_page ocr_carea ocr_par ocr_line ocrx_word'/>
</head>
<body>
  <div class='ocr_page' id='page_1' title='image "./praelectionesju00murrgoog_0364.png"; bbox 0 0 2568 4272; ppageno 0'>
   <div class='ocr_carea' id='block_1_1' title="bbox 217 302 1046 358">
    <p class='ocr_par' dir='ltr' id='par_1_1' title="bbox 217 302 1046 358">
     <span class='ocr_line' id='line_1_1' title="bbox 217 302 1046 358; baseline 0.005 -7"><span class='ocrx_word' id='word_1_1' title='bbox 217 305 292 352; x_wconf 79' lang='lat' dir='ltr'>aar.</span> <span class='ocrx_word' id='word_1_2' title='bbox 315 305 336 354; x_wconf 92' lang='lat'>1.</span> <span class='ocrx_word' id='word_1_3' title='bbox 357 305 444 354; x_wconf 76' lang='lat' dir='ltr'>ORIGO</span> <span class='ocrx_word' id='word_1_4' title='bbox 464 308 500 354; x_wconf 81' lang='grc' dir='ltr'>ΕΤ</span> <span class='ocrx_word' id='word_1_5' title='bbox 520 307 670 356; x_wconf 79' lang='lat' dir='ltr'>OBJECTUM</span> <span class='ocrx_word' id='word_1_6' title='bbox 690 308 856 358; x_wconf 75' lang='lat' dir='ltr'>FCSTORUM.</span> <span class='ocrx_word' id='word_1_7' title='bbox 994 302 1046 356; x_wconf 84' lang='grc'>353</span> 
     </span>
    </p>
   </div>
   <div class='ocr_carea' id='block_1_2' title="bbox 13 422 1049 3338">
    <p class='ocr_par' dir='ltr' id='par_1_2' title="bbox 13 422 1048 1658">
     <span class='ocr_line' id='line_1_2' title="bbox 70 422 1043 503; baseline 0 -19"><span class='ocrx_word' id='word_1_8' title='bbox 70 427 103 484; x_wconf 78' lang='lat'>2⁰</span> <span class='ocrx_word' id='word_1_9' title='bbox 123 422 276 485; x_wconf 90' lang='lat' dir='ltr'>Multum</span> <span class='ocrx_word' id='word_1_10' title='bbox 295 425 390 486; x_wconf 90' lang='lat' dir='ltr'>etiam</span> <span class='ocrx_word' id='word_1_11' title='bbox 409 425 583 487; x_wconf 89' lang='lat' dir='ltr'>inserviunt</span> <span class='ocrx_word' id='word_1_12' title='bbox 601 424 685 485; x_wconf 92' lang='lat' dir='ltr'>bono</span> <span class='ocrx_word' id='word_1_13' title='bbox 707 423 863 503; x_wconf 69' lang='lat' dir='ltr'>spirituali</span> <span class='ocrx_word' id='word_1_14' title='bbox 882 423 1043 498; x_wconf 78' lang='lat' dir='ltr'>fidelium3</span> 
     </span>
     <span class='ocr_line' id='line_1_3' title="bbox 13 520 1046 601; baseline 0.002 -22"><span class='ocrx_word' id='word_1_15' title='bbox 13 523 91 580; x_wconf 90' lang='lat' dir='ltr'>festa</span> <span class='ocrx_word' id='word_1_16' title='bbox 110 520 283 600; x_wconf 84' lang='lat' dir='ltr'>siquidem</span> <span class='ocrx_word' id='word_1_17' title='bbox 303 521 423 584; x_wconf 90' lang='lat' dir='ltr'>habent</span> <span class='ocrx_word' id='word_1_18' title='bbox 439 522 599 601; x_wconf 88' lang='lat' dir='ltr'>objectum</span> <span class='ocrx_word' id='word_1_19' title='bbox 618 521 811 600; x_wconf 86' lang='lat' dir='ltr'>proximum,</span> <span class='ocrx_word' id='word_1_20' title='bbox 832 522 917 600; x_wconf 92' lang='lat' dir='ltr'>quod</span> <span class='ocrx_word' id='word_1_21' title='bbox 932 527 979 582; x_wconf 89' lang='lat' dir='ltr'>est</span> <span class='ocrx_word' id='word_1_22' title='bbox 997 539 1046 582; x_wconf 90' lang='lat' dir='ltr'>res</span> 
     </span>
     <span class='ocr_line' id='line_1_4' title="bbox 14 615 1046 698; baseline 0.001 -20"><span class='ocrx_word' id='word_1_23' title='bbox 14 620 79 697; x_wconf 91' lang='lat' dir='ltr'>ipsa</span> <span class='ocrx_word' id='word_1_24' title='bbox 96 623 219 679; x_wconf 88' lang='lat' dir='ltr'>sancta</span> <span class='ocrx_word' id='word_1_25' title='bbox 237 637 335 698; x_wconf 87' lang='lat' dir='ltr'>quam</span> <span class='ocrx_word' id='word_1_26' title='bbox 355 621 443 682; x_wconf 89' lang='lat' dir='ltr'>cultu</span> <span class='ocrx_word' id='word_1_27' title='bbox 461 620 642 681; x_wconf 83' lang='lat' dir='ltr'>immediate</span> <span class='ocrx_word' id='word_1_28' title='bbox 657 615 859 679; x_wconf 87' lang='lat' dir='ltr'>intendimus.</span> <span class='ocrx_word' id='word_1_29' title='bbox 880 619 1046 697; x_wconf 86' lang='lat' dir='ltr'>Objectum</span> 
     </span>
     <span class='ocr_line' id='line_1_5' title="bbox 14 716 1046 797; baseline 0.004 -23"><span class='ocrx_word' id='word_1_30' title='bbox 14 716 89 776; x_wconf 88' lang='lat' dir='ltr'>illud</span> <span class='ocrx_word' id='word_1_31' title='bbox 102 723 153 778; x_wconf 87' lang='lat' dir='ltr'>est</span> <span class='ocrx_word' id='word_1_32' title='bbox 171 717 354 795; x_wconf 89' lang='lat' dir='ltr'>aliquando</span> <span class='ocrx_word' id='word_1_33' title='bbox 368 719 495 797; x_wconf 90' lang='lat' dir='ltr'>quidem</span> <span class='ocrx_word' id='word_1_34' title='bbox 511 718 640 779; x_wconf 93' lang='lat' dir='ltr'>omnino</span> <span class='ocrx_word' id='word_1_35' title='bbox 654 718 795 778; x_wconf 82' lang='lat' dir='ltr'>sensibus</span> <span class='ocrx_word' id='word_1_36' title='bbox 810 717 998 796; x_wconf 90' lang='lat' dir='ltr'>impervium</span> <span class='ocrx_word' id='word_1_37' title='bbox 1010 736 1046 778; x_wconf 91' lang='lat' dir='ltr'>ac</span> 
     </span>
     <span class='ocr_line' id='line_1_6' title="bbox 15 814 1045 894; baseline 0.001 -20"><span class='ocrx_word' id='word_1_38' title='bbox 15 814 195 892; x_wconf 82' lang='lat' dir='ltr'>spirituale,</span> <span class='ocrx_word' id='word_1_39' title='bbox 221 835 256 875; x_wconf 90' lang='lat' dir='ltr'>v.</span> <span class='ocrx_word' id='word_1_40' title='bbox 278 834 322 892; x_wconf 91' lang='lat' dir='ltr'>g.,</span> <span class='ocrx_word' id='word_1_41' title='bbox 342 817 538 877; x_wconf 89' lang='lat' dir='ltr'>sanctissima</span> <span class='ocrx_word' id='word_1_42' title='bbox 556 816 693 878; x_wconf 83' lang='lat' dir='ltr'>Trinitas</span> <span class='ocrx_word' id='word_1_43' title='bbox 708 820 739 876; x_wconf 90' lang='lat' dir='ltr'>et</span> <span class='ocrx_word' id='word_1_44' title='bbox 749 815 913 894; x_wconf 89' lang='lat' dir='ltr'>conceptio</span> <span class='ocrx_word' id='word_1_45' title='bbox 930 816 1045 875; x_wconf 91' lang='lat' dir='ltr'>imma·</span> 
     </span>
     <span class='ocr_line' id='line_1_7' title="bbox 16 911 1048 994; baseline 0.001 -22"><span class='ocrx_word' id='word_1_46' title='bbox 16 911 118 972; x_wconf 89' lang='lat' dir='ltr'>culata</span> <span class='ocrx_word' id='word_1_47' title='bbox 133 913 255 974; x_wconf 84' lang='lat' dir='ltr'>Beatae</span> <span class='ocrx_word' id='word_1_48' title='bbox 268 914 404 991; x_wconf 85' lang='lat' dir='ltr'>Virginis</span> <span class='ocrx_word' id='word_1_49' title='bbox 418 934 424 984; x_wconf 88' lang='lat'>;</span> <span class='ocrx_word' id='word_1_50' title='bbox 442 915 556 994; x_wconf 78' lang='lat' dir='ltr'>sapius</span> <span class='ocrx_word' id='word_1_51' title='bbox 570 934 644 976; x_wconf 88' lang='lat' dir='ltr'>vero</span> <span class='ocrx_word' id='word_1_52' title='bbox 660 920 835 988; x_wconf 84' lang='lat' dir='ltr'>externum,</span> <span class='ocrx_word' id='word_1_53' title='bbox 853 919 887 974; x_wconf 93' lang='lat' dir='ltr'>ut</span> <span class='ocrx_word' id='word_1_54' title='bbox 897 913 1048 993; x_wconf 87' lang='lat' dir='ltr'>mysteria</span> 
     </span>
     <span class='ocr_line' id='line_1_8' title="bbox 19 1009 1046 1089; baseline 0.003 -20"><span class='ocrx_word' id='word_1_55' title='bbox 19 1009 209 1084; x_wconf 87' lang='lat' dir='ltr'>nativitatis,</span> <span class='ocrx_word' id='word_1_56' title='bbox 235 1010 392 1089; x_wconf 90' lang='lat' dir='ltr'>passionis</span> <span class='ocrx_word' id='word_1_57' title='bbox 412 1017 444 1074; x_wconf 88' lang='lat' dir='ltr'>et</span> <span class='ocrx_word' id='word_1_58' title='bbox 465 1013 702 1074; x_wconf 89' lang='lat' dir='ltr'>resurrectionis</span> <span class='ocrx_word' id='word_1_59' title='bbox 721 1012 848 1083; x_wconf 86' lang='lat' dir='ltr'>Christi,</span> <span class='ocrx_word' id='word_1_60' title='bbox 871 1012 935 1072; x_wconf 91' lang='lat' dir='ltr'>vita</span> <span class='ocrx_word' id='word_1_61' title='bbox 955 1029 1046 1072; x_wconf 90' lang='lat' dir='ltr'>sanc·</span> 
     </span>
     <span class='ocr_line' id='line_1_9' title="bbox 18 1108 1048 1190; baseline 0.002 -24"><span class='ocrx_word' id='word_1_62' title='bbox 18 1113 131 1184; x_wconf 90' lang='lat' dir='ltr'>torum,</span> <span class='ocrx_word' id='word_1_63' title='bbox 150 1113 250 1170; x_wconf 84' lang='lat' dir='ltr'>etc...</span> <span class='ocrx_word' id='word_1_64' title='bbox 272 1110 398 1171; x_wconf 85' lang='lat' dir='ltr'>Habent</span> <span class='ocrx_word' id='word_1_65' title='bbox 413 1110 543 1189; x_wconf 88' lang='lat' dir='ltr'>insuper</span> <span class='ocrx_word' id='word_1_66' title='bbox 561 1110 708 1190; x_wconf 78' lang='lat' dir='ltr'>objectum</span> <span class='ocrx_word' id='word_1_67' title='bbox 724 1110 809 1188; x_wconf 90' lang='lat' dir='ltr'>quod</span> <span class='ocrx_word' id='word_1_68' title='bbox 823 1108 963 1186; x_wconf 81' lang='lat' dir='ltr'>theologi</span> <span class='ocrx_word' id='word_1_69' title='bbox 977 1109 1048 1188; x_wconf 80' lang='lat' dir='ltr'>sor-</span> 
     </span>
     <span class='ocr_line' id='line_1_10' title="bbox 20 1203 1045 1287; baseline 0.002 -23"><span class='ocrx_word' id='word_1_70' title='bbox 20 1203 91 1265; x_wconf 86' lang='lat' dir='ltr'>male</span> <span class='ocrx_word' id='word_1_71' title='bbox 110 1205 245 1281; x_wconf 91' lang='lat' dir='ltr'>dicunt,</span> <span class='ocrx_word' id='word_1_72' title='bbox 268 1225 395 1268; x_wconf 90' lang='lat' dir='ltr'>causam</span> <span class='ocrx_word' id='word_1_73' title='bbox 415 1226 541 1287; x_wconf 87' lang='lat' dir='ltr'>nempe,</span> <span class='ocrx_word' id='word_1_74' title='bbox 562 1227 617 1269; x_wconf 90' lang='lat' dir='ltr'>seu</span> <span class='ocrx_word' id='word_1_75' title='bbox 637 1208 791 1268; x_wconf 90' lang='lat' dir='ltr'>rationem</span> <span class='ocrx_word' id='word_1_76' title='bbox 807 1225 870 1285; x_wconf 91' lang='lat' dir='ltr'>qua</span> <span class='ocrx_word' id='word_1_77' title='bbox 887 1205 1045 1284; x_wconf 89' lang='lat' dir='ltr'>objectum</span> 
     </span>
     <span class='ocr_line' id='line_1_11' title="bbox 21 1302 1045 1384; baseline 0.003 -23"><span class='ocrx_word' id='word_1_78' title='bbox 21 1302 205 1379; x_wconf 82' lang='lat' dir='ltr'>proximum</span> <span class='ocrx_word' id='word_1_79' title='bbox 223 1305 409 1366; x_wconf 86' lang='lat' dir='ltr'>attenditur.</span> <span class='ocrx_word' id='word_1_80' title='bbox 423 1308 522 1366; x_wconf 89' lang='lat' dir='ltr'>Porro</span> <span class='ocrx_word' id='word_1_81' title='bbox 539 1325 578 1366; x_wconf 83' lang='lat' dir='ltr'>ex</span> <span class='ocrx_word' id='word_1_82' title='bbox 592 1307 648 1367; x_wconf 91' lang='lat' dir='ltr'>illa</span> <span class='ocrx_word' id='word_1_83' title='bbox 663 1305 913 1367; x_wconf 82' lang='lat' dir='ltr'>consideratione</span> <span class='ocrx_word' id='word_1_84' title='bbox 928 1309 1045 1384; x_wconf 89' lang='lat' dir='ltr'>myste-</span> 
     </span>
     <span class='ocr_line' id='line_1_12' title="bbox 23 1399 1046 1483; baseline 0.004 -25"><span class='ocrx_word' id='word_1_85' title='bbox 23 1399 136 1460; x_wconf 88' lang='lat' dir='ltr'>riorum</span> <span class='ocrx_word' id='word_1_86' title='bbox 153 1406 189 1462; x_wconf 89' lang='lat' dir='ltr'>et</span> <span class='ocrx_word' id='word_1_87' title='bbox 206 1403 332 1463; x_wconf 89' lang='lat' dir='ltr'>actibus</span> <span class='ocrx_word' id='word_1_88' title='bbox 347 1403 472 1481; x_wconf 90' lang='lat' dir='ltr'>pietatis</span> <span class='ocrx_word' id='word_1_89' title='bbox 487 1405 600 1483; x_wconf 89' lang='lat' dir='ltr'>quibus</span> <span class='ocrx_word' id='word_1_90' title='bbox 616 1421 654 1464; x_wconf 88' lang='lat' dir='ltr'>ea</span> <span class='ocrx_word' id='word_1_91' title='bbox 670 1403 927 1477; x_wconf 83' lang='lat' dir='ltr'>colerestudent‚</span> <span class='ocrx_word' id='word_1_92' title='bbox 944 1403 1046 1462; x_wconf 86' lang='lat' dir='ltr'>maxi-</span> 
     </span>
     <span class='ocr_line' id='line_1_13' title="bbox 23 1500 1047 1581; baseline 0.005 -27"><span class='ocrx_word' id='word_1_93' title='bbox 23 1515 103 1556; x_wconf 89' lang='lat' dir='ltr'>mum</span> <span class='ocrx_word' id='word_1_94' title='bbox 112 1503 206 1559; x_wconf 89' lang='lat' dir='ltr'>certe</span> <span class='ocrx_word' id='word_1_95' title='bbox 217 1500 375 1561; x_wconf 87' lang='lat' dir='ltr'>auxilium</span> <span class='ocrx_word' id='word_1_96' title='bbox 384 1501 493 1562; x_wconf 84' lang='lat' dir='ltr'>fideles</span> <span class='ocrx_word' id='word_1_97' title='bbox 502 1501 680 1581; x_wconf 90' lang='lat' dir='ltr'>percipiunt</span> <span class='ocrx_word' id='word_1_98' title='bbox 690 1500 731 1561; x_wconf 90' lang='lat' dir='ltr'>ad</span> <span class='ocrx_word' id='word_1_99' title='bbox 739 1519 828 1561; x_wconf 87' lang='lat' dir='ltr'>suam</span> <span class='ocrx_word' id='word_1_100' title='bbox 837 1500 1047 1560; x_wconf 86' lang='lat' dir='ltr'>eruditionem</span> 
     </span>
     <span class='ocr_line' id='line_1_14' title="bbox 26 1595 331 1658; baseline 0.02 -6"><span class='ocrx_word' id='word_1_101' title='bbox 26 1599 52 1654; x_wconf 85' lang='lat' dir='ltr'>ot</span> <span class='ocrx_word' id='word_1_102' title='bbox 65 1595 331 1658; x_wconf 78' lang='lat' dir='ltr'>edificationem.</span> 
     </span>
    </p>

    <p class='ocr_par' dir='ltr' id='par_1_3' title="bbox 28 1679 1046 1950">
     <span class='ocr_line' id='line_1_15' title="bbox 79 1679 1045 1771; baseline 0.001 -19"><span class='ocrx_word' id='word_1_103' title='bbox 79 1694 110 1752; x_wconf 87' lang='lat'>3⁰</span> <span class='ocrx_word' id='word_1_104' title='bbox 131 1695 207 1754; x_wconf 92' lang='lat' dir='ltr'>Non</span> <span class='ocrx_word' id='word_1_105' title='bbox 225 1696 331 1756; x_wconf 92' lang='lat' dir='ltr'>minus</span> <span class='ocrx_word' id='word_1_106' title='bbox 346 1697 473 1758; x_wconf 89' lang='lat' dir='ltr'>evidens</span> <span class='ocrx_word' id='word_1_107' title='bbox 493 1702 540 1756; x_wconf 91' lang='lat' dir='ltr'>est</span> <span class='ocrx_word' id='word_1_108' title='bbox 558 1698 638 1758; x_wconf 86' lang='lat' dir='ltr'>festa</span> <span class='ocrx_word' id='word_1_109' title='bbox 655 1679 746 1757; x_wconf 71' lang='lat' dir='ltr'>&#39;valde</span> <span class='ocrx_word' id='word_1_110' title='bbox 762 1697 905 1757; x_wconf 83' lang='lat' dir='ltr'>conterre</span> <span class='ocrx_word' id='word_1_111' title='bbox 920 1695 961 1754; x_wconf 91' lang='lat' dir='ltr'>ad</span> <span class='ocrx_word' id='word_1_112' title='bbox 976 1695 1045 1771; x_wconf 87' lang='lat' dir='ltr'>glo-</span> 
     </span>
     <span class='ocr_line' id='line_1_16' title="bbox 28 1789 1046 1874; baseline 0.004 -27"><span class='ocrx_word' id='word_1_113' title='bbox 28 1789 100 1850; x_wconf 90' lang='lat' dir='ltr'>riam</span> <span class='ocrx_word' id='word_1_114' title='bbox 122 1798 325 1854; x_wconf 90' lang='lat' dir='ltr'>sanctorum.</span> <span class='ocrx_word' id='word_1_115' title='bbox 348 1795 384 1855; x_wconf 90' lang='lat' dir='ltr'>ld</span> <span class='ocrx_word' id='word_1_116' title='bbox 403 1794 597 1871; x_wconf 83' lang='lat' dir='ltr'>argumentis</span> <span class='ocrx_word' id='word_1_117' title='bbox 620 1794 756 1873; x_wconf 88' lang='lat' dir='ltr'>probare</span> <span class='ocrx_word' id='word_1_118' title='bbox 776 1809 1046 1874; x_wconf 90' lang='lat' dir='ltr'>supervacaneum</span> 
     </span>
     <span class='ocr_line' id='line_1_17' title="bbox 28 1887 155 1950; baseline 0.039 -5"><span class='ocrx_word' id='word_1_119' title='bbox 28 1887 155 1950; x_wconf 88' lang='lat' dir='ltr'>videtur.</span> 
     </span>
    </p>

    <p class='ocr_par' dir='ltr' id='par_1_4' title="bbox 31 1986 1049 3338">
     <span class='ocr_line' id='line_1_18' title="bbox 81 1986 1047 2069; baseline 0.001 -24"><span class='ocrx_word' id='word_1_120' title='bbox 81 1986 119 2048; x_wconf 89' lang='lat' dir='ltr'>ll.</span> <span class='ocrx_word' id='word_1_121' title='bbox 142 1988 348 2050; x_wconf 80' lang='lat' dir='ltr'>Festivitates</span> <span class='ocrx_word' id='word_1_122' title='bbox 365 1990 519 2068; x_wconf 75' lang='lat' dir='ltr'>religiose</span> <span class='ocrx_word' id='word_1_123' title='bbox 540 1990 580 2050; x_wconf 89' lang='lat' dir='ltr'>ab</span> <span class='ocrx_word' id='word_1_124' title='bbox 598 1990 674 2069; x_wconf 89' lang='lat' dir='ltr'>ipsis</span> <span class='ocrx_word' id='word_1_125' title='bbox 691 1990 788 2052; x_wconf 92' lang='lat' dir='ltr'>initiis</span> <span class='ocrx_word' id='word_1_126' title='bbox 805 1990 907 2051; x_wconf 92' lang='lat' dir='ltr'>cultus</span> <span class='ocrx_word' id='word_1_127' title='bbox 927 1987 1047 2067; x_wconf 84' lang='lat' dir='ltr'>publici</span> 
     </span>
     <span class='ocr_line' id='line_1_19' title="bbox 31 2085 1045 2167; baseline 0.006 -26"><span class='ocrx_word' id='word_1_128' title='bbox 31 2089 127 2144; x_wconf 91' lang='lat' dir='ltr'>ortum</span> <span class='ocrx_word' id='word_1_129' title='bbox 143 2085 302 2148; x_wconf 89' lang='lat' dir='ltr'>habuere.</span> <span class='ocrx_word' id='word_1_130' title='bbox 319 2088 378 2149; x_wconf 87' lang='lat' dir='ltr'>Vix</span> <span class='ocrx_word' id='word_1_131' title='bbox 392 2088 530 2148; x_wconf 90' lang='lat' dir='ltr'>dubitari</span> <span class='ocrx_word' id='word_1_132' title='bbox 545 2092 649 2167; x_wconf 90' lang='lat' dir='ltr'>potest</span> <span class='ocrx_word' id='word_1_133' title='bbox 664 2088 751 2166; x_wconf 91' lang='lat' dir='ltr'>quin,</span> <span class='ocrx_word' id='word_1_134' title='bbox 770 2093 842 2150; x_wconf 90' lang='lat' dir='ltr'>ante</span> <span class='ocrx_word' id='word_1_135' title='bbox 856 2087 959 2165; x_wconf 90' lang='lat' dir='ltr'>legem</span> <span class='ocrx_word' id='word_1_136' title='bbox 977 2087 1045 2149; x_wconf 83' lang='lat' dir='ltr'>Mo-</span> 
     </span>
     <span class='ocr_line' id='line_1_20' title="bbox 32 2179 1047 2262; baseline 0.007 -24"><span class='ocrx_word' id='word_1_137' title='bbox 32 2179 153 2254; x_wconf 90' lang='lat' dir='ltr'>saicam‚</span> <span class='ocrx_word' id='word_1_138' title='bbox 171 2184 366 2262; x_wconf 77' lang='lat' dir='ltr'>patriarche</span> <span class='ocrx_word' id='word_1_139' title='bbox 381 2185 550 2246; x_wconf 88' lang='lat' dir='ltr'>habuerint</span> <span class='ocrx_word' id='word_1_140' title='bbox 564 2186 629 2246; x_wconf 86' lang='lat' dir='ltr'>dies</span> <span class='ocrx_word' id='word_1_141' title='bbox 639 2187 734 2247; x_wconf 88' lang='lat' dir='ltr'>festos</span> <span class='ocrx_word' id='word_1_142' title='bbox 747 2187 788 2247; x_wconf 93' lang='lat' dir='ltr'>ad</span> <span class='ocrx_word' id='word_1_143' title='bbox 798 2203 1047 2246; x_wconf 90' lang='lat' dir='ltr'>commemoran-</span> 
     </span>
     <span class='ocr_line' id='line_1_21' title="bbox 33 2277 1047 2359; baseline 0.005 -24"><span class='ocrx_word' id='word_1_144' title='bbox 33 2277 100 2337; x_wconf 90' lang='lat' dir='ltr'>dum</span> <span class='ocrx_word' id='word_1_145' title='bbox 109 2280 166 2340; x_wconf 89' lang='lat' dir='ltr'>Dei</span> <span class='ocrx_word' id='word_1_146' title='bbox 178 2300 259 2358; x_wconf 88' lang='lat' dir='ltr'>erga</span> <span class='ocrx_word' id='word_1_147' title='bbox 267 2301 299 2342; x_wconf 88' lang='lat' dir='ltr'>se</span> <span class='ocrx_word' id='word_1_148' title='bbox 310 2282 475 2359; x_wconf 88' lang='lat' dir='ltr'>beneficia,</span> <span class='ocrx_word' id='word_1_149' title='bbox 488 2302 559 2344; x_wconf 92' lang='lat' dir='ltr'>cum</span> <span class='ocrx_word' id='word_1_150' title='bbox 569 2283 713 2344; x_wconf 91' lang='lat' dir='ltr'>illostam</span> <span class='ocrx_word' id='word_1_151' title='bbox 723 2281 874 2343; x_wconf 88' lang='lat' dir='ltr'>sollicitos</span> <span class='ocrx_word' id='word_1_152' title='bbox 882 2282 1047 2342; x_wconf 91' lang='lat' dir='ltr'>videamus</span> 
     </span>
     <span class='ocr_line' id='line_1_22' title="bbox 35 2373 1047 2460; baseline 0.005 -27"><span class='ocrx_word' id='word_1_153' title='bbox 35 2373 227 2454; x_wconf 87' lang='lat' dir='ltr'>inerigendo</span> <span class='ocrx_word' id='word_1_154' title='bbox 238 2385 446 2440; x_wconf 89' lang='lat' dir='ltr'>monumenta</span> <span class='ocrx_word' id='word_1_155' title='bbox 458 2381 507 2440; x_wconf 90' lang='lat' dir='ltr'>sui</span> <span class='ocrx_word' id='word_1_156' title='bbox 520 2381 602 2460; x_wconf 92' lang='lat' dir='ltr'>grati</span> <span class='ocrx_word' id='word_1_157' title='bbox 615 2380 721 2441; x_wconf 92' lang='lat' dir='ltr'>animi.</span> <span class='ocrx_word' id='word_1_158' title='bbox 738 2379 847 2440; x_wconf 90' lang='lat' dir='ltr'>Plures</span> <span class='ocrx_word' id='word_1_159' title='bbox 860 2379 1047 2441; x_wconf 82' lang='lat' dir='ltr'>festivitates</span> 
     </span>
     <span class='ocr_line' id='line_1_23' title="bbox 35 2469 1046 2556; baseline 0.004 -25"><span class='ocrx_word' id='word_1_160' title='bbox 35 2473 107 2534; x_wconf 83' lang='lat' dir='ltr'>licus</span> <span class='ocrx_word' id='word_1_161' title='bbox 126 2477 271 2538; x_wconf 84' lang='lat' dir='ltr'>Hebraeis</span> <span class='ocrx_word' id='word_1_162' title='bbox 291 2478 456 2554; x_wconf 83' lang='lat' dir='ltr'>concessit,</span> <span class='ocrx_word' id='word_1_163' title='bbox 475 2483 591 2556; x_wconf 85' lang='lat' dir='ltr'>praeter</span> <span class='ocrx_word' id='word_1_164' title='bbox 611 2479 795 2551; x_wconf 89' lang='lat' dir='ltr'>Sabbatum,</span> <span class='ocrx_word' id='word_1_165' title='bbox 817 2477 945 2556; x_wconf 87' lang='lat' dir='ltr'>quando</span> <span class='ocrx_word' id='word_1_166' title='bbox 968 2469 1046 2536; x_wconf 86' lang='lat' dir='ltr'>ritus¹</span> 
     </span>
     <span class='ocr_line' id='line_1_24' title="bbox 37 2570 1047 2654; baseline 0.005 -25"><span class='ocrx_word' id='word_1_167' title='bbox 37 2570 171 2647; x_wconf 90' lang='lat' dir='ltr'>publicos</span> <span class='ocrx_word' id='word_1_168' title='bbox 187 2575 416 2636; x_wconf 89' lang='lat' dir='ltr'>sacrificiorum</span> <span class='ocrx_word' id='word_1_169' title='bbox 428 2575 574 2652; x_wconf 89' lang='lat' dir='ltr'>instituit,</span> <span class='ocrx_word' id='word_1_170' title='bbox 589 2581 624 2635; x_wconf 92' lang='lat' dir='ltr'>ut</span> <span class='ocrx_word' id='word_1_171' title='bbox 633 2575 757 2636; x_wconf 90' lang='lat' dir='ltr'>facilius</span> <span class='ocrx_word' id='word_1_172' title='bbox 766 2593 823 2654; x_wconf 88' lang='lat' dir='ltr'>per</span> <span class='ocrx_word' id='word_1_173' title='bbox 833 2579 967 2635; x_wconf 89' lang='lat' dir='ltr'>statutos</span> <span class='ocrx_word' id='word_1_174' title='bbox 981 2573 1047 2634; x_wconf 87' lang='lat' dir='ltr'>dias</span> 
     </span>
     <span class='ocr_line' id='line_1_25' title="bbox 37 2665 1046 2752; baseline 0.008 -28"><span class='ocrx_word' id='word_1_175' title='bbox 37 2665 89 2728; x_wconf 90' lang='lat' dir='ltr'>sibi</span> <span class='ocrx_word' id='word_1_176' title='bbox 101 2678 264 2748; x_wconf 87' lang='lat' dir='ltr'>vacarent,</span> <span class='ocrx_word' id='word_1_177' title='bbox 283 2690 319 2733; x_wconf 91' lang='lat' dir='ltr'>ac</span> <span class='ocrx_word' id='word_1_178' title='bbox 334 2672 510 2752; x_wconf 83' lang='lat' dir='ltr'>religiosius</span> <span class='ocrx_word' id='word_1_179' title='bbox 523 2673 630 2734; x_wconf 80' lang='lat' dir='ltr'>officio</span> <span class='ocrx_word' id='word_1_180' title='bbox 645 2674 891 2735; x_wconf 85' lang='lat' dir='ltr'>continerentur.</span> <span class='ocrx_word' id='word_1_181' title='bbox 909 2673 982 2733; x_wconf 87' lang='lat' dir='ltr'>Haec</span> <span class='ocrx_word' id='word_1_182' title='bbox 998 2670 1046 2731; x_wconf 94' lang='lat' dir='ltr'>di-</span> 
     </span>
     <span class='ocr_line' id='line_1_26' title="bbox 40 2764 1047 2848; baseline 0.008 -26"><span class='ocrx_word' id='word_1_183' title='bbox 40 2764 103 2825; x_wconf 87' lang='lat' dir='ltr'>vina</span> <span class='ocrx_word' id='word_1_184' title='bbox 120 2768 268 2830; x_wconf 90' lang='lat' dir='ltr'>instituta</span> <span class='ocrx_word' id='word_1_185' title='bbox 287 2770 406 2831; x_wconf 91' lang='lat' dir='ltr'>imitari</span> <span class='ocrx_word' id='word_1_186' title='bbox 425 2771 544 2832; x_wconf 87' lang='lat' dir='ltr'>studuit</span> <span class='ocrx_word' id='word_1_187' title='bbox 565 2771 705 2832; x_wconf 87' lang='lat' dir='ltr'>Ecclesia</span> <span class='ocrx_word' id='word_1_188' title='bbox 723 2771 763 2830; x_wconf 92' lang='lat' dir='ltr'>ab</span> <span class='ocrx_word' id='word_1_189' title='bbox 784 2770 925 2844; x_wconf 86' lang='lat' dir='ltr'>exordio,</span> <span class='ocrx_word' id='word_1_190' title='bbox 951 2768 1047 2848; x_wconf 91' lang='lat' dir='ltr'>paulo</span> 
     </span>
     <span class='ocr_line' id='line_1_27' title="bbox 39 2867 1047 2948; baseline 0.005 -27"><span class='ocrx_word' id='word_1_191' title='bbox 39 2868 102 2948; x_wconf 90' lang='lat' dir='ltr'>post</span> <span class='ocrx_word' id='word_1_192' title='bbox 113 2868 332 2928; x_wconf 87' lang='lat' dir='ltr'>ascensionem</span> <span class='ocrx_word' id='word_1_193' title='bbox 346 2868 461 2930; x_wconf 82' lang='lat' dir='ltr'>Christi</span> <span class='ocrx_word' id='word_1_194' title='bbox 471 2868 504 2928; x_wconf 95' lang='lat' dir='ltr'>in</span> <span class='ocrx_word' id='word_1_195' title='bbox 517 2867 642 2930; x_wconf 88' lang='lat' dir='ltr'>coelum.</span> <span class='ocrx_word' id='word_1_196' title='bbox 660 2871 708 2928; x_wconf 85' lang='lat' dir='ltr'>Ex</span> <span class='ocrx_word' id='word_1_197' title='bbox 719 2874 794 2929; x_wconf 89' lang='lat' dir='ltr'>tunc</span> <span class='ocrx_word' id='word_1_198' title='bbox 807 2869 890 2929; x_wconf 90' lang='lat' dir='ltr'>enim</span> <span class='ocrx_word' id='word_1_199' title='bbox 904 2867 1047 2947; x_wconf 84' lang='lat' dir='ltr'>Apostoli</span> 
     </span>
     <span class='ocr_line' id='line_1_28' title="bbox 40 2957 1046 3042; baseline 0.007 -26"><span class='ocrx_word' id='word_1_200' title='bbox 40 2957 119 3021; x_wconf 83' lang='lat' dir='ltr'>Diem</span> <span class='ocrx_word' id='word_1_201' title='bbox 136 2966 349 3042; x_wconf 89' lang='lat' dir='ltr'>Dominicum,</span> <span class='ocrx_word' id='word_1_202' title='bbox 371 2967 441 3026; x_wconf 90' lang='lat' dir='ltr'>loco</span> <span class='ocrx_word' id='word_1_203' title='bbox 462 2966 592 3028; x_wconf 89' lang='lat' dir='ltr'>Sabbati</span> <span class='ocrx_word' id='word_1_204' title='bbox 612 2967 806 3041; x_wconf 76' lang='lat' dir='ltr'>ludaeorum,</span> <span class='ocrx_word' id='word_1_205' title='bbox 828 2984 953 3026; x_wconf 89' lang='lat' dir='ltr'>summa</span> <span class='ocrx_word' id='word_1_206' title='bbox 971 2963 1046 3025; x_wconf 90' lang='lat' dir='ltr'>reli-</span> 
     </span>
     <span class='ocr_line' id='line_1_29' title="bbox 42 3055 1048 3130; baseline 0.004 -13"><span class='ocrx_word' id='word_1_207' title='bbox 42 3055 124 3130; x_wconf 78' lang='lat' dir='ltr'>gione</span> <span class='ocrx_word' id='word_1_208' title='bbox 139 3063 365 3124; x_wconf 90' lang='lat' dir='ltr'>celebrandum</span> <span class='ocrx_word' id='word_1_209' title='bbox 379 3070 552 3124; x_wconf 81' lang='lat' dir='ltr'>sanxerunt</span> <span class='ocrx_word' id='word_1_210' title='bbox 565 3064 598 3123; x_wconf 93' lang='lat' dir='ltr'>in</span> <span class='ocrx_word' id='word_1_211' title='bbox 611 3065 799 3124; x_wconf 89' lang='lat' dir='ltr'>memoriam</span> <span class='ocrx_word' id='word_1_212' title='bbox 811 3057 1048 3124; x_wconf 80' lang='lat' dir='ltr'>resurrectionis</span> 
     </span>
     <span class='ocr_line' id='line_1_30' title="bbox 45 3152 1048 3240; baseline 0.005 -28"><span class='ocrx_word' id='word_1_213' title='bbox 45 3152 148 3218; x_wconf 82' lang='lat' dir='ltr'>Christi</span> <span class='ocrx_word' id='word_1_214' title='bbox 159 3160 184 3220; x_wconf 90' lang='lat'>¹.</span> <span class='ocrx_word' id='word_1_215' title='bbox 201 3182 216 3218; x_wconf 83' lang='lat' dir='ltr'>o</span> <span class='ocrx_word' id='word_1_216' title='bbox 228 3164 296 3222; x_wconf 93' lang='lat' dir='ltr'>Non</span> <span class='ocrx_word' id='word_1_217' title='bbox 309 3162 445 3240; x_wconf 91' lang='lat' dir='ltr'>amplius</span> <span class='ocrx_word' id='word_1_218' title='bbox 457 3161 700 3232; x_wconf 80' lang='lat' dir='ltr'>sabbatizantes,</span> <span class='ocrx_word' id='word_1_219' title='bbox 714 3162 769 3222; x_wconf 90' lang='lat' dir='ltr'>sed</span> <span class='ocrx_word' id='word_1_220' title='bbox 780 3161 953 3222; x_wconf 91' lang='lat' dir='ltr'>secundum</span> <span class='ocrx_word' id='word_1_221' title='bbox 963 3159 1048 3218; x_wconf 88' lang='lat' dir='ltr'>diem</span> 
     </span>
     <span class='ocr_line' id='line_1_31' title="bbox 46 3253 1049 3338; baseline 0.002 -25"><span class='ocrx_word' id='word_1_222' title='bbox 46 3270 59 3304; x_wconf 78' lang='lat' dir='ltr'>o</span> <span class='ocrx_word' id='word_1_223' title='bbox 78 3253 264 3320; x_wconf 84' lang='lat' dir='ltr'>dominicam</span> <span class='ocrx_word' id='word_1_224' title='bbox 282 3259 433 3334; x_wconf 87' lang='lat' dir='ltr'>viventes,</span> <span class='ocrx_word' id='word_1_225' title='bbox 459 3259 491 3319; x_wconf 93' lang='lat' dir='ltr'>in</span> <span class='ocrx_word' id='word_1_226' title='bbox 519 3278 582 3338; x_wconf 91' lang='lat' dir='ltr'>qua</span> <span class='ocrx_word' id='word_1_227' title='bbox 606 3265 636 3319; x_wconf 92' lang='lat' dir='ltr'>et</span> <span class='ocrx_word' id='word_1_228' title='bbox 654 3259 720 3320; x_wconf 89' lang='lat' dir='ltr'>vita</span> <span class='ocrx_word' id='word_1_229' title='bbox 741 3263 849 3319; x_wconf 91' lang='lat' dir='ltr'>nostra</span> <span class='ocrx_word' id='word_1_230' title='bbox 871 3263 981 3317; x_wconf 89' lang='lat' dir='ltr'>exorta</span> <span class='ocrx_word' id='word_1_231' title='bbox 1002 3259 1049 3315; x_wconf 86' lang='lat' dir='ltr'>est</span> 
     </span>
    </p>
   </div>
   <div class='ocr_carea' id='block_1_3' title="bbox 48 3448 1050 3806">
    <p class='ocr_par' dir='ltr' id='par_1_5' title="bbox 48 3448 1050 3806">
     <span class='ocr_line' id='line_1_32' title="bbox 87 3448 1048 3519; baseline -0.001 -21"><span class='ocrx_word' id='word_1_232' title='bbox 87 3452 108 3499; x_wconf 89' lang='lat' dir='ltr'>l.</span> <span class='ocrx_word' id='word_1_233' title='bbox 118 3451 218 3505; x_wconf 87' lang='lat' dir='ltr'>Dicitur</span> <span class='ocrx_word' id='word_1_234' title='bbox 228 3455 256 3504; x_wconf 91' lang='lat' dir='ltr'>in</span> <span class='ocrx_word' id='word_1_235' title='bbox 271 3467 328 3518; x_wconf 87' lang='lat' dir='ltr'>cap.</span> <span class='ocrx_word' id='word_1_236' title='bbox 345 3469 377 3504; x_wconf 86' lang='lat' dir='ltr'>xx</span> <span class='ocrx_word' id='word_1_237' title='bbox 390 3455 500 3505; x_wconf 79' lang='lat' dir='ltr'>Actuum</span> <span class='ocrx_word' id='word_1_238' title='bbox 514 3453 716 3519; x_wconf 63' lang='lat' dir='ltr'>Apostolorum:</span> <span class='ocrx_word' id='word_1_239' title='bbox 737 3471 750 3498; x_wconf 76' lang='lat' dir='ltr'>o</span> <span class='ocrx_word' id='word_1_240' title='bbox 767 3453 823 3501; x_wconf 83' lang='lat' dir='ltr'>Una</span> <span class='ocrx_word' id='word_1_241' title='bbox 837 3455 922 3502; x_wconf 83' lang='lat' dir='ltr'>autem</span> <span class='ocrx_word' id='word_1_242' title='bbox 936 3448 1048 3510; x_wconf 83' lang='lat' dir='ltr'>sabbati,</span> 
     </span>
     <span class='ocr_line' id='line_1_33' title="bbox 48 3527 1049 3594; baseline 0.005 -25"><span class='ocrx_word' id='word_1_243' title='bbox 48 3532 101 3573; x_wconf 87' lang='lat' dir='ltr'>cum</span> <span class='ocrx_word' id='word_1_244' title='bbox 112 3531 328 3580; x_wconf 81' lang='lat' dir='ltr'>convenissemus</span> <span class='ocrx_word' id='word_1_245' title='bbox 345 3529 378 3579; x_wconf 90' lang='lat' dir='ltr'>od</span> <span class='ocrx_word' id='word_1_246' title='bbox 393 3529 571 3594; x_wconf 82' lang='lat' dir='ltr'>frangendum</span> <span class='ocrx_word' id='word_1_247' title='bbox 585 3543 713 3593; x_wconf 89' lang='lat' dir='ltr'>panem...</span> <span class='ocrx_word' id='word_1_248' title='bbox 729 3547 741 3573; x_wconf 77' lang='lat' dir='ltr'>r</span> <span class='ocrx_word' id='word_1_249' title='bbox 759 3530 825 3578; x_wconf 86' lang='lat' dir='ltr'>item</span> <span class='ocrx_word' id='word_1_250' title='bbox 846 3530 953 3577; x_wconf 86' lang='lat' dir='ltr'>sanctus</span> <span class='ocrx_word' id='word_1_251' title='bbox 967 3527 1049 3576; x_wconf 81' lang='lat' dir='ltr'>toan-</span> 
     </span>
     <span class='ocr_line' id='line_1_34' title="bbox 49 3601 1050 3670; baseline 0.008 -27"><span class='ocrx_word' id='word_1_252' title='bbox 49 3606 89 3646; x_wconf 86' lang='lat' dir='ltr'>ues</span> <span class='ocrx_word' id='word_1_253' title='bbox 99 3601 126 3650; x_wconf 91' lang='lat' dir='ltr'>in</span> <span class='ocrx_word' id='word_1_254' title='bbox 137 3617 193 3668; x_wconf 86' lang='lat' dir='ltr'>cup.</span> <span class='ocrx_word' id='word_1_255' title='bbox 205 3620 213 3654; x_wconf 93' lang='lat'>1</span> <span class='ocrx_word' id='word_1_256' title='bbox 228 3605 395 3670; x_wconf 77' lang='lat' dir='ltr'>Apocalypsis</span> <span class='ocrx_word' id='word_1_257' title='bbox 407 3621 417 3655; x_wconf 91' lang='lat'>.·</span> <span class='ocrx_word' id='word_1_258' title='bbox 434 3626 445 3650; x_wconf 75' lang='lat' dir='ltr'>u</span> <span class='ocrx_word' id='word_1_259' title='bbox 461 3605 509 3654; x_wconf 82' lang='lat' dir='ltr'>rui</span> <span class='ocrx_word' id='word_1_260' title='bbox 521 3606 548 3655; x_wconf 89' lang='lat' dir='ltr'>in</span> <span class='ocrx_word' id='word_1_261' title='bbox 561 3607 657 3669; x_wconf 88' lang='lat' dir='ltr'>spiritu</span> <span class='ocrx_word' id='word_1_262' title='bbox 673 3606 702 3655; x_wconf 90' lang='lat' dir='ltr'>in</span> <span class='ocrx_word' id='word_1_263' title='bbox 717 3604 848 3654; x_wconf 81' lang='lat' dir='ltr'>dominico</span> <span class='ocrx_word' id='word_1_264' title='bbox 863 3603 935 3652; x_wconf 64' lang='lat' dir='ltr'>diei.</span> <span class='ocrx_word' id='word_1_265' title='bbox 946 3621 958 3646; x_wconf 74' lang='lat' dir='ltr'>a</span> <span class='ocrx_word' id='word_1_266' title='bbox 973 3601 1050 3652; x_wconf 86' lang='lat' dir='ltr'>Unde</span> 
     </span>
     <span class='ocr_line' id='line_1_35' title="bbox 49 3674 1050 3745; baseline 0.008 -26"><span class='ocrx_word' id='word_1_267' title='bbox 49 3674 134 3738; x_wconf 87' lang='lat' dir='ltr'>conjici</span> <span class='ocrx_word' id='word_1_268' title='bbox 148 3685 235 3742; x_wconf 84' lang='lat' dir='ltr'>potest</span> <span class='ocrx_word' id='word_1_269' title='bbox 249 3683 350 3745; x_wconf 88' lang='lat' dir='ltr'>primos</span> <span class='ocrx_word' id='word_1_270' title='bbox 363 3681 454 3732; x_wconf 86' lang='lat' dir='ltr'>fideles</span> <span class='ocrx_word' id='word_1_271' title='bbox 469 3683 641 3732; x_wconf 82' lang='lat' dir='ltr'>consuevisse</span> <span class='ocrx_word' id='word_1_272' title='bbox 656 3681 699 3732; x_wconf 87' lang='lat' dir='ltr'>die</span> <span class='ocrx_word' id='word_1_273' title='bbox 713 3681 848 3731; x_wconf 89' lang='lat' dir='ltr'>dominica</span> <span class='ocrx_word' id='word_1_274' title='bbox 859 3678 1002 3730; x_wconf 84' lang='lat' dir='ltr'>convenire</span> <span class='ocrx_word' id='word_1_275' title='bbox 1016 3677 1050 3728; x_wconf 89' lang='lat' dir='ltr'>ad</span> 
     </span>
     <span class='ocr_line' id='line_1_36' title="bbox 51 3750 192 3806; baseline 0.085 -11"><span class='ocrx_word' id='word_1_276' title='bbox 51 3750 192 3806; x_wconf 83' lang='lat' dir='ltr'>orationem.</span> 
     </span>
    </p>
   </div>
   <div class='ocr_carea' id='block_1_4' title="bbox 861 3859 906 3912">
    <p class='ocr_par' dir='ltr' id='par_1_6' title="bbox 861 3859 906 3912">
     <span class='ocr_line' id='line_1_37' title="bbox 861 3859 906 3912; baseline 0 0"><span class='ocrx_word' id='word_1_277' title='bbox 861 3859 906 3912; x_wconf 78' lang='lat'>²0.</span> 
     </span>
    </p>
   </div>
   <div class='ocr_carea' id='block_1_5' title="bbox 0 0 1305 4272">
    <p class='ocr_par' dir='ltr' id='par_1_7' title="bbox 0 0 1305 4272">
     <span class='ocr_line' id='line_1_38' title="bbox 0 0 1305 4272; baseline 0 0"><span class='ocrx_word' id='word_1_278' title='bbox 0 0 1305 4272; x_wconf 95' lang='lat' dir='ltr'> </span> 
     </span>
    </p>
   </div>
  </div>
 </body>
</html>
