2632 4260
143 241 213 288 altr.
238 240 257 288 l.
278 240 330 295 ool
351 239 543 290 rnouovuttbl
564 241 633 290 arnt·
652 241 689 290 Ab
709 240 828 289 srlrun
848 238 1046 288 ebulientem.
1088 233 1120 286 Π

103 356 269 438 principia
284 357 504 434 tradiderunt,·
517 376 557 420 ex
580 357 695 440 quibus
718 356 886 420 corollaria
905 355 1047 437 practica
1067 354 1119 419 dc·

102 456 275 516 duxerunt.
293 479 309 513 «
324 457 385 520 Eos
400 461 537 518 rectores
551 455 690 518 Ecclesia
704 455 829 536 accipit,
846 455 1031 517 aitsanctus
1045 455 1119 528 Leo,

104 577 118 610 o
134 554 375 634 quosSpiritus
393 561 520 617 sanctus
538 554 747 637 preparavit3
770 558 805 615 ut
824 552 858 616 in
878 553 997 644 populo
1019 553 1120 632 adop·

103 651 232 713 «tionis
253 653 319 729 Dei,
344 649 434 731 cujus
455 652 642 716 universitas
664 652 867 715 sacerdotalis
888 655 983 732 atquc
1004 650 1120 728 regalis

102 774 116 807 o
132 755 191 825 est,
214 770 281 812 non
300 751 513 832 prerogativa
530 757 663 814 terrene
684 750 814 830 originis
833 751 975 814 obtineat
994 749 1117 810 unctio-

100 873 116 906 α
129 868 217 924 nem,
240 850 297 912 sed
313 850 455 928 dignatio
477 850 612 912 coelcstis
630 850 741 928 gratita
762 849 873 934 gignat
892 847 1078 910 antistitem.
1101 872 1115 902 u

98 946 221 1028 (sermo
249 965 299 1022 111,
324 949 430 1011 anniv.
455 967 519 1010 suae
541 949 707 1031 assumpt.)
733 947 866 1012 Sanctus
891 946 1060 1026 Gregorius
1081 946 1118 1008 iis

97 1047 247 1108 omnibus
265 1071 281 1104 e
297 1048 354 1128 qui
365 1066 568 1128 nequaquam
583 1046 734 1110 divinitus
749 1047 864 1122 vocati,
882 1047 938 1112 sed
955 1064 1013 1108 sua
1026 1045 1116 1126 cupi·

99 1169 113 1202 u
127 1145 231 1208 ditate
256 1146 381 1210 accensi
408 1145 534 1208 culmen
556 1145 717 1226 regiminis
738 1145 867 1226 rapiunt
889 1144 996 1225 potius
1020 1161 1116 1224 quam

99 1251 358 1324 «assequantur,
373 1268 389 1301 »
408 1245 541 1325 opponit
553 1243 765 1306 verbodivina
781 1262 789 1306 :
808 1265 823 1302 u
835 1242 901 1326 Ipsi
914 1250 1118 1322 reperuerunt

99 1366 112 1398 u
126 1350 155 1403 ct
174 1361 241 1404 non
254 1362 294 1405 ee
307 1363 353 1404 me
360 1361 374 1419 ;
389 1339 548 1425 Principes
558 1343 739 1404 exstiterunt
755 1350 784 1403 ct
798 1361 858 1404 non
868 1327 996 1430 copnoor'
1012 1363 1042 1404 n.
1059 1339 1115 1422 (De

97 1439 179 1516 Coro
195 1440 303 1511 Post..
323 1447 405 1521 port.
422 1442 448 1515 1,
467 1460 537 1522 cap.
558 1439 595 1522 1.)
614 1440 755 1521 Ecclesia
774 1459 813 1502 ea
826 1441 865 1502 de
882 1458 917 1502 re
935 1459 1027 1501 suum
1044 1457 1115 1502 sen-

94 1539 229 1602 sumita
242 1540 424 1602 manifestat
438 1541 471 1602 in
487 1538 668 1622 Pontificclz‘
678 1539 762 1602 intra
776 1558 882 1603 sacros
897 1537 977 1600 ritus
991 1538 1114 1600 ordina·

94 1637 185 1698 tionis
205 1638 422 1702 Diaconorum
438 1643 469 1700 et
485 1639 747 1720 Presbyterorum
766 1655 774 1700 ε
796 1663 811 1696 «
826 1639 905 1702 Vere
920 1636 1051 1718 dignum
1066 1643 1114 1699 est

96 1760 110 1792 «
124 1755 191 1800 nos.
201 1737 266 1798 tibi
283 1737 402 1815 gratias
417 1755 563 1818 agere...,
584 1742 701 1800 aeterne
717 1739 810 1815 Deus,
832 1731 990 1799 honorum
1007 1736 1109 1810 dator,

94 1858 107 1890 «
123 1835 340 1914 ordinumque
353 1834 547 1912 distributor,
565 1841 660 1915 atque
671 1835 849 1899 officiorum
863 1833 1043 1916 dispositor,
1057 1835 1124 1914 qui‘

95 1957 109 1990 o
123 1933 153 1994 in
168 1939 201 1995 te
215 1952 355 1998 manens
367 1933 500 1996 innovas
517 1934 624 1996 omnia
638 1939 669 1998 et
684 1939 799 1996 cuncta
813 1933 954 2015 disponis
965 1951 1024 2013 per
1036 1933 1111 1996 Ver-

95 2032 213 2107 «bum,
243 2032 392 2094 virtutem
413 2032 664 2112 sapientiamque
687 2039 788 2110 tuam,
817 2033 924 2094 lesum
951 2030 1109 2093 Christum

97 2129 237 2192 urinum
254 2135 355 2204 tuum,
376 2131 569 2211 sempiterna
587 2130 787 2212 providentia
800 2149 973 2211 praeparas,
995 2134 1027 2192 et
1046 2129 1109 2194 siu·

94 2229 204 2306 «gulis
222 2229 399 2308 quibusque
415 2229 609 2310 temporibus
624 2229 765 2310 aptanda
780 2228 952 2309 dispensas.
969 2249 984 2286 u

148 2328 180 2387 3⁰
195 2327 270 2406 Ipso
285 2325 404 2388 tandem
419 2328 510 2406 rotro,
526 2327 689 2408 principiis
701 2326 776 2388 ndei
788 2327 908 2401 innixa,
927 2326 1042 2407 probat
1057 2345 1108 2388 ne·

92 2425 271 2489 cessitatem
284 2425 399 2488 dirinae
412 2426 598 2502 vocationis.
614 2426 765 2488 Novimus
779 2444 816 2486 ex
835 2422 1026 2506 evangelicis
1036 2424 1108 2487 doc·

92 2523 189 2599 trinis,
213 2523 356 2587 divinam
375 2523 610 2604 Providentiam
626 2529 740 2586 cuncta
755 2542 864 2604 regere
882 2542 918 2585 ac
933 2523 1103 2600 moderari,

91 2621 166 2684 adeo
183 2627 222 2684 ut
240 2641 300 2688 uec
320 2622 454 2702 capillus
473 2622 513 2696 de
537 2623 650 2704 capite
662 2628 771 2690 nostro
796 2627 906 2704 pereat
924 2621 991 2685 sine
1013 2624 1105 2685 Patre

82 2724 196 2782 nostro
218 2721 273 2800 qui
292 2721 430 2785 incaelis
449 2727 506 2787 est.
534 2721 657 2796 Quanto
676 2722 779 2812 magis
802 2721 858 2784 illa
874 2722 1017 2803 disponit
1032 2739 1102 2801 quac

91 2817 231 2894 proxime
240 2819 421 2885 referuntur
429 2819 639 2894 adhominum
652 2819 788 2882 salutem
798 2826 829 2882 et
839 2820 1020 2908 adsuorum
1031 2839 1103 2882 con-

92 2915 230 2978 siliorum
241 2917 273 2977 in
287 2917 429 2980 Ecclesia
439 2917 674 2980 exsecutionem
685 2919 732 2980 l...
749 2919 881 3000 Insuper
894 2919 956 2981 hoc
966 2917 1102 2999 speciale

91 3011 181 3075 babet
191 3019 292 3078 status
304 3015 458 3080 clericalis
467 3021 505 3078 ut
512 3016 686 3078 destinetur
699 3016 739 3078 ad
750 3016 890 3078 officium
901 3014 1102 3078 mediationis

91 3108 167 3171 inter
179 3111 287 3174 Deum
303 3118 335 3173 et
344 3113 500 3188 hominos,
512 3112 746 3176 intercessionis
760 3113 847 3194 apud
859 3114 1000 3176 divinam
1010 3113 1102 3176 mise·

92 3207 256 3271 ricordiam
281 3215 313 3272 et
334 3210 579 3291 dispensationis
600 3211 783 3274 divinorum
808 3216 1098 3286 sacramentorum;

90 3302 151 3379 jam
164 3311 272 3368 autem
289 3327 383 3371 nemo
403 3308 463 3369 sibi
480 3308 663 3371 mediatoris
682 3315 789 3390 partes
805 3310 947 3383 assumit,
968 3309 1028 3370 nisi
1046 3309 1100 3371 ad-

91 3402 228 3466 mittatur
247 3423 266 3466 a
284 3407 430 3486 partibus
449 3425 585 3486 quarum
603 3407 743 3484 interest,
758 3415 794 3480 et
808 3407 985 3488 presertim
1000 3426 1020 3470 a
1033 3409 1098 3478 Deo

92 3516 108 3558 a
127 3519 188 3580 quo
209 3503 326 3583 pendet
345 3509 453 3566 nostru
475 3504 706 3581 reconciliati03
728 3523 823 3568 nemo
838 3506 938 3568 ¹etiam
956 3524 989 3566 se
1007 3505 1096 3586 inge·

91 3614 152 3658 rere
168 3600 297 3681 proprio
314 3608 394 3664 nutu
409 3608 514 3683 potest
531 3603 564 3665 in
586 3601 855 3684 dispensationem
874 3604 1096 3686 mysteriorum

93 3693 234 3762 Christi...
254 3701 395 3763 Tandem
409 3701 506 3764 homo
522 3701 645 3780 indiget
660 3702 768 3764 multis
785 3704 896 3781 gratiis
911 3709 946 3763 ut
960 3703 1016 3763 illa
1030 3721 1096 3762 rnu-
