2588 4276
294 277 363 331 aar.
384 283 427 332 ιι.
448 283 625 334 cosmarus
644 284 852 333 oarrrumnrs.
1030 271 1080 330 tat
1192 251 1193 256 ’

67 402 99 459 ιιι
108 397 246 459 induant
260 398 400 460 indolem
412 397 493 477 legis
507 399 689 479 superioris.
705 400 741 460 ln
761 399 860 479 priori
873 418 948 460 casu
961 417 1079 479 appro-

66 495 148 557 batio
163 495 229 556 diei
241 502 346 575 potest
357 515 444 559 mere
458 495 653 560 occidentalis
662 515 676 575 ;
685 497 718 558 in
733 497 871 559 seoundo
887 516 973 572 casu,
989 515 1081 559 euen-

69 593 157 655 azotis.

122 690 306 770 Capitulum
320 697 426 772 potest
439 709 497 754 sua
513 697 641 770 statuta,
663 691 721 754 etsi
743 691 931 754 confirmata
946 692 986 752 ab
1003 691 1079 772 Epi·

68 805 160 869 seopo
174 790 226 850 vel
235 788 331 851 etiam
344 791 406 852 aS.
420 790 586 866 Pontifioe,
598 808 747 853 revocare
758 796 814 851 aut
822 790 1003 864 immutare,
1015 809 1081 852 non

69 886 196 948 obtento
210 887 298 966 prius
312 888 459 968 Episcopi
470 887 521 949 vel
535 889 568 952 S.
584 888 749 950 Pontifieis
764 906 934 962 consensu,
950 887 1078 968 quando

69 989 184 1045 statuta
198 984 237 1046 de
252 985 385 1064 negotiis
400 991 474 1047 sunt
488 1004 559 1066 quae
571 986 643 1064 jure
661 985 703 1047 ad
717 985 893 1065 capitulum
906 985 1077 1064 pertinent,

70 1087 99 1143 et
111 1083 311 1144 confirmatio
324 1083 399 1144 data
412 1089 460 1145 est
474 1082 679 1158 occidentalis,
696 1089 732 1144 ut
745 1083 845 1158 aiunt,
862 1102 926 1144 non
940 1083 1083 1145 essentia·

71 1179 112 1242 to.
128 1180 319 1258 liujusmodi
329 1181 529 1243 confirmatio
539 1180 762 1261 superadditur
772 1181 813 1242 ob
826 1180 997 1260 quemdam
1012 1198 1080 1260 spe-

71 1276 179 1338 oialem
195 1277 406 1357 splendorem,
427 1297 491 1340 non
509 1273 624 1340 autem'
635 1284 670 1339 ut
689 1269 808 1340 statuta
829 1277 1019 1357 capitularia
1036 1277 1083 1340 in·

72 1374 165 1436 duant
187 1380 335 1436 naturam
356 1375 463 1456 legum
486 1375 734 1456 pontificiarum,
758 1393 813 1437 seu
841 1374 1080 1454 episcopalium,

73 1489 137 1553 quae
153 1473 219 1532 vim
235 1472 398 1551 obligandi
410 1473 562 1536 habeant.

127 1570 262 1643 Quoties,
278 1571 476 1633 confirmatio
493 1570 621 1651 respicit
641 1572 844 1632 commodum
864 1569 1082 1646 statuentium,

75 1669 273 1748 presumitur
290 1685 377 1729 mere
397 1668 617 1744 accidentalis3
641 1669 716 1748 quia
730 1668 874 1748 superior
893 1687 956 1729 non
976 1685 1084 1730 oense·

76 1772 121 1826 tur
136 1765 220 1827 velle
236 1767 378 1827 conterre
399 1765 589 1828 beneficium
602 1765 714 1828 invito.
731 1767 756 1827 ll
776 1784 938 1840 converso,
956 1765 1085 1844 quando

76 1868 223 1924 statutum
247 1862 465 1943 principaliter
485 1865 622 1926 refertur
639 1864 680 1924 ad
700 1864 821 1925 bonum
840 1855 1018 1944 publicum(
1033 1863 1086 1924 vel

77 1962 112 2022 ad
132 1963 276 2022 favorem
304 1962 462 2037 ltoolesiae,
490 1963 694 2042 praesumitur
718 1962 992 2024 confirmationem
1017 1979 1085 2024 esso

80 2059 281 2133 essentialem,
303 2059 432 2138 vimque
456 2059 669 2140 superaddere
693 2077 763 2139 quae
784 2060 853 2141 jam
878 2079 897 2122 a
921 2059 1085 2121 voluntate

82 2157 278 2219 statuentium
297 2177 359 2220 non
376 2159 525 2238 pendeat.
544 2157 697 2240 (Fagnan,
714 2159 745 2219 in
766 2177 835 2238 cap.
855 2155 931 2220 Cum
946 2157 1084 2220 accessis·

79 2264 147 2328 seat,
162 2265 196 2316 n⁰
212 2257 267 2330 123
281 2256 573 2335 Sohmalzgrueber,
584 2258 617 2317 in
633 2257 682 2319 tit.
695 2273 734 2318 nn
747 2257 943 2334 Conantur„
956 2263 991 2317 n⁰
1005 2257 1045 2316 ot
1054 2260 1086 2316 et

81 2353 258 2432 Andreuooi,
275 2355 337 2416 loo.
355 2354 420 2431 eit,
435 2365 469 2414 ιιι
482 2354 564 2436 154.)
