2588 4276
138 288 209 336 ΔΗΤ.
232 289 272 338 IV.
293 289 433 338 lunlsslo
453 290 597 338 Ploubion
618 290 649 338 lli
671 291 763 338 STATU
785 292 953 340 Rnhlcloso.
1003 287 1052 340 27¹

51 431 63 460 ι
81 405 191 466 deinde
210 413 266 467 vot
267 425 287 466 a
253 389 496 483 tsolemnias
488 427 520 468 m
541 408 656 487 quibus
676 409 903 487 perfectionem
922 413 953 470 et
967 428 1054 471 com-

53 525 64 559 ιι
82 503 220 581 plement
221 523 275 564 um
291 505 457 584 accipient

98 603 130 660 2⁰
144 624 160 656 ιι
174 602 435 664 Eorumdemt
381 609 435 664 vot
437 622 528 664 orum
544 603 735 683 simplicium
750 569 942 683 dispensatio
959 622 1056 666 reser-

53 721 65 751 «
83 703 152 758 vata
167 704 215 758 est
230 701 372 760 Romano
387 702 471 762 Pout
458 701 544 778 tifici,
563 702 613 762 cui
633 700 766 781 professi
781 703 929 779 gravibus
944 721 1057 780 urgen-

50 819 63 850 «
83 795 162 856 tibus
178 797 280 856 causis
294 816 403 876 preces
416 799 578 878 porrigere
591 803 646 878 pot
648 805 750 860 erunt.

103 895 132 952 3⁰
149 896 291 956 «Verum
313 897 425 957 eadem
441 897 600 976 simplicia
619 903 673 959 vot
675 917 693 958 a
661 897 842 959 tsolvit
811 904 842 957 et
843 897 906 957 iam
924 903 1058 976 possunt

50 1015 63 1046 ιι
84 1009 118 1050 ex
130 997 221 1070 parte
239 993 357 1054 ordinis
372 995 405 1055 in
420 1001 492 1056 actu
514 995 703 1056 dimissionis
714 997 939 1074 professorum,
949 995 994 1080 ita
1010 1001 1054 1070 ut,

50 1113 63 1143 «
86 1089 155 1149 data
172 1089 368 1166 dimissione,
389 1093 523 1172 professi
547 1093 587 1153 ab
607 1094 694 1153 omni
724 1093 881 1153 dictorum
909 1099 1057 1154 votorum

52 1211 66 1241 ιι
86 1187 208 1248 vinculo
221 1193 253 1249 et
267 1189 460 1268 obligatione
475 1209 512 1252 eo
528 1192 595 1270 ipso
609 1191 700 1252 liberi
714 1192 801 1253 flant.

57 1312 59 1318 ·
102 1288 132 1345 4⁰
150 1307 165 1343 ιι
179 1288 327 1348 Facultas
338 1294 444 1350 autem
461 1289 642 1358 dimittendi
656 1291 813 1370 professos
827 1294 974 1350 votorum
987 1288 1057 1348 sim·

54 1405 67 1437 ι
86 1382 224 1461 plioium,
241 1385 279 1446 de
300 1385 415 1465 quibus
435 1387 551 1464 agitur,
569 1391 690 1467 spectat
704 1388 744 1448 ad
760 1387 946 1464 magistrum
960 1389 1056 1464 geness

54 1503 68 1536 ιι
85 1482 180 1542 nalem
196 1484 315 1544 ordinis
330 1502 402 1544 curn
417 1503 474 1546 suo
495 1485 625 1547 consilio
639 1485 790 1563 generali.
805 1485 892 1546 idem
907 1483 1058 1562 magister

55 1580 238 1658 «generalis
254 1600 325 1642 cum
339 1601 401 1657 suo
422 1583 562 1661 generali
581 1584 712 1644 consilio
732 1583 848 1662 poterit
872 1583 905 1642 in
932 1581 1056 1642 casibus

54 1698 67 1732 ιι
86 1665 350 1754 extraordinariis,
368 1687 399 1742 et
413 1683 590 1760 praesertim
602 1700 660 1761 pro
672 1682 852 1760 regionibus
865 1681 981 1741 etlocis
991 1679 1057 1739 lon·

58 1795 69 1831 ιι
87 1775 220 1854 ginquis,
237 1779 276 1838 ad
292 1778 506 1841 dimissionem
520 1779 751 1841 decernendam
766 1779 971 1858 subdelegare
986 1777 1056 1838 reli-

54 1895 67 1928 «
85 1875 186 1951 giosos
200 1876 316 1954 probos
331 1883 363 1938 et
375 1878 556 1956 prudentes,
575 1879 628 1957 qui
643 1879 756 1939 saltem
772 1883 835 1938 tres
848 1895 914 1938 esse
930 1876 1055 1938 debent.

102 1973 132 2031 5⁰
150 1998 166 2028 «
189 1973 275 2034 Licet
296 1976 336 2034 ad
354 1976 585 2036 decernendam
608 1975 834 2050 dimissionem,
855 1993 958 2054 neque
980 1993 1056 2054 pro-

54 2091 67 2123 «
85 2089 200 2142 cessus,
217 2090 320 2150 neque
333 2073 445 2150 judieii
458 2074 560 2134 forma
574 2074 763 2154 requiratur,
781 2074 834 2133 sed
848 2073 888 2134 ad
899 2090 968 2132 eam
981 2091 1057 2151 pro-

54 2189 67 2221 «
85 2169 152 2229 cedi
163 2170 264 2248 possit
279 2171 346 2232 sola
359 2171 435 2234 facti
447 2173 579 2233 veritate
592 2172 744 2250 inspecta,
758 2177 865 2231 tamen
880 2170 1058 2260 superiores

52 2288 65 2320 «
85 2267 257 2344 procedere
280 2269 397 2329 debent
418 2289 542 2330 summa
566 2269 735 2344 charitate,
758 2268 937 2348 prudentia,
966 2272 998 2327 et
1019 2284 1058 2326 ex

54 2385 67 2418 ιι
81 2363 175 2441 justis
193 2370 225 2425 et
239 2365 483 2427 rationabilibus
498 2367 612 2440 causis,
630 2385 830 2446 quacumque
853 2367 994 2426 humana
1009 2363 1057 2423 af-

54 2483 65 2514 «
84 2463 217 2523 sectione
232 2469 369 2539 remota;
385 2483 474 2525 secus
494 2483 603 2526 eorum
619 2465 810 2526 conscientia
829 2464 966 2543 graviter
985 2479 1055 2522 one·

56 2580 67 2615 ιι
83 2565 150 2621 rata
172 2567 347 2622 remaneat.
365 2564 464 2624 Nemo
477 2569 583 2624 autem
595 2581 634 2624 ex
649 2581 744 2624 causa
761 2561 965 2636 infirmitatis,
983 2566 1056 2640 post

53 2659 314 2736 «professionem
332 2665 478 2721 votorum
498 2660 688 2742 simplicium
709 2665 920 2740 superventas,
943 2657 1060 2718 dimitti

54 2757 209 2833 «poterit.
411 2763 415 2773 “

101 2855 131 2912 6⁰
147 2877 163 2910 ιι
181 2855 320 2915 Professi
334 2855 490 2918 dictorum
508 2863 655 2934 votorum
677 2856 868 2936 simplicium
887 2853 1059 2934 participes

56 2968 68 3005 ιι
85 2957 173 3012 eruut
186 2953 329 3013 omnium
344 2955 518 3032 gratiarum
533 2959 564 3016 et
588 2953 838 3034 privilegiorum,
861 2952 976 3033 quibus
989 2969 1060 3030 pro-

51 3068 63 3099 «
83 3048 151 3109 fessi
163 3055 313 3110 votorum
332 3052 519 3112 solemnium
539 3053 571 3114 in
586 3058 761 3114 memorato
784 3043 900 3112 ordine'
917 3049 1056 3127 legitime

55 3168 67 3196 «
85 3152 225 3221 utuntur,
242 3149 390 3210 fruuntur
400 3154 431 3210 et
445 3151 595 3228 gaudent.

60 3264 62 3272 ¹
101 3247 133 3304 7⁰
150 3269 166 3302 ιι
182 3247 368 3326 Superiores
383 3248 556 3326 regulares,
574 3250 614 3309 ad
632 3267 711 3327 quos
731 3251 864 3328 spectat,
886 3242 1059 3306 concedere

53 3361 65 3392 «
84 3347 233 3420 poterunt
252 3345 435 3424 hujusmodi
453 3347 601 3426 professis
618 3347 738 3408 litteras
760 3344 952 3405 dimissorias
979 3340 1058 3400 dun-

55 3460 67 3492 «
92 3445 178 3502 taxat
193 3444 234 3503 ad
249 3443 385 3522 primam
400 3450 565 3505 tonsuram
580 3453 612 3506 et
627 3445 667 3504 ad
686 3443 811 3505 ordines
827 3443 977 3515 minores,
992 3455 1059 3498 ser-

57 3557 69 3589 «
88 3539 163 3600 vatis
178 3546 284 3601 tamon
302 3541 422 3620 dejure
445 3543 617 3616 servandis,
637 3547 669 3602 et
687 3538 862 3620 praesertim
885 3556 954 3616 quae
977 3535 1060 3596 circa

58 3656 70 3688 κ
90 3638 301 3700 ordinationes
315 3641 510 3723 regularium
523 3640 563 3700 ab
585 3637 767 3718 Apostolioa
781 3636 861 3699 Sede
875 3633 1060 3715 prescripta

59 3755 71 3786 κ
90 3742 167 3797 suni.
215 3739 218 3746 ’
609 3747 610 3752 ’
