2568 4272
591 209 598 237 l

119 276 192 324 ΛΒΤ.
214 274 277 324 llll.
296 275 480 325 locrorum
500 275 757 326 onsecrandum
778 278 965 327 recutiens.
1005 271 1053 327 331

37 391 128 455 totius
149 391 419 470 Gongrogatiouis
440 397 472 453 et
489 391 687 472 singularum
703 392 886 469 domorum;
903 413 966 456 non
986 395 1057 474 qui·

37 493 103 552 dem
121 489 346 569 dispensando
364 490 451 552 bona
469 490 743 570 congregationis,
765 496 861 570 prout
881 492 942 572 ipsi
955 493 1057 554 visum

37 587 126 650 luerit
141 587 314 667 expedire,
329 587 362 648 id
374 589 427 668 jus
439 588 502 668 ipsi
514 607 579 650 non
594 589 763 668 competit;
779 589 833 650 sed
847 591 1056 669 praeeavendo

38 705 72 747 ue
83 686 303 764 congregatio
318 703 352 746 se
366 686 501 764 negotiis
510 687 699 765 immisceat,
712 692 743 748 et
761 688 938 766 sumptibus
955 689 1058 768 impli-
1078 767 1081 771 Ι

39 788 82 846 cet
101 782 221 863 quibus
241 787 361 846 temere
383 789 569 846 oneraretur
584 785 670 846 ultra
687 803 760 847 suas
774 785 950 861 facultates,
971 786 1057 867 quod

38 881 222 960 gravissima
237 881 381 960 pericula
394 881 527 944 inducit.
878 951 880 956 ,

91 979 125 1042 Si
144 978 335 1041 institutum
360 979 478 1041 lrabeat
499 980 610 1042 domos
633 979 666 1041 in
685 979 781 1044 variis
803 980 1000 1059 dioecesibus,
1022 987 1057 1044 ut

39 1097 62 1136 v.
87 1095 129 1155 g.,
159 1077 374 1157 congregatio
395 1078 572 1160 puellarum
595 1077 774 1153 Charilaus,
800 1097 936 1140 sororum
966 1078 1057 1142 Sacri

41 1171 149 1252 Cardu,
170 1193 317 1236 soronam
335 1175 449 1239 Sancti
463 1174 580 1252 Caroli,
597 1182 671 1250 eta,
689 1177 747 1238 sub
767 1195 832 1238 una
847 1177 1056 1257 superiecisse

40 1273 183 1350 generali,
205 1293 275 1335 non
288 1273 366 1335 levis
382 1279 429 1334 est
443 1273 625 1350 difficultas,
643 1274 684 1336 ob
699 1275 824 1336 diversa
835 1275 911 1355 jura
924 1275 1056 1354 Episco-

40 1387 143 1448 porum
155 1370 325 1446 locorum;
341 1371 519 1452 prasertim
531 1371 558 1432 si
571 1376 686 1450 agatur
699 1372 738 1433 de
753 1372 932 1434 visitatione
947 1373 1056 1434 domo·

40 1485 110 1541 rum,
122 1466 162 1528 de
175 1469 390 1530 translatione
404 1469 565 1548 virgiuum
579 1469 619 1532 de
633 1487 698 1529 una
712 1469 809 1530 domo
818 1469 851 1530 in
863 1469 1008 1546 aiteram,
1022 1473 1054 1530 et

43 1565 74 1625 de
92 1565 257 1628 bonorum
288 1566 512 1648 temporalium
543 1567 828 1630 administratione.
866 1567 1057 1646 Contingore
1125 1593 1128 1600 ·

41 1663 115 1722 cuim
125 1669 236 1742 potest
251 1669 288 1725 ut
302 1665 477 1746 Episcopus
488 1671 611 1726 recuset
626 1664 799 1746 expetitam
816 1665 989 1743 licentiam,
1003 1683 1055 1726 ve·

40 1757 127 1838 litque
138 1761 283 1824 retinere
297 1762 331 1824 iu
346 1781 403 1824 sua
416 1761 544 1824 dioecesi
558 1762 713 1842 virginem
734 1781 830 1842 quam
846 1763 1055 1842 superiorissa

42 1863 252 1936 opportunum
268 1860 356 1921 ducit
370 1861 410 1921 ad
425 1860 562 1922 alterum
583 1865 774 1922 conventum
793 1861 982 1934 transferre;
1000 1879 1055 1940 po-

43 1957 94 2014 test
107 1956 204 2018 etiam
217 1957 405 2038 contingere
419 1963 534 2020 utnon
551 1958 666 2038 probet
682 1957 839 2020 rationem
853 1959 1054 2020 administra·

43 2050 124 2114 tionis
142 2055 306 2118 bonorum
326 2073 410 2136 qum,
430 2056 506 2118 licet
518 2055 554 2118 iri
573 2073 631 2118 sua
652 2055 783 2118 dioeoesi
801 2055 872 2135 sita,
892 2056 1054 2144 pertinent

44 2149 241 2215 nihilominus
262 2154 302 2215 ed
322 2155 506 2216 institutum
525 2155 688 2232 generale.
703 2155 771 2227 Quo
795 2154 897 2234 magis
921 2160 1053 2216 extensa

44 2247 92 2308 erit
105 2267 160 2328 per
171 2251 356 2331 provincias
365 2253 582 2332 congregatio,
595 2271 633 2314 eo
646 2251 843 2331 frequentior
855 2251 914 2312 erit
927 2252 1052 2316 occasio

45 2346 251 2424 conflictuum,
268 2349 350 2412 iuter
364 2349 536 2430 Episcopus
544 2349 688 2414 locorum
699 2353 731 2412 et
743 2348 982 2428 superiorissam
999 2367 1052 2428 ge·

45 2444 183 2507 ueralem.
990 2481 992 2491 =

92 2543 132 2603 Ut
140 2545 467 2620 conflictibusobviet‚
476 2547 507 2609 S.
519 2546 615 2608 Sedes
623 2547 679 2607 dat
689 2543 1050 2625 congregationicardi·

43 2631 134 2700 uelem
142 2647 358 2720 protectorem
369 2661 441 2704 cum
451 2641 523 2722 jure
533 2641 722 2722 providendi
731 2641 984 2715 necessitatibus,
994 2642 1051 2700 aut

45 2737 283 2804 commissarium
297 2740 508 2822 apostolicum
522 2740 574 2802 cui
585 2740 795 2802 demandatur
810 2759 887 2802 eura
899 2736 1047 2800 instituti.

45 2829 137 2896 Donec
149 2855 226 2899 vero
238 2838 413 2918 providerit
425 2857 485 2918 per
498 2836 669 2918 specialem
679 2837 924 2916 delegationem,
937 2835 1051 2897 merito

44 2935 233 3005 presumitur
243 2955 284 2998 ex
293 2936 524 3016 approbatione
535 2936 611 2997 data
621 2933 1047 3014 Congregationisconstitu·

45 3022 385 3106 tionibus,‘voluntatem
397 3035 429 3098 S.
439 3034 602 3097 Pontifieis
614 3051 681 3096 esse
691 3037 727 3094 ut
735 3034 768 3093 in
776 3033 827 3094 his
838 3052 909 3113 quae
920 3031 961 3093 ad
969 3029 1049 3110 regi·

47 3127 436 3194 meolustitutinecessaria
446 3137 530 3205 sunt,
539 3131 647 3210 qualia
662 3136 736 3192 suut
746 3149 891 3192 accessus
904 3133 1050 3197 ‘sororum

47 3218 422 3310 adeapitulumgeueralc,
430 3229 596 3291 translatio
604 3228 1049 3307 uniusvelpluriumsororum

49 3317 159 3392 ldOmo
172 3325 206 3386 iu
219 3327 316 3389 aliam
332 3327 568 3389 domumetiam
583 3325 714 3387 alterius
729 3325 882 3399 dioecesis,
895 3321 1046 3386 adminis-

48 3415 127 3480 tratio
149 3422 307 3487 bonorum
330 3425 555 3506 temporalium
577 3421 848 3502 Gongregationis,
872 3427 947 3494 eta,
972 3424 1046 3494 etc,

48 3517 237 3590 supeuorissa
256 3523 414 3602 generalis
433 3524 663 3602 Episcoporum
689 3521 751 3583 loci
777 3517 960 3581 auctoritati
982 3532 1046 3578 non

48 3607 309 3696 subjiciatur,cum
328 3619 421 3682 aliter
435 3619 629 3700 impossibile
645 3619 686 3680 sit
700 3637 825 3680 servare
845 3616 1001 3678 unitatem
1016 3618 1048 3676 et

50 3703 362 3785 tltiugcmefficaciter
372 3736 514 3798 scopum.
526 3711 1047 3796 RemauetsiugulisEpiscopisjus
