2642 4268
171 299 237 346 altr.
262 297 295 346 11.
318 296 510 358 othtricum,
532 297 743 348 luunlrlortes
763 298 800 346 nr
820 298 991 348 nnnurlell.
1040 294 1091 350 51³

132 417 166 478 2⁰
192 413 348 481 Statuitur
369 420 404 476 ut
424 415 572 496 pecunia,
594 433 650 477 seu
673 415 759 478 bona
779 415 911 478 mobilia
928 406 1090 492 Ecclesiis,

71 519 139 576 tom
152 513 355 576 secularibus
370 531 466 601 quem
477 514 676 593 regularibus
690 514 777 594 date,
793 533 864 577 cum
876 534 1092 596 onoreperpe·

72 617 130 674 tuo
144 612 254 674 Missas
269 610 463 688 celebrandi,
480 612 521 674 ab
536 613 586 674 his
601 612 643 674 ed
657 631 736 692 quos
750 613 900 694 pertinet,
919 632 1015 694 quam
1029 615 1093 695 pri·

73 729 164 772 mum
189 709 398 772 investiantur
427 711 460 772 in
492 711 585 774 bonis
612 711 830 774 immobilibus
855 713 932 798 tutis
953 718 985 775 et
1005 715 1093 776 fruo-

72 809 183 884 tiferis‚
201 807 310 887 qualia
330 813 403 870 sunt
417 809 539 888 praedia
552 810 723 887 rusticana,
739 810 772 870 in
789 811 918 874 illorum
932 811 1092 874 defectum

73 906 252 970 immobilia
276 907 400 968 urbana
422 907 450 988 (ξ
474 909 504 984 5,
525 908 579 988 6);
608 909 635 969 si
659 909 747 970 bona
766 909 893 971 stabilia
919 928 983 972 non
1006 929 1094 991 repe·
1187 976 1191 982 ,

72 1005 210 1081 riantur,
248 1005 301 1068 rel
334 1024 399 1068 non
432 1005 515 1068 sinat
543 1006 733 1085 guber-nium
771 1007 863 1069 civile
895 1008 981 1071 bona
1019 1009 1095 1081 data

74 1103 222 1172 Ecclesiis
241 1104 333 1166 aliter
349 1103 502 1178 investiri,
517 1105 636 1167 scilicet
657 1104 819 1180 collocari,
838 1125 935 1186 quam
955 1107 988 1168 in
1003 1125 1092 1187 emp·

74 1204 161 1265 tione
172 1221 323 1264 censuum
338 1202 551 1282 publicorum,
565 1203 714 1266 nimirum
730 1205 911 1268 reddituum
927 1205 967 1267 eb
981 1207 1094 1269 serario

75 1301 479 1382 publicoconstitutorum,
502 1302 543 1364 ad
559 1301 639 1363 illud
657 1303 797 1364 medium
817 1303 999 1379 recurritur,
1020 1305 1094 1366 licet

78 1402 183 1462 minus
197 1405 442 1462 consentaneum
455 1400 496 1462 sit
511 1401 696 1476 canonibus,
711 1407 743 1462 et
754 1401 848 1481 praxi
865 1419 962 1483 quem
977 1402 1095 1464 indicat

79 1501 112 1564 S.
130 1500 350 1580 Congregatio.
368 1535 408 1546 -
426 1499 460 1561 Si
474 1499 604 1562 tandem
618 1499 688 1563 haec
700 1501 785 1564 bone
799 1501 932 1572 alienari
947 1502 1093 1581 contige-

81 1598 133 1673 rit,
155 1598 285 1662 servatis
301 1597 420 1677 regulis
440 1598 610 1674 canonicis
638 1599 775 1678 pretium
795 1599 889 1661 debet
909 1600 1095 1679 quantocius

80 1697 262 1758 convertiin
273 1697 352 1760 alios
362 1696 476 1759 fundos
487 1696 615 1760 stabiles
626 1704 658 1758 et
672 1697 848 1776 frugiferos,
864 1716 936 1760 cum
948 1715 1095 1780 expressa

80 1795 241 1858 mentione
255 1795 359 1857 oneris
373 1795 538 1857 Missurum
551 1814 570 1856 a
581 1795 750 1856 fundatore
759 1783 900 1875 impositi
909 1798 934 1858 ¹.

139 1895 173 1956 3ο
198 1893 389 1956 Prohibetur
414 1912 455 1955 ne
478 1897 618 1956 rectores
641 1893 855 1956 Ecclesiarum
878 1895 1095 1976 eleemosynas

79 1992 244 2054 manuales
260 1997 292 2054 et
312 1991 511 2072 quotidianas
525 2009 583 2071 pro
598 1992 701 2055 Missis
716 1991 913 2054 celebrandis
928 1993 1093 2074 recipiant,

78 2092 137 2154 nisi
150 2091 299 2154 oneribus
312 2097 385 2158 aute
398 2090 554 2171 impositis
568 2109 627 2171 per
637 2091 743 2156 varias
757 2091 958 2154 fundationes
971 2092 1094 2154 satisfe-

78 2192 189 2268 cerint,
218 2190 270 2254 vel
294 2190 379 2253 intra
406 2195 533 2270 tempus
548 2181 719 2256 'modicum
745 2189 926 2252 sadsfecere
954 2190 1092 2267 valeant,

81 2295 213 2369 excepto
244 2293 351 2350 tamen
376 2289 404 2350 si
428 2289 570 2350 tribuens
602 2288 834 2369 eleemosynam
865 2289 1041 2350 consentiat
1063 2295 1097 2354 ut

78 2388 182 2474 Missae
198 2406 277 2467 quas
290 2386 672 2467 postulatprotrahentur
682 2385 722 2448 ad
734 2392 871 2467 tempus,
888 2387 1096 2467 quoadusque

76 2487 231 2567 susceptis
240 2484 311 2568 jem
324 2485 508 2546 muneribus
521 2485 616 2546 fuerit
628 2485 833 2546 satisfactum.
849 2484 877 2566 (fi
890 2485 919 2560 8,
940 2485 1002 2564 lo.)
1019 2486 1095 2551 oum

76 2582 1093 2665 eutemdubitareturquidintelligideberetpertempuemodicum,

76 2681 165 2763 quod
187 2682 240 2744 alii
261 2681 353 2743 aliter
377 2681 889 2760 interpretabantur,Benedictus
911 2682 977 2756 xlv
1000 2682 1096 2742 refert
1139 2761 1144 2772 ‚

76 2783 110 2844 S.
133 2781 419 2859 Congregetionem
442 2778 641 2860 respondisse
662 2778 810 2840 modicum
834 2789 946 2861 tempus
968 2779 1097 2859 r'ntellz'pi

74 2877 164 2957 infra
184 2881 342 2940 menseml.
360 2879 491 2940 Servare
507 2877 658 2941 debemus
673 2882 792 2940 statuta
809 2883 839 2940 et
852 2878 1002 2958 probatas
1015 2894 1092 2938 con-

76 2974 427 3039 suetudineslocorum.
906 3001 909 3006 ¹

135 3078 169 3136 4⁰
186 3077 347 3136 Tenentur
359 3079 509 3147 rectores,
527 3075 568 3135 ad
583 3093 663 3153 quos
679 3079 811 3153 spectat·
829 3074 995 3147 conficere,
1013 3091 1095 3133 sem-

73 3192 194 3254 perque
214 3173 247 3234 in
265 3173 336 3234 loco
355 3173 477 3251 patenti
497 3173 632 3233 retinere
651 3172 803 3234 tabellam
824 3189 958 3234 onerum
977 3189 1094 3256 perpe-

74 3278 206 3336 tuorum
233 3277 265 3332 et
292 3270 527 3350 temporalium,
555 3268 667 3331 litteris
696 3269 936 3350 descriptorum.
963 3269 1097 3348 Insuper

76 3365 215 3432 retinere
231 3368 351 3431 debent
369 3368 403 3429 in
419 3367 558 3430 sacrario
579 3367 658 3430 duos
677 3367 775 3432 libros
793 3369 826 3430 in
846 3385 982 3450 quorum
996 3367 1096 3428 altero

77 3467 207 3547 singula
230 3485 328 3528 onera
352 3472 507 3547 perpetua
531 3471 562 3528 et
585 3466 785 3546 temporalia,
810 3466 843 3527 in
867 3466 966 3528 altero
991 3471 1096 3527 autem

130 3632 155 3678 l.
167 3627 206 3678 Cf.
216 3627 250 3678 de
261 3625 381 3696 Angelis,
396 3627 423 3677 in
436 3627 477 3676 tit.
494 3627 560 3688 XIII,
577 3625 624 3676 lib.
639 3627 684 3687 lll,
697 3636 728 3676 n⁰
741 3628 764 3678 3.

132 3707 156 3756 2.
173 3704 338 3756 Institutione
350 3716 401 3766 rvr,
415 3711 447 3754 n0
460 3705 498 3756 tl.
515 3730 544 3740 -
558 3703 585 3754 S.
600 3701 676 3766 llpn.
693 3701 725 3754 de
742 3703 857 3768 Lignori
872 3703 918 3754 lib.
939 3701 982 3764 Vl,
998 3710 1030 3752 n⁰
1041 3702 1098 3764 317,

80 3783 182 3852 quest.
197 3793 226 3850 u.
577 3785 580 3792 ¹
1091 3801 1097 3812 ¹

908 3879 952 3936 29.
