2588 4276
244 255 296 337 238
580 260 652 307 PARS
673 260 708 306 ΙΙ.
730 260 919 308 secuisset.

306 375 390 437 Talis
405 393 471 436 csse
485 375 610 460 videtur
628 395 737 438 sensus
751 377 863 438 obvius
878 377 974 440 bullae
990 375 1164 452 Clementis
1177 377 1241 452 Vlll3

244 475 360 537 etenim
371 475 450 549 vult,
463 475 558 536 modo
571 469 721 553 generali,
735 476 775 537 ad
788 483 926 538 mentem
936 475 1151 556 legislationis
1159 477 1244 537 Eccle-

243 574 388 645 siasticae,
401 579 436 634 ut
448 572 482 632 in
492 573 647 635 erectione
658 593 813 636 novorum
828 581 1042 636 conventuum
1054 573 1245 654 provideatur

244 672 391 734 omnibus
409 672 560 734 interesse
579 673 782 734 habentibus.
804 676 914 749 Perre,
933 673 1104 735 Parochiae
1121 678 1245 752 suntpu·

242 771 326 832 blica
347 771 492 832 instituta
517 789 588 850 quae
612 772 837 834 detrimentum
861 771 928 852 pati
949 777 1088 851 possunt
1112 789 1153 832 ex
1174 773 1244 833 novis

243 868 454 930 erectionibus
478 876 708 944 conventuum
722 871 866 949 parochi
889 889 952 931 non
978 869 1088 930 minus
1113 869 1245 930 interesse

242 966 363 1027 habent
375 967 406 1027 in
422 986 518 1028 causa
534 967 718 1047 hujusmodi
734 987 830 1047 quam
848 969 967 1048 priores
984 975 1211 1042 conventuum,
1225 973 1246 1029 st

242 1065 390 1126 Ecclesiae
408 1085 472 1126 non
487 1067 591 1127 minor
607 1085 683 1127 cura
697 1073 743 1127 cst
758 1067 796 1127 de
817 1071 902 1128 statu
920 1067 1153 1146 parochiarum
1168 1087 1245 1146 quan

243 1163 281 1224 de
303 1165 470 1225 commodo
491 1169 702 1226 conventuum
721 1164 927 1242 regularium.
943 1166 1065 1228 Idcirco
1088 1165 1246 1226 audiuntur

243 1262 420 1342 superiores
441 1269 652 1325 conventuum
668 1263 743 1342 quia
762 1263 855 1336 forte,
875 1263 964 1324 novis
979 1264 1095 1326 erectis
1116 1265 1246 1326 domibus

243 1341 408 1438 religiosis,
426 1361 495 1422 aliae
518 1362 630 1424 domus
649 1361 887 1440 praeexistsntes
907 1363 1061 1423 carebunt
1085 1361 1245 1423 redditibus

244 1458 358 1537 quibus
373 1460 539 1520 commode
556 1463 793 1521 sustententur:
811 1460 865 1521 sed
881 1460 1024 1521 accidere
1041 1460 1144 1521 etiam
1158 1465 1245 1540 potest

242 1563 278 1618 ut
288 1557 421 1636 parochi
427 1576 491 1619 non
500 1557 604 1618 minus
612 1557 783 1638 imomagis
791 1564 963 1635 graventur
970 1577 1069 1638 quam
1081 1557 1243 1638 superiores

180 1655 182 1658 ’
243 1660 466 1716 conventuum.
491 1657 560 1717 Non
580 1656 655 1716 satis
679 1662 725 1716 est
751 1655 876 1734 integra
899 1675 1091 1735 permanere
1111 1657 1243 1735 jurapa·

242 1753 397 1814 rochialia
412 1753 518 1815 stricte
533 1760 669 1834 sumpta,
684 1774 714 1816 v.
732 1753 837 1833 g.,jus
851 1755 1035 1816 confercndi
1047 1755 1241 1834 baptismum,

244 1851 452 1914 benedicendi
479 1853 616 1932 nuptias,
647 1853 804 1914 defunctis
829 1853 977 1916 funebria
1007 1853 1203 1928 exsolvendi,
1225 1853 1244 1912 si

243 1949 370 2011 aliunde
380 1952 497 2014 assueti
518 1951 670 2026 redditus,
693 1971 732 2012 ex
747 1952 863 2013 minori
882 1970 1038 2013 concursu
1057 1953 1200 2013 fidelium
1212 1951 1243 2010 ad

244 2048 474 2125 divinaollicia,
485 2049 667 2111 notabiliter
675 2049 1077 2112 diminuantur.Neminem
1088 2050 1244 2113 certelatet

240 2144 417 2224 praecipuos
424 2143 969 2224 redditusparochiarumprovenire
982 2163 1021 2206 cx
1033 2143 1240 2206 subselliorum

206 2293 214 2306 ,
240 2243 396 2304 locatione
408 2243 441 2304 in
458 2243 525 2304 aede
540 2261 639 2318 sacra,
655 2262 694 2304 ex
716 2243 924 2323 eleemosynis
942 2262 1022 2323 quas
1040 2244 1155 2304 fideles
1172 2243 1241 2302 intra

241 2341 346 2403 divina
357 2342 461 2402 officia
473 2341 662 2419 largiuntur,
677 2359 715 2402 ex
728 2341 852 2418 piorum
862 2341 1132 2420 parochianorum
1144 2340 1239 2400 libera·

240 2440 338 2514 litate,
356 2439 491 2519 denique
510 2458 549 2500 ex
563 2439 729 2501 Missarum
747 2439 927 2518 stipendiis;
945 2440 970 2501 si
982 2439 1129 2519 proinde,
1145 2437 1238 2499 multi-

240 2539 363 2618 plicatis
383 2539 586 2600 circumcirca
602 2538 747 2599 oratoriis
765 2537 900 2617 publicis
920 2539 1128 2616 regularium,
1143 2537 1237 2597 fideles

240 2637 282 2696 ab
301 2635 478 2697 assistentia
497 2636 608 2698 officiis
626 2636 864 2716 parochialibus
887 2641 1072 2713 avocentur,
1098 2634 1235 2706 notabile,

241 2733 304 2794 imo
319 2734 539 2812 gravissimum
551 2735 743 2814 quandoque
757 2733 830 2796 inde
848 2733 1074 2796 detrimentum
1093 2731 1236 2814 parochie

240 2833 403 2910 inferetur,
421 2833 499 2894 adeo
515 2839 551 2894 ut
564 2834 633 2916 jam
651 2853 715 2894 non
734 2833 839 2895 valeat
858 2833 1082 2894 convenienter
1095 2827 1237 2913 provideri
1265 2829 1266 2914 t

241 2931 418 3010 sumptibus
439 2928 541 2992 cultus
562 2931 691 3011 publici,
709 2931 899 2993 vicariorum
921 2931 1151 3006 sustentationi,
1169 2946 1235 3008 pau·

240 3050 351 3111 perum
371 3031 590 3110 sublevamini‚
614 3032 712 3113 quod,
734 3031 940 3110 quantumin
959 3049 992 3092 se
1014 3037 1072 3107 cst,
1093 3028 1235 3112 parochus
1265 3023 1266 3090 ἶ

240 3131 536 3210 praecaveredebet.
1265 3129 1266 3186 t

299 3230 399 3308 Igitur
410 3231 475 3292 sive
490 3231 664 3292 adtentum
677 3229 767 3308 legis,
784 3229 847 3292 sive
862 3229 903 3289 ad
916 3229 1002 3290 illius
1015 3229 1122 3306 finem,
1134 3221 1233 3288 sivead
1265 3217 1266 3224 '

241 3329 462 3390 auctoritatem
481 3327 716 3390 canonistarum
739 3327 977 3402 attenderimus,
999 3325 1231 3389 concludendum

241 3427 364 3488 videtur
388 3427 561 3488 audiendos
584 3445 650 3487 esse
672 3425 840 3506 parochos,
856 3425 978 3504 quoties
999 3425 1129 3486 dubium
1143 3425 1185 3484 est
1199 3436 1231 3478 an

242 3543 336 3603 grave
353 3524 572 3606 praejudicium
586 3523 701 3585 inferre
715 3523 829 3584 debeat
843 3523 1003 3604 parochiae
1021 3524 1095 3584 novi
1115 3535 1228 3584 conven-

241 3630 292 3684 tus
310 3624 464 3686 fundatio.
482 3622 630 3686 Rationes
646 3624 750 3685 allatae
771 3623 852 3684 tanti
870 3622 1019 3702 ponderis
1041 3627 1123 3697 sunt,
1138 3621 1228 3680 nostro

241 3721 367 3801 quidem
376 3720 506 3800 judicio,
521 3726 566 3796 ut,
583 3721 706 3784 etiamsi
720 3721 895 3800 Episcopus
905 3739 968 3784 non
984 3721 1188 3790 arbitraretur,
1200 3731 1226 3773 se
