2588 4276
216 273 269 328 272
562 277 635 327 PARS
655 277 689 325 11.
711 275 897 327 REGULARES.

276 397 308 457 8⁰
328 416 342 453 u
355 395 438 455 Anni
451 393 667 474 professionis,
685 391 787 472 quiin
802 392 887 453 dicto
902 391 1013 453 ordine
1030 390 1234 470 requiruntur

220 519 236 550 «
257 499 294 555 ut
306 493 375 573 quis
391 511 468 554 voce
484 491 588 552 activa
603 491 774 574 etpassiva
794 490 944 568 gaudeat,
959 495 992 550 et
1008 488 1049 550 ad
1063 488 1175 550 officia
1187 490 1236 549 ad·

219 614 236 649 «
258 591 341 653 mitti
355 590 464 670 possit,
481 609 501 651 a
515 588 567 650 die
581 588 759 652 emissionis
772 593 921 650 votorum
941 586 1136 666 simplicium
1155 604 1236 648 com·

130 709 132 712 ’
220 714 236 745 «
258 692 371 768 putant
374 707 427 762 ur;
440 693 471 748 et
481 686 615 767 professi
624 690 680 747 vo
683 704 776 747 orum
786 685 979 767 sunphcrum
988 684 1181 764 suffragium
1190 685 1237 745 ha
1285 715 1286 759 ;

219 808 236 843 «
256 785 358 848 bent'
320 791 381 846 ιιιι
402 785 480 846 actis
506 783 735 864 capitularibus
754 783 803 844 sui
818 787 955 846 convent
956 802 1005 858 us,
1027 787 1192 864 quatenus
1211 787 1286 846 et
1285 766 1286 826 l

220 908 236 938 «
256 888 352 964 prout
339 883 487 944 thabent
501 881 649 944 solemnit
636 887 685 943 er
695 881 839 960 professi
1285 885 1286 890 ’

278 983 310 1042 9⁰
327 1005 343 1038 «
357 979 495 1042 Professi
513 985 659 1042 votorum
680 978 872 1059 simplicium
891 978 1068 1043 dominium
1087 976 1235 1053 radicale

218 1079 298 1140 «uti
316 1078 416 1151 aiunt,
438 1096 569 1138 suorum
588 1077 746 1138 bonorum
765 1077 902 1139 retinere
924 1080 1094 1156 poterunt;
1117 1077 1180 1137 sed
1197 1075 1238 1136 eis

222 1196 237 1235 u
251 1174 381 1237 omnino
395 1175 564 1237 interdicta
576 1181 624 1237 est
633 1194 746 1237 eorum
755 1174 998 1249 administratio,
1011 1180 1044 1235 et
1054 1173 1239 1235 reddituum

220 1297 236 1330 α
250 1273 405 1353 erogati0,
421 1277 517 1352 atque
538 1291 623 1334 usus.
645 1274 767 1334 Debent
784 1277 954 1352 propterea
973 1277 1047 1334 ante
1062 1271 1237 1351 professio·
1286 1289 1287 1310 ι

221 1390 325 1432 «nem
346 1375 493 1432 votorum
517 1369 709 1449 simplicium
728 1371 852 1446 cedere,
877 1389 935 1450 pro
955 1375 1101 1449 tempore
1121 1369 1239 1450 quoin

219 1490 237 1526 «
252 1469 364 1530 eadem
386 1472 534 1529 votorum
558 1467 751 1547 simplicium
775 1467 971 1547 professione
990 1467 1238 1547 permanserint,

197 1642 199 1645 v
218 1589 234 1623 u
252 1565 571 1640 administrationem,
587 1567 800 1638 usufructum,
811 1571 845 1626 et
859 1584 964 1641 usum,
981 1565 1099 1644 quibus
1113 1565 1164 1626 eis
1177 1565 1242 1644 pla·
1287 1621 1288 1650 ,

220 1686 237 1722 e
253 1663 362 1738 cuerit,
380 1680 416 1723 ac
432 1662 529 1724 etiam
543 1680 600 1724 suo
616 1663 731 1739 ordini,
746 1662 774 1724 si
787 1663 833 1724 ita
847 1681 906 1743 pro
921 1681 1032 1725 eorum
1046 1662 1144 1726 libitu
1157 1662 1239 1724 exis·

222 1785 237 1818 u
251 1760 446 1822 timaverint.

280 1858 331 1918 10⁰
347 1881 363 1914 α
377 1857 514 1919 Professi
528 1864 676 1920 votorum
687 1857 880 1938 simplicium
894 1877 1059 1920 remanere
1074 1857 1240 1920 debentia

222 1979 238 2012 «
253 1954 399 2017 domibus
410 1957 608 2034 professoriis
621 1962 652 2018 et
665 1957 855 2032 studiorum,
871 1961 905 2018 et
920 1957 1020 2020 vitam
1035 1973 1240 2027 communem
1288 1953 1289 1974 ¹

224 2075 240 2111 u
255 2054 428 2133 perfectam
443 2055 625 2116 observare.

282 2152 359 2210 110«
373 2151 421 2212 Ad
436 2151 540 2212 valide
553 2152 728 2213 emittenda
739 2155 815 2214 vota
829 2151 984 2214 solemnia
996 2157 1070 2231 post
1082 2157 1161 2214 vota
1174 2150 1241 2212 sim·

222 2249 363 2330 «plicia,
384 2250 557 2328 requiritur
577 2251 732 2329 professio
755 2269 916 2330 expressa,
939 2255 971 2312 et
990 2249 1064 2312 ideo
1086 2250 1241 2331 professio
1289 2313 1290 2322 ,

222 2369 239 2405 «
253 2347 350 2408 tacita
363 2348 493 2408 omnino
508 2348 663 2426 abrogata
678 2353 736 2410 est.

283 2469 298 2502 «
314 2448 388 2507 Haec
404 2446 561 2507 Sanctitas
572 2447 637 2508 Sua
652 2438 763 2507 statuit
777 2451 874 2525 atquc
886 2445 1060 2520 constituit,
1074 2445 1242 2508 contrariis

222 2565 238 2600 u
255 2543 517 2623 quibuscumque,
532 2543 628 2605 etiam
649 2543 779 2623 speciali
792 2543 955 2606 mentione
969 2543 1085 2622 dignis,
1103 2562 1171 2606 uon
1186 2544 1241 2605 ob-

222 2663 238 2696 «
254 2640 421 2718 stantibus,
436 2642 551 2721 quibus
565 2641 743 2722 apostolica
759 2641 949 2704 auctoritate
965 2643 1111 2720 derogat,
1130 2660 1170 2704 ac
1183 2642 1238 2703 de·

224 2760 240 2793 «
254 2742 402 2814 rogatum
417 2756 485 2799 esse
500 2738 653 2800 declarat.
667 2762 682 2794 »

281 2837 395 2896 Notare
422 2836 517 2896 refert
547 2836 578 2894 1ο
600 2835 671 2898 haec
694 2841 815 2898 statuta
838 2837 934 2898 fuisse
957 2855 1015 2916 pro
1038 2835 1240 2916 regularibus

221 2950 286 2993 non
307 2951 383 2994 vero
406 2951 465 3012 pro
490 2934 691 3010 monialibus,
716 2935 754 2996 de
777 2935 893 3016 quibus
913 2954 978 2997 non
1006 2935 1184 3013 agebatur;
1204 2967 1241 2982 -

221 3031 254 3091 2⁰
277 3031 506 3110 professionem
533 3035 680 3093 votorum
708 3033 898 3113 simplicium
925 3051 993 3096 esse
1025 3033 1239 3096 conditionem

221 3127 431 3190 necessariam
445 3129 485 3189 ad
496 3129 691 3192 validitatem
702 3131 908 3210 professionis
921 3131 1072 3193 solemnis
1084 3149 1157 3211 quae
1171 3136 1242 3211 post

222 3225 392 3288 triennium
407 3226 477 3302 fiet3
491 3261 529 3274 —
544 3229 576 3288 3⁰
591 3229 779 3306 abrogatam
799 3248 878 3306 esse,
892 3229 926 3291 in
945 3229 1101 3301 futurum,
1115 3229 1239 3308 profes·

220 3323 342 3386 sionem
361 3325 501 3402 tacitam,
517 3327 645 3406 quando
663 3326 703 3388 dc
719 3326 802 3388 votis
821 3328 1017 3388 solemnibus
1029 3327 1146 3405 agitur.
1165 3325 1241 3404 (bit-

221 3426 297 3484 tcrae
313 3424 502 3502 Apostolicae
517 3423 569 3484 Ad
577 3423 756 3485 universalis
773 3423 918 3486 Ecclesia
934 3429 952 3486 'l
967 3425 1047 3486 febr.
1067 3423 1171 3505 1862.)

283 3523 354 3583 467.
374 3555 410 3566 -
422 3522 464 3582 ΙΙ0
478 3520 549 3596 Qua
561 3520 744 3584 conditiones
761 3521 961 3603 requiruntur
973 3533 1008 3583 at
1014 3521 1168 3604 professio
1187 3539 1240 3582 vo-

223 3615 284 3678 fi'de
299 3616 378 3697 fiat?

285 3715 427 3786 Quatuor
446 3715 644 3778 conditiones
664 3717 881 3797 requiruntur,
899 3716 1050 3780 nimirum
1070 3736 1079 3779 t
1100 3722 1137 3779 ut
1151 3717 1242 3781 fiala
