2582 4278
252 263 318 310 ΛΒΤ.
339 262 379 310 Vl.
401 263 578 312 GONVENTUS
597 263 810 312 cecindillus.
988 257 1039 309 177

50 406 61 440 r
78 397 139 460 qua
151 378 231 440 fiunt
243 397 300 459 pro
315 397 352 440 re
363 382 525 458 spectante
538 379 578 440 ad
592 379 776 458 capitulum,
792 379 887 440 dehet
900 378 958 440 illa
971 397 1038 440 ser-

50 505 61 533 «
77 477 144 549 vari,
159 476 482 553 utdoeentBarbosa,
495 476 533 538 de
544 475 715 550 Caucaseis,
733 494 803 556 cap.
818 483 912 550 xxxv,
926 476 1040 554 Pigne-

49 601 61 633 «
77 574 144 648 telli,
164 573 297 634 consult.
315 591 390 649 cerv,
412 574 648 648 etc.‚rdice'ntes
668 575 764 636 talem
778 575 1039 636 consuetudinem

49 694 61 731 r
77 671 240 732 formaliter
253 689 318 732 esse
330 672 530 750 probandam
546 672 657 734 saltem
667 691 725 751 per
736 672 845 734 decem
860 678 970 742 annos,
983 671 1039 750 qui

47 795 58 827 «
76 769 210 830 ridentur
231 769 387 843 sulficere,
404 787 475 830 cum
487 787 552 830 non
566 769 607 830 sit
621 775 728 830 eontra
745 769 808 847 jus.
824 793 838 824 n
849 768 899 850 (N⁰
911 768 975 848 56.)
990 770 1039 829 lta

45 867 122 928 etiam
139 865 288 938 Ferraris,
303 875 335 928 v⁰
351 865 538 947 Capenam,
559 871 619 928 art.
636 883 657 940 1,
672 864 711 927 αἱ*
724 867 824 941 llas,
842 866 897 947 qui
919 867 1039 944 profert

47 963 271 1024 declarationem
289 964 399 1026 datam
420 983 440 1026 a
457 964 488 1024 S.
511 963 794 1043 congregationes
810 963 886 1024 maii
909 965 987 1025 1585
1005 963 1040 1024 in

46 1079 123 1122 causa
142 1059 253 1121 vicarii
274 1060 370 1121 Arch.
381 1061 636 1136 Mediolanensis,
656 1061 706 1122 his
727 1060 838 1124 verbis·
854 1061 1037 1138 prolatam:

50 1180 61 1216 r
76 1159 102 1220 S.
117 1157 323 1236 Gongregatio
339 1158 478 1220 decrevit
488 1159 643 1219 vicarium
659 1157 898 1237 Archiepiscopi
910 1157 1037 1220 Mediol.

50 1280 61 1311 r
78 1255 210 1334 capitulis
224 1255 373 1318 Ecclesia
391 1255 647 1335 metropolitana
661 1261 693 1316 et
711 1255 911 1334 negotiorum
926 1259 1038 1316 tracta·

49 1351 144 1414 «toni
162 1357 193 1414 et
213 1353 411 1433 expeditioni
429 1353 582 1417 interesse
596 1353 711 1426 ualere,
734 1357 766 1414 et
785 1351 910 1430 primun
932 1351 1039 1412 sedem

51 1475 61 1505 r
77 1450 183 1511 habere
196 1449 294 1529 juxta
308 1450 471 1512 decretum
492 1450 619 1512 concilii
629 1449 833 1530 provincialis
846 1449 941 1511 tertii.
958 1470 972 1508 u
991 1449 1040 1512 Ita

49 1547 255 1610 ratiocinantur
274 1549 448 1610 canonista
462 1549 494 1610 in
508 1547 678 1628 hypothesi
692 1548 779 1626 quod
798 1565 860 1608 non
880 1546 1039 1625 agendum

48 1645 77 1706 sit
87 1647 120 1706 de
133 1647 315 1721 commodo,
330 1665 396 1723 seu,
414 1651 450 1707 ut
466 1646 565 1720 aiunt,
578 1645 614 1706 dc
626 1646 747 1727 privato
760 1645 899 1708 tictcresse
912 1644 1036 1720 vicarii3

49 1761 75 1804 eo
94 1743 170 1804 enim
201 1761 278 1804 casu
307 1743 506 1820 adveniente,
532 1743 640 1821 egredi
654 1744 783 1804 deberet
805 1747 836 1804 et
859 1742 1039 1822 relinquere

49 1841 190 1902 canonicos
216 1842 314 1919 solos,
339 1846 375 1903 ut
397 1841 496 1910 libere
516 1859 584 1904 rem
607 1839 667 1921 ipsi
689 1839 859 1905 discutiant
878 1846 911 1902 et
928 1839 1039 1902 termi-

50 1943 113 2000 nent.
778 1959 779 1964 ¹

90 2036 142 2098 Ubi
156 2055 237 2099 vero
252 2036 438 2117 Episcopus,
449 2055 507 2098 seu
526 2036 660 2098 sicarius
674 2035 839 2116 generalis,
852 2035 945 2115 juxta
960 2053 1038 2098 con-

19 2177 20 2208 ᾗ
48 2133 221 2196 suetudinem
233 2134 403 2196 intervenit
415 2134 448 2204 in
461 2139 544 2204 coetu
557 2133 734 2213 capitulari,
750 2152 814 2195 non
828 2138 932 2212 potest
946 2151 1039 2194 suum

48 2231 206 2310 suffragium
220 2233 314 2304 ferre,
328 2232 355 2294 si
369 2249 433 2294 non
446 2232 486 2293 sit
499 2232 689 2306 canonicus;
704 2231 790 2310 quia,
806 2249 846 2292 ex
859 2237 975 2290 natura
986 2247 1038 2292 re-

48 2346 109 2404 rum,
115 2328 164 2406 jus
177 2329 302 2393 ferendi
312 2329 498 2407 suffragium
514 2345 579 2392 non
595 2330 635 2390 ad
651 2328 731 2390 alios
740 2329 878 2407 pertinet
890 2345 987 2407 quam
997 2325 1040 2388 ad

48 2427 166 2488 membra
184 2427 328 2507 corporis
346 2427 561 2497 deliberantis,
583 2426 711 2507 quando
734 2427 839 2504 agitur
855 2426 894 2487 de
911 2423 1038 2502 negotio

47 2523 180 2602 adipsum
198 2524 374 2603 capitulum
394 2529 566 2604 spectante.
592 2524 696 2605 (Gard.
718 2525 814 2586 Petra
833 2530 868 2584 n⁰
886 2524 940 2598 59;
961 2524 1038 2584 Fer·

47 2620 114 2694 raris,
129 2639 162 2681 n⁰
177 2623 228 2697 il,
241 2623 302 2684 loc.
320 2622 386 2704 eit.)

19 2705 21 2758 l
90 2718 175 2782 ²423.
188 2754 228 2764 —
240 2721 294 2781 1v⁰
308 2719 378 2796 Qua
393 2719 505 2800 requies
518 2718 673 2788 sonanda
691 2720 752 2782 sint
766 2721 800 2780 in
814 2717 1040 2780 deliberationi-

19 2759 21 2886 ἶ
48 2811 85 2874 its
97 2815 240 2898 capituli?
795 2843 798 2852 ⁴
1033 2839 1036 2847 ⁴

19 2887 22 3000 ξ
65 2913 66 2916 ’
90 2913 110 2974 l.
122 2917 253 2976 Necesse
267 2919 315 2976 est
325 2921 360 2978 ut
373 2915 475 2978 adsim
485 2916 591 2978 saltem
605 2915 671 2980 due
682 2935 719 2978 ec
729 2914 825 2976 trr'bus
834 2915 976 2996 partibus
990 2931 1041 2976 co·

47 3012 209 3087 stoicorum,
227 3013 313 3093 quod
325 3014 567 3092 intelligendum
581 3015 713 3077 relative
728 3012 769 3075 ad
784 3013 973 3092 capitulares
986 3011 1042 3090 qui

49 3117 202 3188 supersunt,
215 3112 364 3173 detractis
376 3113 439 3173 illis
452 3113 583 3193 quinon
598 3117 730 3192 possunt
744 3111 903 3172 interesse.
919 3108 1042 3187 Regula

49 3210 84 3278 est
91 3209 300 3288 receptissima
317 3210 403 3288 apud
422 3211 603 3272 canonistas
617 3215 649 3270 et
660 3207 870 3288 jurisperitos,
891 3205 970 3267 illud
989 3209 1040 3265 to·

19 3327 20 3344 r
50 3305 99 3370 tum
117 3325 229 3386 corpus
250 3309 359 3368 facere·
374 3307 495 3370 censeri
515 3308 602 3388 quod
616 3308 686 3369 duae
703 3310 810 3385 partes
824 3305 955 3378 faciunt,
976 3317 1042 3362 ser·

50 3405 107 3462 vato
119 3404 225 3464 ordine
235 3403 307 3483 jure
324 3406 511 3484 praestituto.
527 3405 615 3487 (Gap.
631 3404 708 3470 cam
719 3402 814 3477 nobis,
832 3404 881 3474 le,
898 3418 936 3462 nn
949 3401 1043 3462 Enne-

50 3512 131 3576 rrors,
145 3502 177 3563 in
191 3510 282 3582 parte
298 3504 427 3584 decisa.)
479 3563 482 3572 Α

95 3598 124 3660 Si
145 3605 250 3662 tamen
274 3602 419 3664 canonici
444 3602 503 3664 rite
528 3601 693 3663 convocati
718 3598 825 3661 venire
852 3597 1037 3671 detrectent,

51 3697 136 3757 ceteri
150 3699 202 3780 qui
213 3705 385 3780 praescntes
395 3705 468 3762 sunt
480 3705 612 3779 possunt
623 3699 708 3762 ultra
719 3695 901 3778 procedere,
917 3686 1050 3757 etiamsi.
