2588 4276
250 247 305 303 200
360 275 365 282 ’
590 253 666 302 PARS
684 253 719 302 11.
740 251 927 302 sedullus.

251 369 317 452 qui,
331 387 371 431 ex
387 371 514 434 decreto
528 369 641 433 Leonis
654 371 691 444 X,
705 371 791 432 solus
805 368 904 430 utitur
915 366 1021 446 sigillo
1035 365 1134 428 totius
1147 366 1241 430 ordinis
1270 399 1271 402 ¹

250 473 283 530 et
294 467 422 528 titulum
435 469 562 547 praeiert
572 467 730 546 generalis
743 467 841 530 totius
855 465 975 530 ordinis
984 463 1086 526 saneti
1098 464 1243 540 F'raucisci,

250 581 304 628 seu
320 565 466 626 Fratrum
480 566 649 628 Minorem.

311 660 480 744 Capeers'ni
496 663 641 742 regulam
660 663 757 725 etiarn
779 664 948 725 observant
966 660 1059 740 juxta
1082 659 1242 740 primaeran

248 757 385 821 instituti
398 761 568 840 puritatem
585 778 592 820 :
609 760 848 840 distinguuntur
862 778 881 822 a
896 757 1144 837 congregatione
1157 757 1243 818 liber·

249 857 404 930 vantium,
421 875 475 918 seu
488 857 646 920 Minorum
660 859 776 920 stricta
791 857 1011 930 observantiae,
1027 856 1061 916 in
1080 856 1244 916 formares
1267 922 1269 932 J

249 953 338 1030 titus,
358 954 390 1016 in
408 955 574 1016 domorum
593 973 722 1017 suarum
743 954 988 1030 constructione,
1004 954 1037 1016 in
1058 951 1243 1032 pecuniarum
1267 941 1269 1010 ἶ

249 1069 320 1125 usu,
337 1056 410 1126 etc,
429 1069 499 1131 quae
515 1053 591 1132 ipsis
605 1054 680 1116 visre
693 1059 767 1116 sunt
780 1053 882 1134 magis
897 1052 1046 1114 accedere
1064 1051 1109 1112 ad
1129 1055 1243 1111 menten

248 1148 380 1230 piissimi
395 1150 583 1212 fundatoris.
597 1151 767 1230 Gapuccini
781 1151 977 1213 constituunt
989 1149 1128 1210 alteram
1141 1163 1245 1226 congre·

250 1247 411 1326 gationem
425 1249 615 1326 generalem,
632 1249 691 1310 sub
705 1250 835 1329 proprio
850 1248 1022 1328 superiore.
1267 1249 1270 1324 j

313 1345 419 1406 Tertia
434 1346 638 1424 congregatio
649 1351 697 1408 est
707 1345 966 1421 Conventuals‘um,
979 1344 1033 1425 qui
1045 1343 1190 1424 regulam
1198 1363 1244 1406 ser·

249 1447 338 1515 sant,
368 1459 432 1503 non
459 1443 500 1504 ad
525 1443 663 1522 rigorem
684 1444 865 1517 litteralem,
891 1444 947 1506 sed
973 1443 1243 1524 dispensationibus
1268 1457 1272 1480 ¹

249 1543 472 1620 temperatam,
489 1546 557 1601 tum
579 1542 684 1620 quoad
698 1541 928 1622 possessionem
945 1542 1107 1604 bonorum
1121 1540 1244 1601 immoti

161 1647 163 1650 ’
249 1635 330 1696 lium
344 1637 376 1698 in
392 1638 562 1714 communi,
578 1645 644 1700 tum
656 1639 763 1720 quoad
772 1640 920 1701 vestitum
930 1645 962 1701 et
973 1639 1037 1701 alia
1046 1656 1121 1718 quae
1133 1638 1243 1716 aprina

250 1725 414 1796 seueritate
425 1737 587 1811 recedunt,
597 1737 852 1816 legitimatamen
863 1737 1246 1816 reddunturlongapesses
1271 1771 1272 1806 3

250 1830 350 1907 sione,
365 1833 439 1912 quin
453 1833 548 1894 etiam
561 1851 691 1896 assensu
704 1835 758 1898 SS.
774 1835 976 1897 Pontificum.

261 1961 267 1968 ·
309 1928 526 2008 Augustinicni
539 1936 689 2010 quartum
702 1933 808 1997 locum
818 1938 977 2013 occupant
991 1932 1077 1996 inter
1089 1930 1245 2012 praecipuos
1270 1939 1272 1998 l

250 2027 376 2089 ordines
392 2028 617 2092 mendicantes.
636 2032 685 2092 An
700 2031 847 2111 quadam
861 2031 974 2093 saltem
988 2031 1106 2093 domus
1123 2027 1245 2108 Augusti·

250 2124 418 2186 nianorum
430 2127 652 2204 processerint,
667 2128 863 2191 successione
878 2147 943 2190 non
957 2129 1148 2209 interrupta,
1163 2123 1245 2187 areli
1272 2163 1273 2202 3

250 2219 346 2301 giosis
367 2223 503 2284 eremitis
523 2229 555 2285 et
569 2226 831 2287 conventualibus
847 2245 929 2306 quos
948 2227 1129 2306 persecutio
1142 2221 1244 2286 Vanda-
1272 2263 1273 2299 3

249 2318 353 2382 lorum
372 2320 448 2381 olim
469 2321 636 2399 fugaverat
651 2323 692 2383 ab
710 2323 817 2386 Africa
834 2324 868 2384 in
887 2325 959 2386 loca
972 2324 1100 2386 diversa
1119 2320 1208 2382 ltalia
1221 2320 1244 2377 et
1272 2360 1273 2397 3

249 2417 432 2487 Galliarum,
449 2437 500 2480 res
519 2425 566 2480 est
585 2420 706 2482 incerta
727 2421 813 2501 apud
832 2422 982 2484 eruditos.
996 2422 1111 2484 Plures
1130 2432 1243 2496 congre·
1272 2457 1273 2494 r

249 2515 391 2593 gaticnes
405 2517 437 2577 in
457 2535 556 2578 unum
574 2517 736 2596 religionis
756 2537 871 2599 eorpus
889 2520 1026 2582 reducta
1045 2524 1122 2582 sunt
1135 2516 1190 2578 sub
1205 2529 1241 2574 re·
1272 2557 1273 2592 ,

248 2611 325 2690 gula
347 2614 447 2675 sancti
471 2615 639 2694 Augustini
659 2635 769 2678 versus
793 2616 933 2678 medium
959 2616 1117 2680 seculrun·
1139 2629 1192 2676 run
1210 2610 1241 2670 ab
1272 2655 1273 2662 κ

248 2707 429 2771 Menandro
452 2713 509 2786 1v;
535 2718 631 2792 atque
653 2713 694 2775 ab
715 2714 770 2776 illo
794 2705 940 2794 tempore
959 2713 1242 2792 Augustinianorun
1272 2765 1273 2768 ,

248 2806 415 2887 disciplina
443 2811 588 2889 proiecit,
616 2811 834 2892 multiplicatis
862 2831 920 2892 per
947 2811 1083 2886 ltaliam,
1114 2807 1240 2876 Galliam,

239 2904 447 2984 Jdispaniam,
479 2913 656 2988 ceteraque
688 2911 774 2984 loca,
803 2910 1012 2972 conventibus
1039 2908 1239 2973 eremitarum,

248 3001 523 3079 discalceatorum,
544 3007 743 3087 aliorumque
758 3008 854 3087 huJus
869 3008 971 3071 sancti
984 3006 1120 3069 instituti
1131 3001 1241 3082 regule·

248 3117 343 3160 rrum.

310 3199 342 3258 2⁰
369 3199 635 3278 Congregationes
665 3201 851 3266 Clersccrum
882 3204 1081 3286 Repetnrmm
1100 3197 1239 3262 eumdem

247 3295 344 3358 linem
358 3306 595 3377 prosequuntur
606 3319 702 3380 quem
715 3302 842 3363 ordines
857 3302 1113 3374 Mendicantium,
1129 3303 1159 3359 et
1171 3309 1240 3374 pra·

247 3400 335 3456 terea
353 3396 394 3456 ed
415 3396 655 3459 instaurandam
676 3399 876 3478 disciplinam
899 3400 1088 3470 clericalem,
1109 3397 1240 3457 innovan-

248 3491 389 3570 dumque
408 3493 441 3553 in
456 3493 542 3554 clero
556 3495 702 3574 spiritum
718 3496 894 3559 vocationis
912 3515 988 3572 suae,
1009 3496 1157 3559 institutas
1170 3491 1240 3550 suni·

248 3589 356 3650 Prima
375 3590 486 3652 ordine
509 3597 700 3673 temporum,
724 3611 795 3674 quaa
819 3600 851 3656 et
871 3595 993 3657 catenis
1016 3597 1124 3674 postea
1146 3583 1240 3650 erectis

249 3685 384 3747 formam
410 3688 510 3765 dedit,
533 3696 579 3752 est
608 3691 822 3753 Ttectuserum
845 3709 941 3772 quam
964 3691 1105 3752 fundavit
1129 3687 1238 3748 sanctus
