2582 4278
259 302 310 358 llo
624 309 700 356 rins
719 308 752 356 11.
773 309 901 374 atanici.

251 427 506 506 incorporantur.
523 427 583 488 Res
596 425 640 488 sic
654 427 886 505 componendo,
903 427 1067 506 antiquam
1082 426 1247 506 dignitatem

245 523 556 588 ¹Archidiaconorum
590 541 661 584 oum
690 524 797 586 officio
819 529 850 585 et
874 524 1053 586 conditione
1079 525 1247 588 vicariorum

252 623 376 684 unitam
402 622 627 698 restituerunt,
652 621 713 684 boc
741 627 836 702 pacto
862 626 897 683 ut
919 622 1096 684 Praebeuda
1125 623 1247 687 Ecclesia

254 719 456 796 cathedralis,
473 721 582 800 pensio
596 720 716 781 scilicet
730 739 749 781 a
761 721 919 782 Gubernio
933 721 1100 796 attributa,
1115 721 1247 784 tribuere-

254 822 306 878 tur
319 817 436 879 vicario
459 836 532 878 cum
552 817 707 896 dignitate
728 817 1016 893 archidiaconatus,
1034 818 1074 880 ab
1092 817 1148 880 illo
1169 821 1248 898 possi-

254 916 359 977 denda
372 916 524 995 quamdiu
537 935 651 977 munus
664 934 756 976 suum
772 922 923 990 servaret.

314 1017 389 1076 Haec
401 1014 542 1075 notanda
555 1014 701 1074 duximus
714 1019 749 1074 ut
760 1015 945 1075 ostendatur
954 1015 1155 1094 disciplinam
1168 1015 1249 1076 Eccle-

253 1111 371 1172 siarum
390 1111 500 1173 Galliae
513 1111 544 1172 in
560 1111 788 1172 constitutione
808 1111 1030 1190 capitulorum,
1050 1129 1123 1191 quae
1140 1113 1178 1172 ab
1191 1112 1249 1172 inito

251 1209 451 1272 Concordato
480 1209 521 1270 ad
544 1209 751 1270 recentiorem
781 1214 907 1270 aetatem
937 1209 1082 1284 invaluit,
1108 1209 1249 1270 inductam

253 1307 349 1370 fuisse
369 1309 408 1369 ob
425 1327 535 1368 causas
555 1325 676 1384 graves,
697 1325 790 1367 suum
810 1307 1052 1368 fundamentum
1074 1308 1249 1369 habuissein

254 1424 383 1466 assensu
405 1405 502 1465 tacito
532 1407 655 1467 Sanctae
680 1405 784 1482 Sedis,
811 1405 1007 1482 quinetiam
1037 1405 1247 1484 approbatione

254 1502 561 1581 fluminalis-Legati,
574 1502 703 1563 tandem
718 1502 944 1563 consuetudine
957 1503 1178 1563 confirmatam
1188 1520 1247 1561 esse.

252 1601 465 1671 Quamobrem
476 1599 644 1661 concilium
654 1601 824 1679 provinciae
838 1600 1028 1661 Turonensis
1040 1600 1156 1660 merito
1166 1600 1248 1659 dicere

252 1698 357 1776 potuit
374 1716 381 1758 :
400 1722 416 1754 «
432 1699 579 1770 Quamvis
593 1696 747 1758 hodierna
767 1697 978 1778 capitulorum
1001 1698 1184 1758 constitutio
1201 1715 1249 1756 non

256 1819 272 1852 «
294 1796 334 1854 sit
346 1794 412 1873 juri
429 1795 560 1875 antiquo
582 1795 710 1856 omnino
734 1796 915 1874 conformia,
937 1814 1047 1857 corum
1063 1795 1249 1857 nihilominus

258 1914 273 1950 a
293 1898 412 1954 statuta
426 1893 501 1971 ipsis
514 1893 628 1954 virtute
640 1893 837 1954 auctoritatis
851 1893 1034 1974 apostolicae
1051 1913 1110 1973 per
1124 1891 1248 1954 cardina-

257 2011 273 2047 (ι
293 1991 357 2050 lem
371 1991 584 2068 subdelegatae
600 1990 639 2051 ab
656 1990 820 2070 Episcopis
839 1992 925 2068 data,
942 2009 1002 2052 nec
1022 2011 1087 2052 non
1103 1989 1248 2052 abeodem

257 2107 272 2145 u
293 2087 447 2148 cardinali
467 2088 573 2166 legato
593 2088 785 2148 sufficienter
807 2090 994 2168 approbata,
1013 2097 1044 2150 et
1066 2089 1190 2150 aliunde
1206 2104 1248 2164 per

256 2184 435 2246 «diuturni
458 2186 610 2264 temporis
635 2204 728 2245 usum
753 2185 951 2265 confirmata,
978 2187 1175 2248 observanda
1197 2200 1247 2244 esse

254 2307 271 2340 «
293 2283 502 2360 declaramus,
520 2284 726 2363 quoadusque
737 2285 853 2346 Sancta
869 2285 965 2346 Sedes
978 2285 1071 2346 aliter
1083 2281 1244 2346 statueritu

252 2382 373 2444 Deerat.
390 2383 427 2458 V,
445 2384 480 2442 de
496 2380 657 2462 Capitulis.

311 2479 439 2541 Mutatis
454 2498 529 2540 vero
546 2479 800 2554 circumstantiis,
818 2499 890 2542 cum
903 2481 1041 2542 rationes
1059 2499 1131 2560 quae
1148 2477 1247 2558 primos

252 2576 424 2656 Episcopos
443 2583 608 2638 moverant
636 2578 740 2638 minus
763 2578 795 2638 in
819 2579 968 2658 praesenti
995 2583 1147 2658 urgeant,
1170 2580 1246 2652 atque

253 2674 427 2752 optandum
443 2675 483 2734 sit
496 2681 531 2735 ut
545 2680 658 2736 cuncta
672 2676 787 2736 melius
807 2681 1039 2754 componantur
1059 2677 1100 2737 ad
1122 2687 1246 2734 normam

247 2771 329 2850 juris
341 2773 527 2848 communis,
544 2779 697 2852 quantum
709 2773 901 2852 possibilitas
913 2774 1023 2848 datur;
1040 2773 1199 2834 dimissum
1212 2771 1246 2826 est

251 2869 407 2946 capitulis,
420 2888 439 2929 a
454 2869 597 2948 pluribus
612 2871 751 2932 conciliis
768 2871 1077 2950 provincialibus-ut
1092 2873 1247 2931 statutaru-

251 2957 363 3044 visent,
375 2985 519 3046 novaque
535 2968 560 3028 si
573 2974 786 3048 opportunum
799 2968 1021 3048 judicaverint,
1039 2967 1201 3030 conficiant
1214 2960 1244 3020 ab

251 3065 413 3144 Episcopis
433 3067 652 3144 approbanda,
672 3067 758 3146 quod
774 3067 807 3126 in
822 3067 981 3146 plerisque
996 3066 1180 3128 dioecesibus
1193 3061 1245 3120 lac·

249 3170 319 3223 tum
334 3168 390 3224 est.
408 3164 517 3242 ltaque
531 3164 625 3224 hodie
640 3169 764 3226 mutata
777 3164 932 3224 babemus
951 3170 1068 3226 statuta
1083 3165 1116 3224 in
1129 3179 1164 3224 eo
1179 3173 1245 3238 ptae·

249 3245 358 3320 sertim
375 3260 460 3340 quod
476 3260 516 3320 ad
531 3261 701 3340 dignitates
718 3261 848 3341 capituli
869 3263 991 3340 attinet,
1011 3263 1057 3324 uti
1072 3271 1246 3342 exponemus

251 3357 344 3418 inira.
