2632 4260
450 937 599 1030 stetit
639 937 689 1024 11⁶

431 1186 484 1241 ΒΕ
511 1183 713 1244 ceruicis

122 1399 189 1458 tlt.
212 1431 254 1444 -
274 1398 386 1458 tileriai
404 1396 554 1458 dicuntur
571 1414 650 1477 quos
669 1417 758 1460 sacra
778 1398 935 1461 ordinatio
954 1416 974 1458 a
991 1398 1080 1460 laicis

75 1497 236 1576 distinguit.
260 1495 387 1558 Addicti
402 1501 477 1556 sunt
493 1495 592 1558 cultui
611 1497 739 1577 publico
758 1503 789 1560 et
804 1495 956 1560 Ecclesia
971 1495 1081 1558 minis-

75 1596 153 1671 torio,
174 1595 208 1656 vi
229 1613 297 1656 sum
317 1594 526 1658 ordinationis
544 1601 577 1657 ct
595 1595 805 1675 delegationis
823 1601 974 1676 acceptas,
996 1596 1080 1656 unde

76 1693 164 1772 ipsum
176 1711 299 1754 nomeu
314 1693 478 1768 obtinent;
493 1711 568 1754 nam
582 1712 646 1757 vox
656 1711 761 1773 greca
775 1695 885 1778 κλῆρος,
898 1711 969 1774 quse
983 1693 1081 1756 latine

75 1810 125 1851 sors
134 1791 377 1870 iuterpretatur,
391 1791 548 1868 siguificat
562 1791 694 1854 clericos
705 1792 739 1853 in
754 1797 872 1854 sortem
885 1791 1013 1854 Domini
1023 1810 1080 1852 vo·
1106 1831 1107 1834 =

75 1895 148 1950 catos
164 1907 245 1967 esse,
265 1889 308 1950 ad
326 1888 411 1950 illius
427 1889 547 1952 scilicet
561 1890 682 1953 cultum
698 1892 792 1952 modo
811 1890 965 1971 peculiari
982 1890 1081 1970 appli-

76 2007 137 2050 cerr.

126 2087 268 2164 Quatuor
292 2087 469 2167 precipuas
492 2087 682 2167 quaestiones
704 2088 937 2168 perpendemus
960 2087 1000 2147 dc
1024 2085 1082 2148 cle

76 2186 134 2247 ricis
151 2204 160 2248 ε
181 2187 214 2246 l⁰
231 2169 365 2266 quinem
379 2186 560 2247 assumendi
573 2185 638 2247 sint
653 2203 671 2246 c
691 2185 790 2264 laicis,
806 2185 840 2246 in
856 2191 975 2247 statum
988 2184 1083 2246 cleri·

78 2284 164 2345 celem
174 2285 405 2365 promovendi;
417 2287 450 2345 2⁰
462 2303 533 2365 quus
546 2283 666 2363 regulae
676 2284 838 2348 servandae
849 2283 882 2344 in
894 2283 1083 2345 clericorum

78 2384 284 2458 ordinatione;
308 2384 341 2444 3⁰
369 2383 484 2463 quibus
507 2383 767 2461 obligationibus,
795 2383 835 2444 ed
861 2381 1082 2462 praescriptum

76 2481 142 2560 juris
150 2481 310 2559 canonici,
322 2483 547 2554 teneantur;l⁰
557 2499 628 2562 quae
639 2482 702 2543 sint
710 2476 840 2542 illorum
849 2478 1081 2561 praerogativa,

78 2599 122 2642 seu
131 2601 216 2661 Jura.

124 2680 230 2742 Altera
243 2679 453 2758 subsequetur
463 2679 561 2743 sectio
574 2680 612 2740 de
626 2678 767 2757 collegiis
779 2677 966 2741 clericorum
977 2699 984 2755 ;
997 2680 1083 2759 quod

34 2799 35 2806 ¹
78 2795 138 2838 vero
155 2781 282 2857 speotat
299 2778 340 2838 ad
359 2777 470 2838 munia
489 2781 522 2838 et
539 2776 752 2855 obligationes
769 2776 898 2841 illorum
917 2779 973 2857 qui
988 2779 1084 2839 bene·

80 2873 136 2936 licia
149 2877 306 2950 obtinent,
323 2881 379 2938 aut
392 2875 547 2953 dignitate
563 2875 671 2954 alique
685 2875 897 2938 ecclesiastica
911 2877 1082 2951 donantur,

80 2973 261 3052 explicatum
274 2974 336 3036 fnit
350 2974 384 3035 in
401 2975 426 3035 Ι·
455 2980 546 3054 parto
565 2973 809 3050 Rraelectsbnum
827 2974 937 3036 ubido
954 2975 1083 3054 ldpisoo·

80 3088 188 3149 pomm,
204 3072 426 3134 Parocborum
440 3078 471 3134 et
484 3073 729 3160 Capelianorum
742 3072 868 3148 officim
885 3077 1001 3133 caetcra
1012 3089 1083 3152 qua

82 3169 200 3233 dicenda
211 3175 394 3250 supersunt,
410 3177 609 3251 exponentur
620 3171 654 3231 in
669 3171 808 3232 sectione
822 3170 861 3232 de
876 3169 1038 3232 beneflciis
1052 3176 1085 3232 et

83 3265 112 3325 de
123 3267 276 3330 bonorum
291 3268 516 3347 temporalium
528 3267 676 3330 Ecclesia
689 3268 855 3348 regimine.

41 3549 43 3552 Ι
95 3465 254 3528 tartessus
271 3483 292 3526 t.
317 3499 355 3510 -
376 3465 423 3526 Da
443 3467 659 3528 Pnonovnunns
680 3457 719 3528 m
732 3481 853 3528 srsrutt
874 3455 1065 3552 maurosum.

42 3689 43 3694 ,
134 3637 200 3699 315.
213 3647 254 3684 ’-
265 3634 495 3730 Promoyentur
507 3637 540 3698 in
550 3641 668 3698 statum
677 3636 854 3701 clericalem
865 3635 919 3715 qui
928 3634 1086 3702 immunes

89 3737 206 3795 suntab
228 3734 525 3813 irregularitatibus,
552 3741 583 3794 et
604 3735 777 3813 praeierunt
798 3733 889 3810 signe
911 3732 1085 3800 vocationis
