2582 4278
294 232 367 304 ,lar
385 234 428 282 Vl.
449 232 621 283 GONVRMUS
639 231 848 282 ctrlrutlnls.
1036 228 1084 284 III

70 348 289 424 rescribendo,
304 367 388 410 anno
402 350 491 424 1756,
507 354 544 410 ut
557 347 702 411 canonici
715 348 769 428 qui
781 347 977 412 domicilium
990 349 1092 414 hahe-

33 421 40 522 ,l
70 446 148 508 bant
171 448 256 510 intra
275 448 353 509 fines
377 447 492 508 harum
512 447 736 528 parochiarum
758 446 871 508 ultima
889 453 1087 510 sacramenta

31 525 35 630 ,Ι
69 545 279 624 reciperenta
292 544 433 624 parocho
448 544 613 622 domicilii,
630 549 733 624 utque·
744 544 888 606 canonici
900 545 1087 607 decedentes

68 642 152 704 intra
175 643 255 704 fines
275 642 458 704 earumdem
478 642 704 723 parochiarum
722 642 959 705 tumularentur
970 643 1003 704 in
1028 645 1084 706 ltc-

28 742 30 820 ξ
69 740 165 802 alesia
188 741 376 815 cathedrali,
404 741 515 802 solutis
535 739 660 820 juribus
683 740 920 820 parochialibus
947 739 1092 822 parocho

27 823 30 900 Ϋ
69 837 232 900 domicilii.
244 838 383 919 (decreto
394 838 581 912 auctentico,
593 849 628 898 n⁰
641 837 734 910 laer,
751 837 792 898 ad
806 855 862 914 vu,
878 843 910 901 ct
923 838 962 900 ad
974 837 1033 920 xr.)

125 936 184 997 His
203 937 352 998 standum
377 941 437 1010 est,
458 937 586 1016 quando
615 934 750 1015 quaestio
773 936 814 997 ad
837 936 987 998 terminos
1003 936 1086 1016 juris

72 1035 250 1095 communis
265 1033 471 1114 perpenditur
482 1052 489 1108 3
502 1033 584 1094 nihil
597 1051 673 1094 vero
687 1033 795 1094 obstat
810 1034 979 1112 quominus
992 1034 1086 1096 aliter

69 1131 248 1194 ordinatum
261 1132 301 1192 sit
315 1132 440 1194 statutis
454 1137 486 1193 et
500 1130 782 1194 consuetudinibus
796 1131 951 1205 locorum,
966 1151 1003 1193 eo
1018 1151 1087 1195 rna·

69 1227 113 1308 gis
146 1230 233 1309 quod
258 1229 433 1310 Episcopus
459 1230 563 1292 valeat
589 1227 756 1310 privilegia
774 1231 806 1290 et
831 1228 1047 1292 immunitates
1063 1248 1090 1301 a,

67 1317 134 1406 jure
170 1327 347 1407 parochiali
389 1326 551 1389 nonnullis
587 1326 869 1388 communitatibus
893 1327 1035 1389 conterre
1054 1335 1077 1390 ¹.

68 1426 163 1485 Porro
175 1425 283 1504 praxis
296 1425 397 1504 magis
411 1429 542 1505 recepta
554 1424 587 1486 in
602 1424 712 1486 Galliis
732 1428 827 1486 estut
847 1447 862 1480 e
878 1424 1036 1487 canonicis
1048 1425 1086 1488 in·

73 1542 89 1610 e
103 1522 215 1584 mortis
239 1521 379 1603 periculo
403 1522 593 1596 constitutis,
610 1527 642 1583 et
667 1521 701 1583 in
726 1539 926 1603 quacumque
946 1522 1088 1585 civitatis

72 1640 85 1678 c
103 1605 292 1700 episcopalis
311 1620 452 1700 paroecia
465 1620 664 1698 degentibus,
684 1619 798 1682 ultima
811 1626 1011 1682 sacramenta
1024 1621 1079 1682 de·

70 1739 84 1773 e
102 1718 278 1778 feranturo
295 1717 424 1796 capituli
439 1718 612 1798 praeside...
635 1735 810 1797 corumque
825 1717 982 1798 exsequiae
998 1718 1077 1779 fiant

69 1837 82 1871 e
101 1814 132 1875 in
146 1815 288 1877 Ecclesia
303 1811 489 1889 cathedrali,
511 1839 527 1870 s
560 1815 829 1896 quemadmodum
856 1815 967 1878 statuit
995 1833 1080 1876 con-1

69 1911 167 1973 cilium
196 1913 400 1990 Tolosanum,
426 1931 478 1974 an.
505 1915 585 1974 1850
608 1913 764 1974 habitum.
781 1913 856 1994 (Tit.
889 1914 913 1987 Ι,
945 1932 1014 1994 cap.
1040 1934 1072 1990 r,

70 2009 176 2091 11027.)
192 2011 225 2072 S.
242 2011 453 2089 Congregatio
463 2010 595 2072 Concilii
612 2010 782 2072 resolvitin
796 2027 835 2074 eo
847 2029 951 2086 sensu,
969 2015 1076 2072 atten-

70 2105 103 2168 tis
126 2107 416 2181 consuetudinibus,
452 2107 701 2172 controversiam
736 2113 878 2170 exortam
913 2109 946 2168 in
979 2108 1078 2169 Galiis

69 2202 142 2266 inter
161 2204 335 2284 capitulum
359 2211 392 2267 et
407 2205 600 2278 Parochum,
626 2205 677 2266 die
692 2207 731 2267 Io
751 2206 831 2267 febr.
854 2224 905 2266 an.
930 2207 1019 2266 Iuor.
1036 2237 1078 2254 -

69 2301 150 2364 Unde
165 2303 327 2364 concludit
343 2303 524 2365 Parochum
543 2303 594 2383 jus
618 2321 683 2365 non
708 2303 827 2364 habere
847 2302 1079 2364 interveniendi

69 2417 133 2461 cum
145 2400 229 2462 stola
242 2405 273 2462 et
286 2399 418 2482 pluviali
432 2402 464 2462 in
479 2401 644 2462 funeribus
659 2401 885 2463 canonicorum
899 2401 932 2461 in
947 2419 1004 2462 sua
1016 2419 1076 2481 pa·

68 2497 157 2559 roecia
172 2498 405 2561 decedentium.
426 2499 460 2560 Id
475 2517 565 2578 aeque
580 2498 806 2578 applicandum
823 2498 982 2560 canonicis
997 2497 1078 2560 titu-

67 2593 177 2656 laribus
198 2600 231 2656 et
253 2596 444 2671 honorariis,
470 2595 526 2656 ubi
546 2596 657 2658 eadem
677 2602 725 2658 cst
745 2614 822 2675 erga
842 2602 994 2678 utrosque
1011 2595 1074 2658 loci

65 2698 204 2756 constans
219 2694 338 2773 praxis,
355 2713 410 2756 scu
427 2693 623 2756 consuetudo
638 2691 779 2771 legitime
794 2694 990 2783 praescripta.

220 2920 392 2982 Anrrcnuus
413 2939 454 2984 rr.
473 2955 513 2965 -
526 2923 572 2982 Du
596 2920 690 2982 Gmru
713 2937 904 2984 clrrrcuanr.

110 3122 157 3186 Ex
167 3123 239 3204 ipsa
250 3125 379 3187 notione
394 3124 526 3207 capituli
544 3125 686 3204 sequitur
702 3126 871 3188 canonicos
892 3124 1071 3186 identidem

58 3221 222 3302 convenire
235 3222 269 3283 in
285 3223 467 3302 concilium,
485 3224 525 3284 ad
540 3223 782 3287 deliberandum
795 3224 835 3285 de
850 3222 986 3301 negotiis
997 3239 1069 3301 quae

62 3316 98 3379 ad
119 3337 212 3380 suum
237 3321 386 3382 officium*
408 3320 555 3398 attinent,
585 3326 621 3382 ut
647 3320 776 3382 valeant
795 3319 915 3399 jurium
939 3316 1074 3398 capituli

60 3417 204 3479 exercitio
218 3418 395 3498 providere,
411 3424 443 3482 et
454 3417 701 3497 obligationibus
716 3417 908 3480 satisfacere.

102 3611 125 3659 I.
137 3607 174 3658 CI,
187 3608 360 3660 Reiffcnstucl
375 3609 403 3660 in
412 3609 521 3661 titulum
531 3623 621 3671 min,
630 3617 665 3659 rr·
675 3609 755 3669 13-18,
764 3607 825 3659 libri
838 3607 1074 3672 lllbccretelium

61 3681 244 3749 -Pignatelli,
255 3687 325 3737 tom.
339 3685 405 3748 VIII,
418 3685 536 3737 Consadt.
553 3699 580 3747 r,
595 3688 662 3735 tom.
674 3684 694 3747 1,
707 3693 740 3736 n⁰
753 3685 809 3746 2⁶⁰,
821 3697 849 3748 p.
863 3685 919 3736 458.
