2568 4272
185 274 238 330 284
529 279 602 326 PARS
621 279 656 325 11.
678 279 863 327 REGULARES.

185 398 289 459 larum
300 402 330 458 et
344 396 552 458 traditionum
569 395 616 456 sui
634 395 779 469 instituti,
795 395 925 475 quando
940 395 1074 456 subditis
1087 395 1194 474 preci-

185 495 287 575 piunt.
301 497 338 556 V.
353 513 383 572 g.
399 494 544 572 superior
556 493 674 554 ordinis
690 493 928 572 contemplativi
939 512 1003 553 non
1016 499 1120 572 posset
1133 493 1196 554 exi-

185 611 259 670 gere
275 593 367 654 asuis
378 591 511 652 subditis
524 597 560 651 ut
572 609 605 652 se
620 591 794 652 ministerio
809 592 938 670 publico
954 592 1092 664 tradant,
1108 591 1189 670 quia,

128 711 129 714 ¹
185 690 259 751 licet
273 690 313 750 sit
332 709 411 768 opus
428 688 601 763 charitatis,
624 695 671 750 est
683 689 822 750 alienum
843 707 862 748 a
882 689 944 750 fine
964 688 1101 750 instituti
1117 705 1125 749 :
1140 706 1196 749 nec

186 805 298 865 urgere
318 787 551 848 observantiam
567 786 748 863 regularum
760 787 854 867 juxta
869 786 1063 866 primitivam
1080 786 1193 846 severi-

185 889 295 958 tatem,
308 884 334 944 si
342 884 427 961 rigor
436 885 489 944 iile
500 883 639 963 pristinae
651 883 825 962 disciplinae
835 884 1019 944 moderatus
1027 883 1200 944 sueritauc·

185 981 311 1043 toritate
327 983 478 1060 legitima.
496 982 800 1062 (Schmalzgrueber‚
818 980 854 1041 de
866 980 960 1042 Statu
971 981 1194 1054 monachorum,

186 1077 348 1160 nim-79.)

244 1177 324 1238 Hinc
338 1179 370 1237 2⁰
383 1177 519 1237 multum
534 1184 640 1238 errant
656 1177 710 1256 qui
726 1177 758 1238 id
773 1177 929 1238 absonum
944 1184 1091 1238 asserunt
1105 1176 1198 1238 talem

185 1292 251 1336 esse
269 1275 480 1337 obedientiam
503 1275 667 1335 monachis
684 1275 877 1353 impositam,
894 1279 930 1334 ut
950 1275 1145 1336 inducantur
1158 1274 1197 1334 ad

185 1372 363 1434 faciendum
379 1389 462 1432 caeoa
479 1377 584 1432 mente
603 1372 769 1451 quidquid,
783 1373 834 1432 vel
851 1372 978 1450 injuste,
999 1372 1197 1432 mandaverit

185 1470 338 1549 superior.
361 1470 536 1546 Religiosus
559 1487 625 1530 non
647 1474 769 1530 tenetur
790 1470 822 1530 vi
845 1470 893 1530 sui
916 1471 993 1542 voti,
1013 1489 1073 1531 neo
1095 1474 1197 1549 potest

185 1567 298 1646 exequi
314 1567 499 1627 mandatum
519 1567 567 1626 sui
589 1566 769 1646 superioris,
794 1567 830 1639 si,
855 1567 941 1646 quod
960 1570 1042 1628 Deus
1063 1571 1195 1639 avertat,

184 1683 234 1724 res
249 1669 408 1743 praecepta
423 1664 462 1723 sit
476 1664 586 1725 illicita
602 1683 609 1725 :
624 1683 688 1724 non
701 1669 747 1725 est
758 1665 842 1725 enim
855 1671 964 1725 votum
979 1665 1066 1744 quod
1082 1665 1200 1742 obliget

185 1761 226 1822 ad
238 1761 367 1823 malum.
385 1762 530 1834 Quinimo
539 1762 704 1839 religiosus
717 1763 771 1841 qui
784 1780 816 1823 se
832 1762 1118 1842 existimatinjuste
1131 1781 1200 1841 gra·

183 1863 294 1920 vatum
309 1878 347 1921 ex
362 1860 566 1938 dispositione
579 1860 761 1939 superioria,
776 1879 867 1939 aquo
882 1861 933 1920 vel
944 1861 1063 1940 ejectus
1072 1861 1198 1920 fuerite

185 1957 388 2034 monasteri0,
403 1958 452 2019 vel
467 1943 688 2037 privatusjure
703 1955 859 2036 spirituali
870 1959 921 2018 vel
931 1976 1028 2037 poena
1043 1958 1207 2042 acerbiori!

184 2053 325 2134 punitus,
339 2060 442 2135 potest
455 2057 548 2136 juxta
564 2056 730 2116 doctorum
747 2056 947 2128 sententiam,
976 2056 1016 2117 ad
1042 2057 1196 2116 Praelatos

184 2151 321 2231 majores
331 2171 506 2228 recurrerc;
525 2154 570 2215 uti
581 2154 704 2213 dicotur
719 2153 773 2212 ubi
789 2150 825 2212 de
834 2151 972 2231 judzcr'is,
987 2153 1019 2212 in
1031 2153 1084 2216 lv·
1097 2159 1198 2233 parte.
1282 2169 1283 2200 ³

244 2251 353 2312 Sancti
364 2251 511 2311 ordinum
520 2251 741 2328 religiosorum
755 2249 941 2310 fundatores
951 2251 1007 2330 qui
1016 2252 1100 2311 tanti
1115 2270 1198 2312 com·

185 2348 414 2409 mendaverunt
434 2346 632 2412 obedientiam
651 2367 768 2422 caecam,
786 2347 865 2408 nibil
887 2348 973 2408 aliud
992 2348 1200 2410 intendebant

185 2463 280 2524 quam
295 2447 382 2526 piam
392 2446 566 2507 etmultum
575 2445 859 2507 commendabilem
871 2446 1073 2507 affectionem
1085 2447 1198 2523 cordis,

185 2560 248 2621 qua
262 2544 427 2622 religiosus
442 2544 613 2604 inclinatur
636 2543 676 2604 ad
691 2543 930 2622 obsequendum
953 2563 1009 2605 suo
1031 2544 1197 2623 superiori,

184 2658 249 2701 non
265 2640 468 2720 dijudicando
489 2642 608 2702 motiva
618 2641 771 2714 mandati,
792 2659 849 2702 nec
865 2643 1152 2720 opportunitatem,
1168 2642 1199 2702 in
1281 2665 1282 2728 ᾗ

183 2738 222 2799 iis
235 2757 306 2817 quae
321 2739 513 2818 oaeteroquin
531 2739 592 2818 ipsi
602 2757 664 2798 non
675 2739 824 2800 videntur
835 2739 900 2798 ulla
910 2739 1033 2799 ratione
1049 2740 1198 2801 illicita...
1281 2749 1282 2794 t

185 2836 250 2898 Sub
263 2836 416 2914 regimine
427 2836 566 2912 militari,
581 2836 657 2896 etin
671 2834 756 2896 civili
766 2834 1049 2910 administratione,
1062 2837 1200 2898 severior

184 2933 289 2994 adhuc
304 2933 484 2994 obedientia
498 2933 672 3012 imponitur
686 2933 820 2994 subditis
835 2939 868 2994 ut
878 2932 964 3012 jussa
976 2933 1096 2995 ducum
1110 2953 1198 2995 exse-

186 3037 335 3111 quantur.

244 3129 323 3190 Hinc
339 3129 371 3188 3⁰
384 3147 447 3190 non
463 3129 619 3206 obligaret
628 3134 822 3209 praeceptum
831 3129 1045 3209 quosuperior
1060 3148 1119 3192 suo
1127 3130 1200 3190 sub·
1280 3175 1281 3216 ;

184 3227 250 3288 dito
260 3227 414 3288 indiceret
428 3246 467 3288 ne
483 3228 574 3287 aliter
588 3227 738 3306 disponat
758 3228 797 3288 de
818 3227 882 3287 suis
896 3228 1029 3289 fortunis
1049 3247 1149 3307 quam
1166 3229 1199 3289 in
1280 3221 1281 3250 ³

184 3325 319 3404 gratiam
334 3345 399 3387 suae
420 3324 672 3404 congregationis
687 3329 743 3385 aut
757 3325 871 3385 domus
885 3324 1052 3402 religiosae.
1066 3327 1197 3406 Episco-

183 3441 244 3501 pus
261 3423 323 3484 looi
334 3424 389 3503 qui
406 3423 445 3484 de
459 3423 556 3484 hoece
574 3424 672 3483 abusu
695 3422 890 3483 auctoritatis
908 3422 1089 3484 admonitus
1106 3429 1199 3497 esset,

180 3518 253 3599 jure
268 3539 306 3582 ac
320 3521 433 3582 merito
448 3521 480 3581 in
495 3520 690 3598 superiorem
701 3519 976 3584 animadverteret.

232 3621 444 3700 ⁸Praeceptum
459 3617 628 3698 superioris
653 3618 775 3698 obligat
794 3620 851 3680 sub
874 3620 975 3696 gravi,
995 3619 1022 3680 si
1038 3618 1153 3698 jubeat
1167 3619 1199 3680 in

185 3717 319 3778 materia
328 3716 428 3795 gravi,
442 3717 473 3776 in
486 3716 596 3778 virtute
606 3717 908 3793 sanetaobedtentiae,
920 3718 951 3779 in
962 3717 1080 3779 nomine
1089 3717 1131 3778 l).
1142 3715 1198 3791 Ν.,
