2642 4268
192 289 260 341 aar.
281 292 317 342 11.
338 291 529 356 casselanus,
549 261 817 344 runnnuoms'm
834 267 1005 343 susurrem.
1051 283 1105 341 497

79 404 228 490 spurco,
254 408 308 471 lib.
330 409 369 494 Υ,
388 415 469 506 cap,
485 425 528 486 rx,
550 417 590 472 n·
613 410 658 494 t.)
681 445 720 458 -
740 411 775 472 3⁶
789 407 833 472 lis
848 409 930 500 (quid¹
944 409 1109 472 omittatur

80 505 185 582 ritus,
197 507 604 584 ceremoniarummumeri
617 515 649 572 et
661 509 837 589 praesentiae
850 509 1107 588 presbyterorum
1214 541 1219 558 ι

81 609 124 666 et
141 605 327 668 clericorum
340 607 536 683 infertorum,
553 609 639 690 quod
654 604 842 689 stipulatum
855 607 1108 688 promissumque

81 703 165 765 fuit.
342 715 345 720 ’
868 719 871 731 ·
1097 717 1099 726 “

156 801 234 864 Cum
243 796 318 885 jure
331 805 471 867 naturali
491 823 586 868 nemo
600 805 716 868 debeat
730 783 894 884 percipere
913 802 1109 883 stipendium

84 899 293 981 stipulatum,
316 901 378 964 nisi
397 903 581 984 praestiterit
602 904 743 994 officium
761 901 802 964 de
821 919 884 982 quo
901 901 986 964 inter
997 907 1107 982 partes

86 999 253 1075 conuenit,
267 1001 410 1082 sequitur
423 1004 604 1066 sacerdotes
622 1003 676 1084 qui
696 1021 761 1065 non
775 1003 934 1064 intersunt
947 1001 1108 1082 ohsequiis

86 1098 341 1162 funeralium‘ad
363 1120 434 1182 que
455 1101 599 1184 deputati
615 1106 699 1176 sunt,
721 1106 776 1163 aut
796 1100 861 1181 qui,
884 1099 958 1161 licet
975 1115 1108 1181 corpore

87 1203 278 1277 praesentes,
290 1198 473 1262 nullatenus
481 1201 676 1282 participant
684 1217 794 1280 preces
809 1215 881 1279 qua
889 1215 947 1278 pro
963 1196 1112 1259 defuncto
1195 1233 1206 1260 c

88 1289 281 1372 offeruntur,
295 1315 359 1358 non
372 1316 476 1377 posse,
492 1297 592 1360 illoesa
599 1297 734 1377 justitia,
747 1297 888 1376 recipere
905 1311 962 1356 nec
976 1294 1111 1380 retinere

89 1393 273 1472 oblationes
287 1413 307 1456 a
321 1395 466 1458 fidelibus
480 1396 614 1460 solutas.
715 1418 718 1426 ⁴
1040 1413 1050 1480 Q

154 1491 244 1565 Quod
265 1493 538 1556 udadsistentia'm
559 1499 691 1574 spectat,
716 1510 866 1556 excusare
887 1495 991 1574 potest
1005 1491 1111 1580 gravis

90 1590 265 1652 necessitas
289 1591 370 1654 sacri
389 1591 573 1666 ministerii;
605 1594 680 1674 quia
702 1593 822 1670 fideles,
850 1592 926 1653 dum
948 1591 1112 1671 postulant

90 1691 298 1768 presentiam
323 1691 524 1753 sacerdotum
549 1709 682 1754 numero
706 1691 874 1772 prefinito,
900 1687 1015 1751 merito
1031 1693 1111 1750 'conv

91 1787 210 1849 sentire
219 1792 386 1851 censentur
396 1794 431 1850 ut
441 1789 571 1870 quidam
581 1805 622 1852 euv
632 1789 719 1871 ipsis,
732 1789 788 1869 qui
798 1789 1015 1851 detinerentur
1029 1787 1111 1848 alibi

91 1885 267 1967 improvisa
282 1887 478 1962 necessitate,
494 1906 558 1949 non
581 1887 685 1950 adsint
699 1887 869 1968 obsequiis.
893 1887 961 1947 uon
977 1886 1109 1947 excusat

90 2001 170 2046 vero
182 1985 377 2047 ‘exercitium
394 1985 560 2048 ministerii
578 1986 663 2067 quod
678 1986 718 2047 sd
741 1985 827 2048 aliud
843 1987 969 2065 tempus
990 1981 1111 2045 differri

91 2087 218 2164 potest3
232 2083 333 2146 multo
348 2083 453 2145 minus
469 2090 599 2147 excusat
611 2084 754 2146 absentia
769 2085 810 2146 ob
824 2101 954 2146 oausam
975 2081 1112 2144 vacatio·
1162 2145 1164 2149 ,

91 2201 183 2243 num.
201 2183 233 2246 S.
251 2181 460 2262 Congregalio
475 2181 600 2245 concilii
614 2182 733 2264 pluries
754 2181 927 2244 declaravit
941 2179 1111 2242 canonicos

86 2280 243 2342 absentes
262 2285 467 2361 pertempus
483 2279 555 2360 jure
574 2277 855 2354 concessum'non
873 2277 992 2339 lucrari
1007 2275 1112 2338 distri·

6 2373 8 2380 ’
92 2379 243 2440 butiones
252 2377 455 2458 quotidianas
469 2377 518 2460 (n0
532 2377 616 2460 lla).
627 2377 747 2440 uadem
761 2377 885 2439 ratione
895 2374 1114 2438 concludimus
1191 2377 1193 2379 ’

94 2477 289 2552 sacerdotes,
311 2476 489 2557 parochiali
510 2475 659 2538 lltclesiae
677 2476 864 2555 adscriptos,
884 2473 1112 2552 sibierrogm‘e

94 2594 161 2637 non
172 2591 265 2655 posse
276 2573 330 2655 jus
344 2575 391 2636 ad'
403 2574 590 2650 oblationes,
605 2575 676 2655 ipso
690 2579 834 2652 tempore
849 2591 912 2653 quo
927 2590 947 2634 a
960 2569 1114 2651 parochia
1150 2583 1152 2586 ·

95 2674 214 2735 absunt
223 2673 426 2736 vacationum
439 2689 548 2751 eausa,
562 2672 602 2734 de
614 2673 730 2752 quibus
742 2671 822 2732 nihil
830 2671 891 2731 fuit
901 2669 935 2730 in
945 2667 1115 2748 disciplina

96 2769 251 2833 canonica
263 2775 428 2848 statutum,
442 2787 501 2833 nec
513 2771 662 2834 convenit
672 2771 759 2832 'inter
771 2774 888 2852 partes.
902 2768 948 2842 si,
963 2766 1006 2830 ob
1019 2783 1114 2828 vaca-

97 2871 199 2933 tiones
215 2869 452 2944 nonnullorum,
469 2885 525 2933 seu
539 2869 581 2932 ob
601 2869 699 2931 aliam
709 2871 850 2944 causam,
872 2864 1035 2954 Parochus
1050 2879 1115 2924 non

97 2969 197 3049 possit
208 2967 327 3031 habere
340 2985 509 3031 numerum
523 2973 756 3048 competentem
770 2965 1040 3046 presbyterorum,
1056 2961 1113 3041 qui

97 3066 235 3128 sufficiat
249 3066 383 3128 'ratione
410 3067 527 3145 gradus
556 3063 766 3128 solemnitatis
784 3083 804 3126 a
825 3061 947 3124 familia
973 3059 1115 3122 defuncti

89 3164 250 3244 ouantis,
262 3164 358 3226 debet
374 3163 454 3226 alios
468 3163 644 3228 adsciscere
658 3181 697 3223 ex
710 3161 794 3224 clero
808 3160 925 3236 vicino,
942 3163 997 3220 aut
1009 3157 1113 3218 immi-

98 3281 209 3336 nuere,
230 3267 355 3325 serveta
375 3261 595 3343 proportione,
615 3261 810 3322 taxationem
831 3258 1042 3331 oblationum,
1059 3259 1114 3316 aut

97 3362 229 3422 demum
240 3379 438 3443 praemonere
452 3361 620 3437 familiam,
634 3379 674 3422 an
689 3363 802 3439 sponte
816 3355 1005 3419 consentiat.

99 3463 102 3476 '
159 3459 346 3522 Addidimus
360 3459 539 3522 sacerdotes
548 3458 663 3536 teneri,
678 3457 755 3518 dum
773 3453 933 3535 obsequiis
946 3453 1116 3532 intersunt,

100 3575 209 3639 preces
232 3558 344 3621 offerre
366 3577 424 3642 pro
444 3557 600 3620 defunctis
623 3557 664 3618 ad
685 3560 823 3644 mentem
845 3551 1004 3628 Ecclesia,
1028 3549 1120 3612 etad

100 3657 309 3731 intentionem
324 3657 438 3720 merito
450 3660 680 3738 presumptam
695 3655 898 3727 donatorum,
920 3651 974 3732 qui
992 3666 1120 3712 censen·

101 3761 153 3816 tur
173 3756 376 3837 presbyteros
402 3771 603 3830 convocasse,
624 3771 689 3816 non
710 3751 752 3814 ad
773 3767 927 3832 pompam
949 3747 1114 3810 funebre-

928 3867 975 3922 28.
