2642 4268
132 243 134 246 Ι
241 279 297 331 480
507 245 583 332 rsus
603 283 651 332 111.
672 282 728 332 RES
748 280 995 332 scobssmsrtcs.

243 400 364 462 eietatis
377 402 551 473 damnosae,
564 405 663 480 atque
672 398 798 479 regulas
811 398 1014 478 praescribere
1029 397 1113 459 circa
1127 398 1257 466 modum

243 519 306 581 quo
321 501 525 580 acquirantur
538 500 633 574 bona,
646 498 702 559 sed
716 517 780 560 non
790 497 887 572 valet,
903 497 963 559 nisi
977 496 1144 558 arbitrario
1157 497 1257 558 abusu

242 600 418 680 potestatis,
434 599 561 661 obstare
574 599 742 678 quominus
753 598 963 660 communitas
976 597 1126 658 adfinem
1140 597 1258 658 hones-

244 704 310 759 tum
328 699 474 774 formata,
491 697 667 758 dominium
682 696 836 776 acquirat.
855 697 938 775 Ergo
958 696 1107 769 Ecclesia,
1125 712 1197 774 quae
1211 701 1258 756 est

196 848 200 869 ,
243 797 374 858 sociatas
399 795 541 856 omnium
564 795 805 875 perfectissima,
831 800 881 856 est
901 793 972 872 jure
997 793 1136 855 naturali
1157 812 1259 874 capax

243 894 384 956 dominii.

302 993 514 1055 Confirmatur
533 993 740 1054 consensione
761 993 904 1054 omnium
925 991 1129 1072 populorum.
1154 993 1199 1052 Ne
1219 992 1260 1052 de

241 1091 358 1153 Judaeis
370 1090 512 1152 dinamus
525 1108 658 1170 quorum
673 1091 862 1168 sacerdotes,
874 1093 938 1152 Deo
948 1091 995 1151 ita
1007 1089 1184 1163 ordinante,
1198 1088 1258 1150 ha-

242 1191 361 1250 bebant
375 1190 407 1250 in
425 1208 483 1251 sua
499 1189 695 1270 possessione
710 1189 806 1251 urbes
820 1195 853 1250 et
869 1189 1054 1250 suburbana
1069 1207 1128 1268 per
1146 1187 1259 1250 circui-

242 1294 322 1363 tum,
346 1307 383 1349 ao
402 1293 556 1367 praeterea
574 1288 713 1349 decimas
732 1289 774 1348 ab
796 1287 866 1349 aliis
888 1287 1033 1349 tribubus
1050 1286 1263 1367 recipiebant,

244 1386 402 1447 neminem
421 1387 501 1447 latet
517 1387 593 1447 fana
607 1386 739 1448 deorum
757 1390 789 1447 et
804 1386 938 1465 collegia
955 1385 1157 1446 sacerdotum
1175 1385 1258 1463 apud

243 1485 420 1565 AEgyptios,
437 1487 560 1559 Persas,
573 1484 749 1559 Ghaldaeos,
764 1484 880 1558 Gallos,
894 1486 1028 1559 Graecos,
1044 1485 1213 1556 Romanos,
1227 1487 1259 1543 et

208 1579 218 1620 '=
244 1583 322 1643 alias
334 1588 452 1660 gentes,
468 1584 569 1643 multa
584 1582 725 1644 dominia
735 1583 895 1658 babuisse,
911 1600 1007 1663 quem
1019 1599 1143 1643 morem
1156 1579 1257 1643 adhuc

145 1727 147 1730 .
243 1685 351 1740 tenent
365 1687 473 1757 gentes
484 1680 637 1742 infideles.
650 1679 880 1742 Unanimisilla
890 1680 1055 1742 consensio
1067 1680 1255 1760 populorum

243 1778 360 1857 probat
378 1778 637 1841 communitatem
656 1779 698 1839 ad
716 1779 837 1841 cultum
856 1779 1020 1860 publicum
1042 1777 1253 1854 constitutam,

243 1875 414 1938 Ecclesiam
429 1877 559 1951 scilicet,
577 1877 670 1940 sicuti
684 1877 763 1938 alias
779 1876 1021 1940 communitates
1039 1882 1072 1938 et
1085 1876 1255 1956 municipia

243 1975 283 2034 ad
298 1974 394 2036 tinem
410 1975 533 2036 civilem
548 1982 664 2052 erecta,
679 1993 771 2056 posse
783 1974 856 2054 jure
870 1974 1008 2037 naturali
1023 1976 1183 2054 acquirere
1194 1975 1250 2034 do-

242 2071 459 2134 miniarerum
473 2074 707 2153 temporalium.
1312 2069 1313 2072 '

301 2171 342 2231 11⁰
362 2170 437 2231 dure
450 2170 553 2233 divino
568 2171 708 2234 Ecclesia
722 2173 832 2234 eadem
845 2173 995 2235 facultate
1010 2173 1160 2248 donatur,
1172 2171 1251 2252 quod

240 2268 343 2330 tribus
357 2269 551 2347 argumentis
567 2269 813 2346 demonstratur,
829 2271 948 2332 scilicet
961 2289 1001 2332 cx
1015 2271 1139 2348 origine
1153 2270 1254 2331 divina

240 2368 398 2442 Ecclesia,
420 2387 459 2429 ex
477 2367 562 2429 illius
576 2369 668 2449 praxi
683 2369 947 2449 constantissima,
968 2374 1000 2430 et
1019 2388 1060 2431 ex
1075 2369 1252 2462 delinitione

171 2491 174 2504 ¹
241 2466 419 2527 doctrinali.

301 2567 334 2623 1⁰
355 2565 486 2637 Quidem
506 2584 544 2627 ea
558 2564 661 2627 debinc
679 2565 881 2628 ordinatione.
903 2567 958 2629 Est
976 2569 1035 2630 sub
1055 2587 1093 2630 eo
1114 2575 1252 2650 respectu

240 2660 406 2723 discrimen
421 2664 774 2726 essentialeEcclesiam
788 2667 871 2727 inter
886 2673 918 2728 et
931 2671 1061 2729 caeteras
1078 2668 1251 2730 communi·

242 2765 320 2820 tates
341 2761 456 2841 quibus
476 2764 710 2824 constituuntur
730 2782 864 2843 corpora
885 2765 1019 2828 moralia
1040 2766 1074 2826 in
1095 2768 1250 2829 societate.

239 2859 418 2921 Auctoritas
435 2860 565 2940 publica
584 2861 639 2922 dat
653 2862 945 2941 communitatibus,
965 2882 1043 2943 quas
1060 2865 1250 2944 probaverit,

240 2956 439 3018 existentiam
455 2959 595 3034 civilem;
609 2957 663 3038 jus
677 2959 773 3021 etiam
784 2959 883 3022 babet
899 2961 1027 3024 easdem
1042 2966 1249 3026 communita-

238 3059 286 3115 tes
305 3055 520 3134 extinguendi,
539 3057 566 3116 si
579 3056 764 3136 periculosae
783 3059 957 3136 evaserint;
980 3061 1105 3122 nullum
1121 3064 1251 3143 denique

239 3152 408 3231 collegium
420 3154 492 3232 jure
504 3153 619 3230 existit,
634 3154 695 3214 nisi
706 3174 745 3215 ex
757 3173 887 3217 assensu
899 3158 1038 3236 supremi
1051 3159 1249 3238 legislatoris,

239 3248 316 3310 alias
330 3256 496 3329 reputatur
509 3252 665 3312 illicitum.
680 3254 845 3315 Dissimilis
859 3260 907 3316 est
919 3261 1026 3318 autem
1041 3259 1186 3344 conditio
1198 3261 1250 3320 Ec·

239 3347 340 3409 clesiae
354 3368 435 3428 quae,
448 3369 520 3411 cum
530 3350 679 3412 divinitus
691 3352 785 3414 fuerit
795 3354 966 3416 constituta
979 3355 1113 3417 societas
1124 3364 1250 3419 externa

238 3463 311 3506 curn
330 3448 415 3508 cultu
434 3449 573 3528 publico,
595 3449 733 3512 obtinuit
746 3452 927 3514 immediate
941 3472 962 3514 a
981 3454 1104 3516 Christo
1119 3457 1248 3518 Domino

234 3541 288 3622 jus
302 3546 487 3624 acquirendi
503 3547 589 3607 bona
605 3549 795 3628 temporalia
808 3550 869 3630 ipsi
884 3551 925 3612 ad
940 3553 1061 3613 cultum
1076 3554 1247 3633 publicum,

237 3659 360 3702 necnon
380 3644 421 3704 ad
441 3644 656 3706 ministrorum
674 3648 777 3709 cultus
794 3647 891 3710 divini
909 3649 1077 3712 honestam
1094 3657 1246 3714 sustento·
1308 3717 1309 3734 2

238 3737 566 3814 tionem,necessaria.
1308 3735 1309 3741 ἵ
