2568 4272
142 257 212 306 lrtr.
233 259 284 306 Vll.
306 257 490 309 lucraturus
509 259 713 308 arlscorosuu
732 258 764 306 lli
783 258 972 307 assentires.
1014 249 1069 306 3³3

45 373 228 436 directione
241 376 406 454 spirituali.
423 379 449 437 N
452 394 487 437 ec
505 376 601 438 etiam
615 375 789 455 deputandi
802 375 907 436 forent
919 374 1069 452 Parecbi,
1166 423 1172 438 .

45 470 75 530 si
90 471 208 533 exinde
220 491 296 534 cura
309 473 486 535 animarum
499 473 640 535 notabile
651 473 875 534 detrimentum
887 478 1065 550 pateretur3

46 587 106 629 seu
125 571 279 645 canonici,
295 572 322 632 si
335 589 373 632 ea
383 572 422 632 de
433 591 529 634 causa
541 571 671 632 cborale
683 571 845 632 servitium
857 570 977 649 negligi
989 588 1070 632 con·

50 666 203 745 tingeret.

113 765 146 824 3⁰
169 767 360 828 confessarii
379 767 565 829 monialium
582 768 615 827 in
631 785 687 828 suo
708 783 839 828 munere
858 785 922 827 uno
944 770 1071 826 tantum

49 859 190 924 triennio
210 864 397 944 perdurant,
421 885 483 946 quo
498 865 606 945 elapso
625 885 690 926 non
706 871 839 945 possunt
859 865 996 944 amplius
1012 881 1071 944 per

49 959 140 1020 aliud
168 965 293 1041 tempus
314 964 424 1025 audIre
448 965 659 1025 confessiones
683 964 716 1024 in
741 963 853 1024 eodem
875 961 1070 1024 monasterio

50 1057 174 1138 absque
189 1062 283 1122 venia
303 1063 334 1123 S.
353 1063 450 1142 (long.
472 1065 566 1140 Reg.;
590 1061 683 1124 aliter
703 1063 905 1124 declarantur
927 1059 1072 1140 suspensi

51 1156 92 1215 ab
123 1157 290 1218 audiendis
313 1161 572 1221 confessionibus,
597 1161 752 1220 -Anno
777 1161 867 1232 1847,
893 1177 965 1218 cum
989 1159 1072 1218 inter

54 1252 119 1314 alia
132 1255 308 1334 Episcopus
331 1257 533 1318 Tridentinus
548 1257 680 1318 dubium
698 1257 936 1336 proposuisset:
955 1280 1008 1317 κ...
1024 1256 1074 1313 An

54 1372 69 1404 u
86 1352 273 1412 confessarii
283 1354 434 1414 ordinarii
449 1356 511 1416 sint
529 1355 661 1433 siugulis
676 1354 818 1416 trienniis
838 1352 996 1427 mutandi,
1013 1351 1074 1412 etsi

55 1471 70 1503 (ι
84 1448 226 1511 foeminae
236 1451 269 1511 in
280 1453 520 1515 conservatoriis
533 1454 692 1531 degentes,
710 1471 781 1513 cum
797 1471 861 1512 non
872 1452 934 1512 sint
947 1449 1071 1511 stabili·

56 1568 72 1601 «
86 1551 155 1608 tate
175 1547 237 1609 loci
251 1549 423 1629 impeditae,
439 1550 613 1612 identidem
631 1549 808 1630 praesertim
822 1567 946 1610 sorores
967 1547 1072 1610 Chari-

58 1666 72 1698 (ι
87 1644 164 1706 tatis
184 1645 394 1725 hospitalibus
410 1647 626 1726 inservientes,
649 1648 767 1726 passim
787 1648 908 1708 deuna
929 1647 1023 1707 domo
1043 1649 1074 1705 et

56 1763 71 1797 a
86 1741 159 1803 loco
174 1743 205 1804 in
222 1745 319 1805 alium
334 1745 440 1807 locum
451 1751 481 1806 et
494 1747 623 1807 domum
633 1745 885 1806 transferantur?
902 1768 917 1802 »
934 1741 1076 1822 Rescrip-

57 1844 126 1900 tum
140 1847 189 1902 est
206 1861 212 1903 :
230 1867 245 1899 α
261 1845 468 1920 affirmative,
486 1850 517 1906 et
530 1847 562 1907 S.
580 1845 610 1906 G.
630 1844 775 1905 concedit
788 1843 905 1906 actuali
918 1843 1076 1922 Episcopo

59 1960 75 1993 «
88 1939 275 2001 facultatem
295 1941 507 2003 confirmandi
528 1941 625 2002 semel
646 1946 702 2002 aut
721 1941 769 2002 bis
789 1945 924 2020 tantum,
942 1957 999 2020 pro
1020 1957 1077 2000 sua

62 2038 274 2114 «prudentia,
293 2041 423 2102 servatis
435 2046 544 2102 tamen
555 2039 726 2101 servandis.
744 2063 760 2096 »

118 2137 154 2194 4⁰
176 2136 390 2199 confessarius
411 2140 607 2218 approbatus
629 2156 688 2218 pro
709 2156 774 2198 uno
796 2135 989 2197 monasterio
1012 2153 1078 2196 non

60 2231 177 2294 idcirco
191 2237 387 2313 approbatus
403 2241 549 2297 censetur
563 2255 622 2316 pro
635 2235 705 2296 aliis
718 2235 928 2310 monasteriis,
945 2233 1006 2294 nisi
1018 2232 1077 2293 ali·

60 2325 106 2382 ter
120 2321 331 2386 declaraverit
343 2325 528 2405 Episcopus.

119 2422 197 2482 Haec
217 2422 363 2484 ordinata
381 2424 510 2484 suntad
525 2423 754 2484 consulendum
773 2421 902 2483 utilitati
921 2417 1079 2500 spirituali

64 2517 221 2596 virginum
232 2522 296 2581 Deo
311 2521 540 2583 dedicatarum.
552 2521 704 2598 Regimen
714 2519 876 2599 spirituale
892 2517 1081 2579 monialium

64 2633 125 2676 non
140 2616 212 2677 aliis
228 2618 381 2679 committi
391 2623 495 2698 potest
511 2636 607 2698 quam
619 2617 694 2679 viris
704 2617 821 2678 virtute
832 2617 989 2696 etpietate
1003 2633 1079 2695 pro-

62 2713 155 2774 batis.
179 2715 361 2776 Cavendum
375 2722 531 2795 praterea
547 2735 588 2777 ne
605 2717 720 2778 affectu
739 2716 880 2778 humano
896 2714 1083 2775 adhaereant

64 2827 208 2888 personae
227 2814 424 2888 confessarii;
441 2820 473 2875 et
482 2815 579 2875 ctiam
594 2833 633 2874 ne
648 2813 793 2874 libertate
807 2811 1006 2874 conscientiae
1024 2828 1082 2870 ne-

65 2909 202 2969 cessaria
216 2911 377 2972 nonnullae
392 2929 431 2972 ex
446 2912 491 2972 eis
504 2911 680 2990 priventur,
697 2911 722 2970 si
735 2929 795 2990 per
809 2910 942 2988 longum
956 2913 1082 2986 tempus

66 3006 214 3068 eumdem
230 3008 457 3070 confessarium
469 3009 556 3072 adire
571 3014 739 3070 teneantur
752 3016 774 3071 ¹.

123 3103 362 3166 Declarationes
377 3106 459 3168 datae
475 3109 537 3169 aS.
555 3107 587 3168 G.
605 3109 683 3184 Reg.
699 3106 842 3167 iudicant
857 3124 927 3184 quae
941 3103 980 3164 sit
993 3099 1083 3162 disci·

68 3199 156 3279 plina
171 3219 230 3261 usu
245 3202 385 3278 inducta,
403 3204 488 3265 etad
503 3210 644 3264 mentem
655 3205 688 3264 S.
700 3201 789 3264 Sedis
799 3200 963 3276 servanda,
976 3197 1084 3278 quoad

67 3295 131 3358 lieri
147 3299 258 3377 possit.
276 3300 429 3362 Praesules
446 3301 556 3380 nostri,
571 3319 644 3362 cum
658 3301 691 3359 in
709 3304 793 3360 statu
807 3297 956 3378 praesenti
977 3289 1084 3356 rerum

69 3413 132 3457 non
146 3404 277 3475 possent
290 3397 324 3458 in
339 3399 403 3460 suis
417 3398 606 3462 dioecesibus
621 3398 740 3460 babere
755 3414 924 3458 numerum
936 3392 1083 3456 sacerdo-

116 3563 140 3612 l.
158 3564 285 3624 Ferraris,
300 3575 329 3614 v⁰
345 3567 476 3627 Mucialis,
493 3570 543 3618 art.
559 3579 587 3630 v,
601 3567 637 3618 ui·
655 3569 736 3618 19-30.
751 3591 782 3602 ·-
797 3565 824 3616 S.
841 3563 958 3630 Liguori,
975 3561 1022 3613 lib·
1040 3560 1086 3620 Vb

74 3644 103 3684 11⁰
122 3639 177 3688 577.
197 3665 227 3674 -
244 3639 347 3703 Lucidi‚
366 3641 399 3691 de
419 3641 493 3693 Vicit.
511 3642 582 3692 Sucr.
601 3641 678 3702 itm„
698 3640 752 3692 vol.
772 3642 804 3703 11,
823 3639 857 3690 de
875 3649 905 3694 v0
923 3638 971 3689 rel.
993 3635 1088 3701 capite,

74 3711 119 3760 nv.
133 3713 252 3776 rra-run
266 3717 321 3766 iss.

899 3815 942 3917 ¹t9'
