2604 4274
168 309 172 316 1
238 237 289 292 386
502 246 577 294 PARS
596 247 642 294 ΙΙΙ.
663 247 720 295 RES
742 245 986 296 undisaltsrlun.

236 366 309 422 ante
323 361 396 422 solis
411 366 528 436 ortum,
545 367 581 422 ut
596 367 730 424 testatur
744 362 865 424 Plinius
882 363 899 424 J
903 362 996 424 unior
1010 362 1043 423 in
1060 365 1192 443 epistola
1205 368 1242 426 ad

239 457 427 538 Trajanum3
447 460 532 520 unde
552 465 583 520 et
603 459 638 520 hi
661 465 834 522 conventus
858 459 1047 522 dicebantur
1066 462 1242 526 antelucani.

238 557 316 618 Cum
328 561 445 630 tamen,
460 557 528 636 ipso
544 562 685 637 temporo
700 557 968 637 persecutionum,
986 557 1094 638 aliqua
1109 560 1244 622 libertate

182 683 183 686 ¹
236 651 410 716 identidem
439 655 624 734 gauderent,
655 655 796 717 stabilita
820 655 975 736 paulatim
1000 657 1060 716 suit
1088 657 1243 736 disciplina

237 751 373 814 faciendi
386 757 575 814 conventum
588 753 676 814 statis
690 752 833 831 partibus
846 752 919 814 diei.
935 753 1150 815 Tertullianus
1163 774 1242 816 meu-

238 848 357 910 ticnem
367 850 474 926 habet,
486 851 519 909 in
530 850 610 912 libro
620 849 656 911 de
667 849 810 931 jejuniis,
822 851 911 912 horoe
923 852 1030 926 tertre,
1041 860 1145 925 senta,
1156 872 1241 926 nona,

229 947 447 1027 ¹etnespertinar
453 967 531 1027 quas
538 947 729 1026 apostolicas
739 947 893 1009 nominat.
903 949 935 1010 S.
946 948 1122 1027 Cyprianus
1135 968 1242 1011 earum-

239 1044 311 1106 dem
331 1045 484 1106 horarum
503 1046 648 1107 meminit
662 1045 695 1106 in
710 1050 848 1106 tractatu
870 1045 905 1106 de
924 1044 1064 1108 Oratione
1085 1045 1240 1119 dominnm

171 1133 173 1138 ’
238 1147 378 1204 sacratas
388 1143 458 1204 illas
470 1143 547 1206 dicit
557 1144 702 1224 exemplo
718 1149 901 1210 sanctorum
910 1144 1033 1205 Veteris
1049 1147 1240 1219 Testamenti,

238 1245 270 1300 et
284 1241 384 1303 multo
395 1241 638 1304 venerabiliores
652 1243 760 1322 gratiis
771 1261 851 1322 quas
862 1245 944 1302 Deus
953 1241 1089 1320 largitus
1101 1251 1149 1304 est
1158 1246 1242 1323 Apes

238 1337 326 1414 tolis;
351 1345 546 1420 quapropter
571 1340 718 1400 hortatur
741 1339 851 1401 fideles
872 1345 907 1400 ut
928 1345 1019 1400 orent
1045 1340 1128 1402 hora
1149 1343 1239 1417 tertia,

237 1440 339 1508 sexta,
355 1455 449 1511 noua,
465 1437 498 1496 in
512 1437 699 1498 memoriam
718 1437 940 1516 mysteriorum
960 1455 1031 1515 quae
1047 1457 1123 1498 mox
1137 1440 1241 1500 referc-

237 1532 368 1608 bamus;
385 1534 530 1612 designat
541 1534 671 1614 insuper
684 1535 797 1596 horam
809 1534 1033 1614 vespertinam,
1052 1542 1240 1612 nocturnam,

220 1633 223 1644 ’
236 1617 271 1690 et
280 1630 470 1692 matutinam
480 1637 610 1713 propter
620 1633 699 1694 alias
709 1632 858 1712 mysticas
868 1632 1127 1712 significationes,
1137 1636 1242 1695 Auctor

238 1726 314 1789 item
325 1727 578 1790 Constitutionnm
588 1729 832 1810 Apostolicorum
842 1729 887 1790 ait
899 1745 906 1789 :
922 1753 937 1785 «
948 1730 1150 1791 Precationcs
1159 1732 1241 1792 facite

241 1851 256 1882 «
276 1845 377 1903 mane,
394 1827 488 1888 tertia
502 1827 591 1901 hora,
610 1847 647 1888 ac
673 1832 773 1900 sexta,
790 1833 821 1888 et
835 1846 930 1900 nona,
949 1831 981 1888 ct
995 1847 1137 1906 vespere,
1157 1835 1240 1908 atque

241 1949 256 1978 «
272 1925 312 1985 ad
325 1924 402 2002 galli
416 1930 562 1986 cantum:
580 1925 683 1998 Mane,
697 1925 815 2004 gratias
825 1929 954 2004 agentes
967 1926 1054 2004 quod
1065 1926 1241 1987 illuminavit

242 2047 256 2076 «
271 2040 330 2082 nos
343 2021 575 2084 nocte'sublata
592 2027 624 2082 et
638 2022 763 2084 reddito
778 2023 829 2083 die
846 2041 854 2083 ε
873 2022 991 2098 Tertia,
1013 2023 1101 2102 quod
1120 2043 1152 2084 ea
1168 2023 1240 2084 bora

237 2143 255 2174 ⁴n
266 2119 387 2180 Pilatus
393 2119 548 2198 judicium
559 2120 708 2180 adversus
717 2121 887 2181 Dominum
895 2121 1131 2202 pronuntiavit;
1144 2121 1239 2196 Sexta,

241 2240 256 2272 α
272 2217 369 2296 quod,
387 2235 425 2277 ea
445 2216 526 2278 hora
543 2218 577 2277 in
601 2235 727 2278 crucem
748 2223 836 2278 actus
851 2222 899 2278 est
920 2236 927 2279 ε
950 2220 1051 2292 Nona,
1079 2219 1162 2298 quod
1181 2226 1240 2280 tum

238 2338 254 2370 «
281 2314 389 2376 omnia
407 2320 495 2376 mota
516 2320 547 2376 et
566 2315 751 2378 tremefacta
769 2320 853 2389 sunt,
874 2315 1009 2376 Domino
1033 2317 1238 2382 crucifixo...»

241 2412 317 2492 (Lib.
330 2413 487 2492 VIH,cap.
505 2413 838 2492 xxxiv.)Hispartibus
855 2413 1007 2474 orationis
1023 2415 1055 2476 S.
1066 2414 1241 2476 Benedictus

236 2510 373 2584 addidit,
390 2511 504 2571 saeculo
516 2521 560 2585 v0,
573 2511 832 2590 completorium,
847 2510 938 2590 cujus
948 2511 1105 2574 rationem
1117 2511 1241 2591 explicat

237 2607 270 2666 in
285 2625 355 2686 cap.
372 2623 430 2670 xus
444 2609 637 2684 Regularum
654 2627 662 2669 ε
683 2604 827 2689 «Septies
845 2609 877 2668 in
892 2607 940 2668 die
959 2607 1078 2670 landem
1101 2609 1165 2670 dici
1180 2608 1239 2683 tibi,

244 2726 258 2761 n
272 2704 317 2766 ait
325 2704 500 2784 Propheta,
517 2705 570 2784 qui
584 2706 782 2785 septenarius
797 2723 947 2768 uumerus
962 2725 982 2766 a
1003 2707 1095 2767 nobis
1117 2707 1242 2786 comple·

133 2821 135 2826 ’
241 2799 365 2878 «bitur,
383 2801 409 2861 si
423 2801 582 2878 Matutini,
598 2802 724 2878 Primae,
741 2803 864 2878 Tertiae,
883 2803 1000 2876 Sextae,
1017 2806 1125 2878 Nonae,
1139 2809 1241 2884 Vespa

240 2922 255 2955 n
269 2915 323 2976 rae,
345 2899 609 2980 completoriique
633 2904 788 2980 tempore,
817 2905 932 2962 nostrae
960 2901 1119 2963 servitutis
1148 2901 1240 2964 officia

240 3021 257 3052 «
273 2995 502 3076 persolvamus.
520 3019 535 3056 n

239 3083 242 3092 ’
297 3093 436 3172 Singulae
450 3100 557 3174 partes
572 3095 668 3156 oflicii
683 3096 873 3158 constabant
881 3095 1019 3177 hymnis,
1032 3096 1173 3176 psalmis,
1185 3097 1238 3157 lec·

235 3191 375 3253 tionibus
390 3211 407 3252 e
420 3193 516 3253 sacris
533 3193 714 3272 Scripturis,
731 3199 763 3255 et
777 3195 984 3272 orationibus,
1000 3213 1080 3275 quas
1089 3195 1239 3256 Antistites

234 3309 256 3350 a
271 3289 493 3352 traditionibus
509 3291 689 3372 apostolicis
704 3297 905 3371 acceperant,
924 3293 1038 3373 quibus
1053 3297 1084 3353 et
1098 3291 1156 3372 ipsi
1167 3311 1237 3354 nou·

236 3387 324 3448 nulla
336 3387 537 3465 addiderunt,
555 3407 613 3468 pro
628 3389 749 3452 ratione
763 3395 955 3475 temporum.
970 3391 1015 3452 Ex
1030 3409 1067 3452 eo
1079 3391 1161 3452 enim
1171 3395 1239 3452 tcm-

236 3503 314 3564 pore
330 3503 403 3566 quo,
423 3486 541 3546 sedatis
556 3489 814 3566 persecutionum
828 3488 986 3569 procellis,
1011 3488 1140 3550 libertas
1153 3488 1237 3567 plena

237 3583 284 3644 uit
299 3584 515 3664 componendi
528 3585 673 3648 ordinem
686 3587 793 3648 cultus
806 3585 937 3668 publici,
954 3585 1127 3646 maximam
1140 3603 1236 3647 curam

237 3677 310 3741 huic
325 3681 415 3762 operi
436 3682 530 3762 primi
546 3691 689 3764 pastores
704 3685 939 3766 impenderunt,
961 3685 1136 3762 prasertim
1149 3687 1236 3748 sancti
