2582 4278
157 249 225 298 auc.
247 251 278 298 V.
297 251 374 299 tuna
393 251 605 300 caaluuucnuu
627 253 663 299 ET
684 253 903 301 canonicalium
986 249 1037 304 169

38 365 106 428 ratio
119 363 259 426 babetur
273 366 305 427 in
321 366 453 444 singulis
463 367 636 447 provinciis
647 372 840 431 statutorum
853 375 885 430 et
899 371 1043 449 probatae

37 463 263 525 consuetudinis
280 463 432 525 locorum.

84 561 113 620 5⁰
127 560 281 623 Canonici
298 561 351 638 jus
365 561 487 622 habent
503 563 614 623 utendi
629 562 806 641 insignibus
826 583 883 626 suo
901 565 1043 646 capitulo

36 657 190 719 attributis.
203 659 397 738 Plerumque
413 659 632 720 conceduntur
648 658 857 730 rocchettum,
874 662 1041 724 almutium

35 761 59 817 ct
67 760 212 830 mozetta3
226 756 419 834 quandoque
428 756 524 816 etiam
535 756 630 817 datur
639 775 866 837 cappamagna
876 778 883 833 ;
895 759 959 820 imo
968 765 1042 820 sunt

34 852 172 914 nonnulla
186 853 332 931 capitula
345 871 416 933 quaa
431 855 687 915 condecorantur
697 856 945 934 pontificalibus.

83 952 155 1012 Eum
165 968 234 1011 non
243 950 414 1012 sinatratio
431 952 531 1013 nostri
545 952 735 1026 instituti,ut
753 953 791 1014 de
802 954 851 1014 his
865 954 1040 1032 insignibus

33 1067 79 1128 per
86 1048 209 1126 singula
221 1053 407 1123 tractemus,
423 1049 485 1111 duo
498 1053 622 1111 tan-tum
632 1051 824 1113 notabimus.
833 1052 967 1114 l⁰Juxta
977 1053 1040 1114 dis·

34 1146 166 1226 ciplinam
178 1147 410 1207 consuetudine
421 1147 595 1222 inductam,
604 1166 701 1227 quam
712 1167 776 1210 non
787 1151 885 1209 semel
896 1150 1040 1212 declara-

34 1245 68 1304 rit
79 1244 107 1304 S.
123 1243 337 1322 Gongregatio
353 1244 413 1306 Rit.
430 1245 536 1306 stricte
551 1246 751 1321 servandam,
768 1247 980 1308 necessarium
992 1253 1039 1310 est

34 1341 178 1403 lndultum
190 1341 414 1421 Apostolicum
429 1348 463 1403 ut
479 1343 624 1404 canonici
645 1348 808 1426 assumant
825 1345 971 1422 insignia,
987 1346 1039 1407 vel

35 1440 95 1499 data
111 1439 253 1517 insignia
274 1445 407 1501 mutent.
429 1441 593 1520 Episcopis
610 1459 691 1520 quos
712 1441 743 1503 S.
764 1442 860 1504 Sedes
879 1443 1040 1522 promovit

37 1541 95 1616 post
105 1536 221 1598 initum
241 1538 473 1599 Concordatum
488 1557 539 1602 an.
552 1539 642 1614 lact,
659 1557 808 1601 concessa
822 1541 881 1602 fuit
890 1560 949 1621 per
961 1542 1037 1602 sub-

38 1636 257 1715 delegationem
273 1636 364 1698 Gard.
381 1637 499 1714 Legati,
515 1637 651 1698 facultas
665 1639 858 1699 concedendi
878 1640 1040 1701 canonicis

38 1731 154 1811 insignia
167 1734 315 1795 choralis
325 1752 396 1812 quae
409 1733 472 1794 illis
487 1735 656 1796 convenire
674 1735 914 1798 arbitrarentur.
932 1741 964 1797 2⁰
979 1737 1034 1799 Ga-

37 1831 125 1891 nonici
138 1830 320 1909 insignibus
341 1832 390 1891 sui
405 1831 524 1892 ordinis
549 1833 596 1893 uti
622 1833 739 1894 debent
761 1835 983 1896 tantummodo
1003 1835 1036 1895 in

39 1946 81 1988 sua
90 1929 219 2008 propria
235 1927 385 2006 Ecclesia,
402 1934 436 1990 et
449 1933 540 1990 extra
552 1930 725 1991 Ecclesiam
738 1932 866 2010 quando
878 1932 1045 2012 capitula·¹

38 2025 95 2086 riter
109 2027 300 2105 procedunt,
314 2045 343 2086 v.
362 2045 407 2106 g,
421 2027 455 2086 in
468 2027 603 2106 publicis
622 2028 921 2107 supplicationibus;
939 2053 954 2086 a
970 2049 1033 2091 non

41 2129 151 2185 «autem
173 2124 199 2185 si
223 2123 372 2185 intersint
393 2129 429 2185 ut
442 2124 571 2204 singuli,
592 2125 651 2185 nisi
673 2126 808 2204 speciale
833 2126 1034 2206 privilegium

40 2223 164 2283 «nedum
180 2222 353 2300 collegium
374 2222 634 2302 comprehendat,
651 2242 762 2284 verum
782 2224 878 2284 etiam
892 2225 1035 2302 singula-

40 2317 173 2380 «ritaret
197 2319 345 2380 distincte
360 2319 402 2380 ad
415 2337 567 2398 personas
584 2319 785 2380 extendatur.
809 2345 823 2374 »
849 2322 897 2382 lta
911 2322 1035 2384 censuit

39 2415 61 2476 S.
73 2417 222 2498 Gongreg.
238 2419 327 2497 cujus
338 2418 498 2479 decretum
512 2417 655 2495 evulgari
665 2405 847 2498 jussit'Pius
861 2419 914 2480 vll
931 2419 1031 2498 pridie

38 2530 117 2574 nonas
126 2514 220 2593 junii,
238 2534 287 2576 an.
304 2515 392 2577 loll.
405 2514 497 2576 Ratio
513 2520 561 2576 est
576 2516 661 2594 quod
676 2515 815 2592 insignia
827 2517 904 2578 data
915 2517 979 2577 sint
991 2517 1032 2578 ad

38 2609 230 2674 decorandum
245 2612 431 2692 capitulum,
445 2630 510 2674 non
521 2631 596 2675 vero
612 2613 645 2672 in
657 2619 880 2675 ornamentum
896 2615 1027 2677 distinc-

38 2707 115 2770 tivum
128 2711 363 2773 eanonicorum.
381 2710 532 2772 canonici
552 2710 649 2788 igitur
673 2711 738 2790 qui,
754 2717 844 2772 extra
865 2713 1030 2798 propriam

38 2805 200 2884 Ecclesiam,
225 2809 258 2868 in
282 2807 393 2869 eadem
420 2808 516 2869 etiam
544 2807 682 2887 dioeeeai,
707 2809 873 2871 conciones
897 2809 1031 2886 habent,

38 2901 97 2964 alias
124 2906 300 2968 functiones
333 2905 468 2981 obeunt,
501 2905 553 2966 vel
586 2905 700 2968 divinis
728 2906 886 2968 intersunt
917 2908 1030 2970 officiis

38 3003 189 3084 detepuit,
204 3022 269 3065 non
282 3007 413 3083 possunt
429 3002 501 3081 jure
513 3003 674 3064 communi
693 3005 740 3065 uti
759 3005 822 3064 suis
835 3005 1027 3083 insignibus,

39 3112 128 3178 cappa,
146 3101 321 3174 rocchetto,
336 3105 483 3174 mozetta,
505 3106 565 3162 etc.
588 3102 661 3162 Haec
685 3107 791 3161 autem
807 3101 945 3181 insignia
962 3121 1031 3179 ges·

39 3197 88 3256 tare
99 3198 169 3278 ipsis
179 3200 274 3260 datur
284 3199 317 3260 in
332 3217 389 3260 sua
402 3197 569 3272 Ecclesia„
583 3197 660 3258 dum
670 3198 848 3259 functiones
859 3198 954 3259 etiam
964 3217 1028 3259 non

40 3293 204 3370 capitulares
219 3301 376 3374 exercent,
397 3295 570 3356 dummodo
591 3299 700 3356 tamen
720 3313 784 3356 non
809 3294 1031 3356 administrent

40 3400 221 3470 sacramenta,
237 3412 300 3474 quo
323 3393 356 3454 in
376 3411 450 3454 casu
471 3393 557 3470 leges
577 3393 707 3454 rituales
731 3393 844 3454 volunt
864 3399 899 3453 ut
919 3409 1025 3454 sacer-

41 3484 90 3563 dos,
109 3510 306 3571 quacumque
326 3491 479 3570 dignitate
501 3490 633 3570 polleat,
659 3496 768 3552 utatur
796 3489 1025 3570 superpelliceo

40 3590 195 3653 crustulas
676 3597 679 3601 ’

82 3685 222 3750 Euuariis
233 3686 443 3749 decisionibus
457 3687 488 3751 S.
506 3687 660 3766 congreg.
674 3687 723 3760 lt,
737 3685 906 3748 canonicus
919 3703 1026 3750 coram

850 3802 883 3856 to
