2642 4268
323 257 390 305 altr.
413 255 434 302 1.
457 255 602 304 1111011118Ιῶ
624 255 661 302 ll'l'
681 254 812 304 suescit
833 257 972 309 salvara.
1102 257 1153 312 453

200 372 278 435 Huic
296 377 403 434 tamen
420 370 613 432 concessioni
632 371 802 450 apponitur
819 374 967 450 conditi0,
986 378 1104 442 seilicet
1118 388 1153 443 ut

135 470 275 550 reliquia
283 469 323 531 sit
331 489 369 531 ex
378 468 500 532 Sanctis
510 469 694 548 approbatis
703 474 734 530 ct
743 469 852 548 positis
862 471 895 532 in
906 475 1131 556 martyrologio
1143 499 1150 554 ;

136 569 347 651 quamobrem
363 568 473 646 regula
484 567 590 628 locum
605 584 669 627 uon
680 565 777 628 babet
790 571 918 648 quando
931 573 1035 654 agitur
1046 575 1084 635 de
1100 593 1149 636 re·

135 667 243 746 liquiis
257 666 353 728 etiam
363 664 538 745 insignibus
548 669 728 725 sanctorum
738 665 848 728 incerti
861 669 1008 743 neminie,
1021 671 1149 750 quinon

135 761 602 842 referunturinllartyrolcgio.
616 761 813 823 Permittitur
822 767 1059 829 utvenerationi
1069 769 1148 832 iide-
1200 773 1202 778 '

64 931 66 935 ,
132 863 214 924 lium
232 865 443 942 exponantur,
467 860 493 920 si
514 865 600 920 certo
622 865 744 921 constet
763 860 801 921 de
821 861 948 924 illorum
967 866 1145 939 sanctitate,

129 979 196 1022 non
210 977 286 1022 vero
298 963 333 1019 ut
347 958 403 1018 fiat
415 956 453 1017 de
469 956 530 1017 illis
544 955 696 1018 officium.
713 956 814 1037 (Decr.
832 958 883 1020 die
894 961 913 1020 3
925 960 995 1039 jun.
1014 962 1090 1024 1617
1103 971 1143 1011 -’

130 1059 170 1117 13
183 1057 248 1136 jan.
271 1054 373 1135 1631.)

191 1155 282 1216 ‘eet
297 1187 336 1198 -
350 1151 569 1214 Notaminibus
580 1151 619 1213 de
630 1171 720 1214 sacra
732 1153 918 1232 supellectili
931 1155 1142 1220 licelesiarum

126 1252 225 1312 tinem
240 1251 396 1325 dabimus,
410 1249 484 1329 jura
500 1249 677 1311 revocando
695 1251 733 1312 de
749 1269 976 1331 campanarum
993 1255 1141 1318 benedic-

125 1348 214 1412 tione
228 1354 260 1411 et
274 1368 342 1410 usu.
1036 1335 1039 1342 ⁴

187 1447 373 1528 cumpace
393 1448 539 1512 Ecclesiae
556 1447 690 1520 reddita,
710 1446 873 1509 christiani
892 1450 1026 1527 publicis
1043 1452 1140 1532 signis

125 1550 376 1607 convocarentur
397 1547 438 1608 ad
455 1564 560 1607 sacras
577 1545 661 1607 aedes
679 1546 830 1607 orationis
852 1565 958 1623 causa,
977 1549 1072 1610 variis
1090 1551 1138 1610 in·
1201 1563 1206 1582 ‘

122 1644 308 1706 strumentis
319 1643 366 1704 usi
376 1649 448 1704 sunt
460 1662 518 1724 pro
529 1644 674 1704 locorum
691 1661 795 1717 more;
809 1645 990 1723 frequenter
1000 1646 1135 1710 ‘adbibe-

121 1741 219 1802 batur
235 1741 344 1802 tabula
358 1741 464 1818 lignea
478 1758 574 1820 quam
591 1740 779 1819 pulsabant;
797 1740 852 1801 alii
865 1743 981 1803 malleo
1000 1743 1135 1805 uteban-

120 1843 187 1912 tur,
202 1838 255 1899 alii
268 1838 351 1900 tubae
364 1838 479 1914 sonitu,
496 1837 625 1898 tandem
640 1837 779 1898 habuere
793 1856 974 1917 campanas.
990 1843 1134 1914 Quonam

120 1941 228 1997 autem
255 1942 397 2016 tempore
423 1953 586 2015 campanae
611 1935 751 1997 turribus
776 1936 987 1998 Ecclesiarum
1011 1940 1128 2001 luerint

118 2034 287 2114 impositae,
308 2034 359 2096 vel
378 2033 474 2095 etiam
494 2051 514 2094 a
533 2051 595 2112 quo
612 2033 729 2094 fuerint
747 2033 893 2110 inventae,
911 2035 1038 2114 cujusve
1060 2057 1132 2099 auc·

117 2131 246 2193 toritate
260 2132 293 2192 in
308 2150 399 2192 usum
418 2128 564 2192 Ecclesia
583 2130 781 2205 introductae,
798 2131 1029 2211 incompertum
1051 2134 1129 2199 bae-

116 2232 210 2290 tenus
223 2228 293 2290 fuit.

176 2326 344 2407 Campanae
359 2325 580 2388 benedicendae
598 2332 671 2386 sunt
688 2330 858 2404 antequam
874 2342 929 2386 suo
945 2327 1014 2388 loco
1032 2345 1127 2408 repo·

114 2429 241 2499 nentur,
252 2441 321 2503 quae
331 2423 642 2504 quidembenedictio
651 2427 830 2484 reservatur
839 2423 1004 2503 Episcopo,
1015 2425 1126 2486 eadem

113 2521 182 2600 lege
194 2541 258 2601 qua
270 2527 391 2584 caeterae
405 2539 513 2582 omnes
525 2519 759 2583 benedictiones
772 2539 842 2600 quae
853 2539 943 2582 sacro
955 2521 1125 2585 chrismate

111 2619 327 2698 perficiuntur.
342 2620 459 2686 Idcirco
474 2619 552 2679 ritus
567 2617 794 2680 benedictionis
808 2636 1035 2698 campanarum
1050 2621 1121 2684 des·

111 2717 243 2802 cribitur
256 2718 288 2778 iu
302 2716 483 2780 Pontificali
497 2718 649 2790 Romane,
665 2735 729 2779 non
743 2717 777 2777 in
791 2715 919 2780 ilituali.

169 2815 339 2876 Pulsantur
348 2834 523 2894 campana,
536 2833 599 2876 non
609 2813 711 2876 solum
722 2815 763 2874 ad
773 2815 892 2875 clerum
903 2816 1122 2898 populumque

109 2914 347 2975 convocandum
360 2913 597 2988 adorationem,
614 2913 669 2974 sed
680 2911 775 2973 etiem
787 2913 827 2973 ad
838 2914 1040 2975 excitandum
1051 2934 1120 2976 sen·
1208 2957 1214 2969 ‚

107 3029 160 3072 sus
184 3010 320 3091 pietatis,
336 3016 369 3072 et
382 3011 424 3073 ad
436 3011 591 3090 majorem
610 3012 763 3071 festorum
781 3009 1023 3073 solemnitatem.
1040 3014 1121 3075 Gon-

107 3109 241 3170 suetudo
252 3108 347 3170 etiam
360 3109 430 3183 fuit,
443 3115 475 3170 et
486 3108 638 3170 haetenus
652 3107 685 3167 in
697 3107 841 3187 pluribus
862 3107 939 3169 locis
963 3115 1117 3186 servatur,

107 3211 143 3267 ut
162 3225 324 3286 campanae
344 3205 546 3286 pulsarentur
567 3204 693 3286 quando
715 3210 940 3284 tempestatum
968 3206 1116 3284 procella

104 3303 307 3382 ingruebant,
323 3322 378 3384 spe
397 3303 578 3366 removendi
599 3301 774 3382 periculum
792 3301 961 3362 imminens
983 3303 1116 3382 fulguris

103 3404 134 3461 et
159 3401 360 3478 grandinum.
376 3403 497 3477 Patres,
511 3420 550 3462 ex
570 3398 686 3480 quibus
712 3397 771 3459 bas
794 3398 980 3460 traditiones
1005 3417 1113 3463 susce·

101 3497 216 3578 pimus,
226 3519 290 3562 non
298 3499 521 3563 existimabant
536 3515 763 3578 campanarum
783 3515 861 3558 sono
877 3515 983 3559 aerem
998 3498 1111 3576 scindi,

101 3601 133 3658 et
142 3602 368 3678 tempestatum
376 3597 506 3677 injurias
515 3595 653 3658 naturali
663 3595 777 3658 effectu
787 3595 913 3675 depelli,
926 3596 985 3666 sed
993 3613 1111 3677 oppor-v

70 3746 76 3760 .
99 3693 298 3758 lenissimum
313 3697 472 3759 ducebant
482 3694 637 3776 populum
652 3693 778 3755 fidelem
793 3694 924 3758 excitari
938 3694 978 3756 sd
991 3695 1109 3759 oratio·
