2582 4278
290 273 357 320 ter.
378 272 413 318 ΙΙ.
435 271 561 320 EEEGEIO
580 270 804 320 caetratorum
1004 264 1054 316 125

52 397 162 459 upum,
177 379 228 440 vel
245 380 285 440 ad
299 379 401 441 solum
421 379 637 458 capitulum.»
660 379 707 459 (ln
729 379 777 440 tit.
802 395 843 442 nn
864 381 1053 449 Panaenum,

48 486 77 538 n⁰
95 475 158 558 48.)
185 477 296 556 Igitur,
319 478 511 538 consuetudo
539 477 643 557 potuit
661 478 804 538 conferre
823 477 989 555 Episcop0‚
1014 475 1054 535 ad

46 575 255 637 exclusionem
270 575 411 654 capituli,
422 576 475 655 jus
491 574 673 636 conterendi
686 574 902 636 canonicatus.

98 675 174 734 Haec
188 675 383 734 consuetudo
395 673 483 752 viget
496 672 529 733 in
545 673 653 734 Galliis
668 691 688 733 a
702 679 845 752 tempore
855 671 1052 746 concordati;

48 790 97 832 nee
111 771 296 834 dubitamus
310 771 388 851 quin
410 771 536 832 retineri
558 771 658 850 possit
677 769 890 849 quoadusque
906 772 938 832 S.
960 770 1057 832 Sedes

47 869 131 929 aliter
145 869 356 931 ordinaverit:
371 873 443 930 sunt
455 869 540 930 enim
555 886 665 930 omnes
685 868 880 930 conditiones
895 867 936 928 ad
952 867 1055 946 legiti-

47 986 124 1028 mam
138 967 400 1034 consuetudinem
420 967 579 1046 requisitae
599 969 656 1028 :1⁰
677 966 824 1046 Episcopi
844 966 904 1027 sibi
919 981 1057 1026 reserva-

46 1069 150 1125 verunt
165 1065 354 1126 electionem
370 1070 401 1126 et
415 1064 663 1126 nominationem
679 1064 904 1125 canonicorum
927 1064 968 1125 ab
987 1063 1057 1141 ipsa

47 1162 161 1240 origine
179 1161 407 1223 hodiernorum
426 1163 651 1241 capitulorum,
674 1166 705 1223 et
728 1160 820 1224 Gard.
838 1162 988 1239 Capram,
1003 1162 1059 1220 Le-

48 1264 131 1337 gatus
147 1277 168 1320 a
185 1257 288 1334 lutere,
304 1279 369 1320 non
384 1260 486 1321 solum
501 1259 580 1320 nihil
601 1279 639 1320 ea
654 1259 693 1320 de
715 1277 749 1319 re
763 1259 839 1338 ipsis
859 1257 985 1337 objecit,
1003 1257 1058 1318 sed

49 1375 81 1416 ex
91 1357 199 1418 officio
210 1357 560 1437 approbavitnonnulla
569 1363 689 1418 statuta
701 1356 889 1436 capitularia
901 1355 934 1414 in
945 1355 1057 1434 quibus

49 1453 187 1534 Episcopi
203 1456 356 1534 expressis
369 1456 473 1517 verbis
492 1455 698 1518 declarabant
718 1454 776 1515 sibi
792 1454 918 1532 suisque
938 1469 1058 1512 sueces-

50 1551 163 1612 soribus
179 1554 333 1614 reservari
346 1553 428 1614 hanc
443 1553 646 1627 electionem;
663 1553 747 1613 unde
763 1551 910 1630 Episcopi
926 1550 1056 1611 conclu·

50 1649 299 1728 derepotuerunt
309 1650 471 1712 senihilin
481 1668 518 1711 eo
530 1668 623 1730 agere
633 1654 890 1710 contrementem
906 1649 937 1709 S.
957 1646 1055 1708 Sedis.

50 1748 181 1807 Decursu
194 1752 374 1827 temporum
389 1748 420 1808 S.
438 1748 536 1810 Sedes
551 1747 738 1827 approbavit
752 1752 872 1808 statuta
889 1763 960 1825 quae
974 1763 1057 1805 eam·

52 1843 113 1904 dem
124 1844 324 1925 disciplinam
336 1845 501 1906 retinent¹.
514 1848 547 1906 2⁰
562 1845 674 1906 Praxis
687 1843 918 1926 Episcoporum
932 1843 1058 1903 firmata

53 1929 240 2023 esttempore
250 1942 290 2004 ad
303 1942 478 2021 legitimam
487 1942 748 2004 consuetudinem
759 1941 938 2016 sufficienti,
949 1945 985 2000 ut
997 1939 1060 2000 eui-

53 2058 103 2117 que
112 2045 259 2119 apertum
274 2045 334 2116 est3
345 2059 401 2100 nec
411 2040 477 2101 ulla
492 2046 562 2101 orta
575 2040 634 2101 fuit
648 2039 832 2102 reclamatio
847 2039 912 2100 sive
921 2056 959 2098 ex
968 2043 1057 2118 parte

53 2137 79 2196 S.
91 2136 189 2211 Sedis,
207 2137 271 2198 sive
286 2155 325 2197 ex
339 2143 429 2217 parte
444 2137 665 2217 capitulorum.
680 2139 742 2198 Nec
755 2138 880 2198 dicatur
890 2135 1059 2198 canonicos

53 2233 161 2296 ideirco
177 2253 242 2296 non
263 2233 450 2296 reclamasse
466 2236 553 2316 quod
573 2234 791 2314 ignoraverint
806 2235 860 2314 jus
879 2251 983 2306 suum,
1005 2237 1060 2293 aut

53 2331 124 2392 forte
137 2332 360 2412 pertimuerint
375 2333 570 2395 consectaria
584 2350 649 2394 suae
667 2331 914 2392 reclamationis.
932 2329 990 2402 Qui
1002 2347 1055 2391 ca·

53 2429 208 2490 nonicatus
235 2430 415 2492 habuerunt
436 2430 546 2510 primis
577 2429 773 2510 temporibus
797 2447 816 2489 a
842 2427 1056 2503 concordate,

53 2525 187 2588 vixerant
213 2527 271 2587 sub
291 2529 389 2589 veteri
410 2528 563 2606 regimine
589 2533 621 2589 et
649 2527 793 2607 apprime
815 2531 970 2588 noverant
984 2524 1056 2604 quid

55 2622 120 2683 elim
131 2624 164 2684 in
175 2643 234 2686 usu
250 2630 339 2687 esset.
359 2626 392 2688 Si
406 2626 645 2687 reclamandum
660 2625 835 2700 duxissent,
852 2625 885 2685 id
899 2615 1060 2684 multoties

55 2721 163 2801 absque
185 2723 251 2784 ullo
274 2723 322 2783 sui
340 2723 481 2802 periculo
501 2723 693 2803 potuissent;
715 2722 811 2784 nullae
834 2728 940 2782 tamen
965 2724 1059 2781 motae

56 2824 116 2879 sunt
129 2821 352 2882 controversia
367 2822 407 2881 ad
420 2840 520 2882 annos
534 2840 636 2900 usque
650 2821 793 2900 proxime
808 2821 944 2899 elapsos,
959 2818 1055 2878 nullae

56 2917 182 2994 querelae
198 2917 239 2978 ad
253 2917 285 2981 S.
298 2919 412 2979 Sedem
422 2918 534 2980 delatae
550 2924 660 2981 eontra
675 2919 800 2998 praxim
813 2901 1053 2997 Episcoporum.

92 3121 310 3172 astacades
324 3122 441 3186 capitulo
454 3122 525 3173 Ech.
544 3122 677 3172 [liniensis
697 3125 724 3171 et
735 3121 883 3186 approbate
899 3135 915 3170 c
934 3118 1060 3183 Gregorio

56 3193 99 3245 xvi
108 3195 151 3246 die
161 3198 191 3248 te
205 3195 300 3260 April,
314 3211 358 3248 en.
374 3199 444 3256 1843,
460 3197 519 3248 hec
531 3196 594 3261 jura
607 3197 764 3249 adscribunt
778 3198 910 3260 Episcopo
924 3197 953 3244 iu
968 3207 1027 3257 cap.
1042 3206 1060 3253 r,

57 3273 95 3319 art.
106 3285 132 3322 vr
147 3285 154 3320 :
169 3289 181 3316 a
196 3272 375 3323 canonicatus
384 3276 441 3322 tum
455 3271 587 3332 titulares,
600 3276 658 3322 tum
673 3273 831 3322 honorarius
849 3269 970 3321 conferre
983 3267 1061 3318 nobis

58 3349 149 3397 «unice
163 3361 341 3398 reservamus.
361 3368 374 3394 a
390 3349 492 3399 Eadem
510 3351 653 3398 servantur
671 3348 700 3398 in
718 3349 776 3399 aliis
793 3347 900 3398 statutis
919 3343 1060 3394 recentiori

57 3425 163 3486 tempore
178 3437 255 3487 reque
265 3424 419 3488 approbatis
431 3439 446 3475 a
458 3422 486 3474 S.
497 3423 575 3474 Sede.
590 3425 621 3474 ln
638 3426 745 3475 statutis
757 3438 815 3488 cap.
834 3419 1009 3482 Moliniensis,
1024 3419 1061 3468 di·

57 3496 113 3546 citur
125 3501 175 3548 ert.
190 3511 216 3549 vr
228 3513 235 3548 :
251 3517 264 3543 u
277 3500 400 3564 Episcopi
416 3499 571 3550 Molinensis
583 3500 634 3550 erit
645 3501 818 3550 canonicatus
831 3510 905 3548 nunc
916 3495 1061 3545 existentes

59 3573 199 3635 reauferre,
212 3579 324 3639 excepta
338 3575 426 3639 prima
437 3575 567 3640 dignitate
579 3575 614 3625 ab
624 3576 674 3640 Ap.
690 3574 758 3626 Sede
772 3572 933 3624 eonferenda
947 3571 981 3621 ad
995 3583 1061 3635 prve-

7 3703 8 3708 ,
59 3648 247 3698 «senuuonem
262 3649 418 3712 Episcopi.»
437 3676 468 3687 -
483 3650 539 3702 ert.
550 3663 578 3699 xr
593 3664 599 3699 :
620 3667 632 3694 a
648 3649 790 3701 Honorerii
802 3645 924 3698 canonici
939 3646 972 3696 eb
986 3645 1062 3708 Epis·

7 3773 8 3784 γ
59 3733 139 3784 «copo
152 3723 378 3786 nominabuntur,
390 3723 516 3775 consulto
526 3727 553 3774 et
566 3725 728 3775 assentiente
744 3721 870 3788 capitulo.
887 3741 900 3768 a
