2642 4268
240 269 292 332 sal
502 283 575 332 rins
597 283 643 332 111.
665 283 721 332 nes
742 279 989 332 accussrssrrcn.

299 401 368 462 600.
389 435 425 446 -
438 402 527 474 Quod
541 402 581 462 ad
593 399 881 462 demembrationem
890 398 1118 460 beneficiorum
1129 397 1247 473 attinet,

240 500 392 580 quaritur
406 519 446 560 an
461 499 560 579 possit
577 517 652 579 pars
670 498 820 561 territorii
835 497 927 562 unius
944 497 1103 578 parocbia
1122 496 1249 576 adjungi

136 647 137 650 ,
237 589 330 659 alteri
344 597 503 678 parocbia
517 597 628 659 vieiuae
643 597 848 678 pauperiori?

300 697 431 770 Quando
453 696 600 776 expedire
620 694 782 773 judicatur
805 695 930 756 detrahi
956 700 1080 776 partem
1102 695 1249 759 territorii

239 797 331 856 unius
350 795 523 874 parochiae,
547 795 587 856 ob
607 795 738 856 nimiam
759 795 902 856 locorum
916 794 1112 870 distantiam,
1135 793 1248 855 aliasve

237 894 375 955 rationes
390 893 485 955 modo
499 893 669 972 expositas,
688 893 861 972 Episcopus
878 897 982 972 potest
996 898 1051 954 aut
1065 911 1183 954 novam
1197 912 1249 972 pa·

237 991 379 1053 rochiam
395 991 596 1066 constituere,
613 996 667 1052 aut
678 997 801 1071 partem
816 1011 855 1052 ex
870 993 971 1052 altera
985 991 1123 1052 decisam
1139 989 1248 1070 adjun-

237 1109 310 1168 gere
329 1089 472 1151 viciniori
492 1089 661 1169 parocbiae,
685 1107 755 1168 quae
775 1091 879 1170 impar
896 1095 954 1166 est,
977 1107 1042 1170 prae
1064 1089 1247 1168 indigentia,

236 1187 408 1249 subeundis
428 1188 576 1250 oneribus
596 1187 699 1248 cultus
719 1187 890 1275 publiciet
904 1189 1144 1250 'sustentationis
1163 1188 1248 1249 cleri.
1312 1257 1313 1264 ἶ

296 1286 329 1348 Si
341 1286 497 1366 Episcopo
510 1286 617 1360 fassit,
630 1304 670 1346 ex
681 1287 842 1368 principiis
855 1287 1056 1366 generalibus
1066 1281 1159 1367 juris,
1175 1287 1250 1348 divi·

235 1385 310 1446 dere
324 1403 423 1445 unum
437 1385 624 1470 beneficium
638 1385 671 1444 in
686 1385 750 1446 duo
760 1385 809 1446 val
822 1385 927 1465 plura,
944 1404 1000 1446 cur
1012 1385 1158 1447 illicitum
1172 1385 1251 1446 dice·

97 1545 99 1562 ,
236 1489 322 1544 retur
345 1482 530 1563 parochiam
551 1483 620 1562 jam
641 1482 839 1557 existentem,
864 1503 922 1546 nec
948 1484 1007 1546 sibi
1030 1484 1248 1559 sufficientem,

123 1600 128 1613 ¹
235 1582 401 1644 sublevare
419 1581 509 1643 novis
530 1582 680 1643 territorii
699 1582 912 1658 incrementis,
934 1583 960 1644 si
981 1582 1068 1644 aliud
1089 1601 1155 1644 non
1178 1602 1250 1662 sup·
1312 1595 1313 1654 ζ

234 1685 322 1760 petat
332 1679 471 1742 medium
486 1669 694 1744 subveniendi
701 1681 860 1761 parochiae
873 1681 1072 1761 pauperioris
1083 1682 1250 1743 necessita·
1312 1673 1313 1736 i

235 1777 329 1854 tibus,
344 1784 375 1839 et
390 1778 481 1842 alteri
493 1779 652 1859 parochiae
666 1780 772 1841 ditiori
786 1779 980 1841 sufficienter
993 1769 1177 1841 consultum
1190 1780 1251 1842 siti
1312 1789 1313 1848 ζ

295 1875 443 1958 Episcopi
460 1877 628 1957 aliquoties
641 1879 857 1940 immutandos
872 1883 1050 1940 statuerunt
1065 1878 1186 1940 limites
1199 1898 1251 1958 pa·

237 1976 418 2038 rocbiarum
435 1976 610 2038 vicinarum
626 1977 666 2038 ad
685 1995 886 2038 communem
904 1977 1031 2038 illarum
1046 1977 1250 2039 utilitatem¹.

204 2065 212 2074 ’
278 2076 307 2116 1*
326 2075 395 2136 601.
415 2109 455 2119 -
471 2076 522 2138 lv.
540 2075 651 2136 Modus
670 2077 843 2136 servandus
859 2075 1071 2151 indivisione,
1092 2075 1175 2138 etin
1192 2077 1251 2138 dis·
1312 2117 1313 2128 t

235 2172 463 2234 membrati'one
478 2173 584 2246 oflicii,
601 2170 686 2234 idem
701 2179 747 2236 est
759 2175 856 2254 quiin
871 2172 1053 2254 peragenda
1067 2175 1189 2237 unione
1204 2176 1251 2236 be·
1312 2181 1313 2196 ¹

234 2270 435 2346 neficiorum3
457 2290 529 2332 eum
547 2271 608 2332 hoc
627 2272 806 2333 discrimine
827 2273 914 2352 quod
934 2273 1103 2333 convocari
1127 2265 1249 2347 debeat,
1312 2343 1313 2352 ἶ

234 2369 1251 2449 coramOrdinariolcci,rectorEcclesiae,cujusmaximeinterest
1312 2353 1313 2382 ³

233 2485 305 2528 suas
321 2467 469 2545 rationes,
488 2468 514 2528 si
529 2469 657 2545 habeat,
675 2487 846 2547 opponere.
1312 2549 1313 2552 Ἴ

190 2573 194 2580 ’
293 2565 488 2638 Quibusdam
498 2567 599 2627 visum
609 2571 656 2627 est
668 2564 766 2627 satius
780 2566 858 2644 fore,
872 2573 909 2629 ut
919 2569 1011 2647 plura
1022 2555 1250 2649 impedimenta

231 2663 380 2739 vitentur,
394 2670 559 2744 expectare
569 2665 670 2726 donec
680 2666 839 2727 vacaverit
848 2667 1036 2728 beneficium
1047 2685 1054 2741 ;
1067 2668 1125 2728 sed
1135 2667 1169 2727 id
1180 2685 1249 2728 cum
1312 2713 1313 2760 ,

233 2762 329 2823 sacris
349 2763 522 2824 canonibus
542 2783 606 2824 non
626 2764 791 2826 consentit.
812 2765 926 2826 vetant
945 2765 1031 2844 leges
1050 2784 1091 2826 ne
1110 2765 1252 2826 Ecclesia
1312 2763 1313 2784 ²

232 2860 395 2941 spolietur,
412 2863 488 2922 dum
506 2862 602 2924 vidua
622 2867 668 2924 est
688 2880 744 2923 suo
764 2867 896 2936 rectore,
918 2869 950 2924 et
968 2865 994 2924 si
1012 2868 1126 2941 urgeat
1145 2863 1251 2943 aliqua

232 2950 313 3020 ratio
329 2960 533 3033 necessitatis,
555 2962 721 3040 requirunt
738 2968 772 3021 nt
790 2962 966 3042 assignetur
984 2961 1013 3022 ei
1031 2963 1182 3024 defensor
1199 2961 1251 3040 qui

231 3057 315 3119 illius
331 3077 457 3119 causam
473 3064 609 3122 tueatur.
624 3061 713 3140 (Cap.
731 3059 863 3134 Dudum,
882 3062 910 3135 1,
927 3077 964 3122 bs
979 3063 1083 3123 Rebus
1098 3061 1249 3122 Eccrssffl

231 3173 292 3220 sou
307 3174 500 3232 carausium,
516 3159 549 3220 in
564 3159 633 3240 vro'.)

291 3257 457 3335 (laeterum,
479 3258 537 3320 etsi
556 3259 767 3320 necessarium
786 3259 827 3320 sit
844 3261 950 3320 vocari
969 3259 1163 3336 Parochum,
1186 3278 1248 3320 non
1312 3275 1313 3326 t

231 3361 356 3418 tenetur
371 3356 543 3436 Episcopus
556 3356 674 3418 habere
689 3347 773 3419 illiu's
787 3375 986 3432 consensum,
1000 3358 1157 3437 siquidem
1174 3375 1247 3418 con·
1312 3357 1313 3382 ¹

231 3453 337 3516 cilium
355 3455 573 3517 Tridentinum
587 3456 709 3533 statuit,
726 3456 760 3516 in
777 3457 910 3519 decretis
923 3455 1106 3536 praecitatis,
1122 3456 1247 3536 Episco-

191 3536 200 3551 ’
230 3571 307 3631 pum
315 3571 407 3633 posse
416 3553 739 3658 diddereparochiap,
749 3555 852 3617 invitis
860 3555 1036 3632 rectoribus,
1046 3555 1244 3636 etassignare

278 3681 300 3748 i.
322 3699 590 3751 Dismembrationem
608 3681 633 3752 et
651 3703 776 3752 unionem
793 3703 822 3752 in
836 3703 908 3752 hune
930 3701 1010 3754 fluam
1025 3669 1125 3754 iactam
1144 3715 1237 3767 appro-

231 3773 305 3824 bavit
319 3773 346 3824 S.
356 3775 485 3840 Congreg.
501 3779 531 3827 23
542 3789 585 3839 cp.
601 3779 671 3828 1861.
683 3777 746 3828 Acta
758 3777 785 3829 S.
794 3777 938 3841 Scdis,vol.
953 3779 975 3828 1.
987 3793 1014 3843 p.
1028 3780 1084 3829 524.
