<?xml version="1.0" encoding="UTF-8"?>
<!DOCTYPE html PUBLIC "-//W3C//DTD XHTML 1.0 Transitional//EN"
    "http://www.w3.org/TR/xhtml1/DTD/xhtml1-transitional.dtd">
<html xmlns="http://www.w3.org/1999/xhtml" xml:lang="en" lang="en">
 <head>
  <title>
</title>
<meta http-equiv="Content-Type" content="text/html;charset=utf-8" />
  <meta name='ocr-system' content='tesseract 3.04.00' />
  <meta name='ocr-capabilities' content='ocr_page ocr_carea ocr_par ocr_line ocrx_word'/>
</head>
<body>
  <div class='ocr_page' id='page_1' title='image "./praelectionesju00murrgoog_0079.png"; bbox 0 0 2632 4260; ppageno 0'>
   <div class='ocr_carea' id='block_1_1' title="bbox 122 2128 595 2202">
    <p class='ocr_par' dir='ltr' id='par_1_1' title="bbox 122 2128 595 2202">
     <span class='ocr_line' id='line_1_1' title="bbox 122 2128 595 2202; baseline 0.006 -15"><span class='ocrx_word' id='word_1_1' title='bbox 122 2144 124 2148; x_wconf 89' lang='lat'>·</span> <span class='ocrx_word' id='word_1_2' title='bbox 230 2128 336 2202; x_wconf 90' lang='lat' dir='ltr'>tuerit,</span> <span class='ocrx_word' id='word_1_3' title='bbox 353 2129 523 2191; x_wconf 90' lang='lat' dir='ltr'>dicendum</span> <span class='ocrx_word' id='word_1_4' title='bbox 538 2135 595 2192; x_wconf 86' lang='lat' dir='ltr'>est.</span> 
     </span>
    </p>
   </div>
   <div class='ocr_carea' id='block_1_2' title="bbox 230 24 1287 360">
    <p class='ocr_par' dir='ltr' id='par_1_2' title="bbox 230 24 1287 360">
     <span class='ocr_line' id='line_1_2' title="bbox 230 24 1287 360; baseline -0.007 -59"><span class='ocrx_word' id='word_1_5' title='bbox 230 246 265 301; x_wconf 68' lang='grc'>64</span> <span class='ocrx_word' id='word_1_6' title='bbox 595 253 670 302; x_wconf 78' lang='lat' dir='ltr'>PARS</span> <span class='ocrx_word' id='word_1_7' title='bbox 689 252 723 302; x_wconf 89' lang='lat'>11.</span> <span class='ocrx_word' id='word_1_8' title='bbox 746 251 872 301; x_wconf 73' lang='lat' dir='ltr'>OLNNIGI.</span> <span class='ocrx_word' id='word_1_9' title='bbox 1280 24 1287 360; x_wconf 50' lang='lat'>⁴</span> 
     </span>
    </p>
   </div>
   <div class='ocr_carea' id='block_1_3' title="bbox 227 366 1247 842">
    <p class='ocr_par' dir='ltr' id='par_1_3' title="bbox 227 366 1247 743">
     <span class='ocr_line' id='line_1_3' title="bbox 229 366 1247 450; baseline -0.002 -20"><span class='ocrx_word' id='word_1_10' title='bbox 229 369 302 431; x_wconf 81' lang='lat' dir='ltr'>ciali</span> <span class='ocrx_word' id='word_1_11' title='bbox 315 369 543 450; x_wconf 91' lang='lat' dir='ltr'>prohibitione,</span> <span class='ocrx_word' id='word_1_12' title='bbox 557 369 637 430; x_wconf 91' lang='lat' dir='ltr'>nibil</span> <span class='ocrx_word' id='word_1_13' title='bbox 652 374 774 449; x_wconf 92' lang='lat' dir='ltr'>aparte</span> <span class='ocrx_word' id='word_1_14' title='bbox 786 385 944 430; x_wconf 88' lang='lat' dir='ltr'>canonum</span> <span class='ocrx_word' id='word_1_15' title='bbox 960 367 1066 429; x_wconf 91' lang='lat' dir='ltr'>obstat</span> <span class='ocrx_word' id='word_1_16' title='bbox 1076 366 1247 446; x_wconf 85' lang='lat' dir='ltr'>quominus</span> 
     </span>
     <span class='ocr_line' id='line_1_4' title="bbox 227 464 1247 544; baseline -0.002 -17"><span class='ocrx_word' id='word_1_17' title='bbox 227 466 287 528; x_wconf 88' lang='lat' dir='ltr'>viri</span> <span class='ocrx_word' id='word_1_18' title='bbox 305 466 508 529; x_wconf 85' lang='lat' dir='ltr'>ecclesiastici</span> <span class='ocrx_word' id='word_1_19' title='bbox 531 467 639 528; x_wconf 88' lang='lat' dir='ltr'>sedem</span> <span class='ocrx_word' id='word_1_20' title='bbox 658 466 800 527; x_wconf 84' lang='lat' dir='ltr'><strong>habeant</strong></span> <span class='ocrx_word' id='word_1_21' title='bbox 813 465 846 525; x_wconf 93' lang='lat' dir='ltr'>in</span> <span class='ocrx_word' id='word_1_22' title='bbox 864 464 999 526; x_wconf 88' lang='lat' dir='ltr'>comitiis</span> <span class='ocrx_word' id='word_1_23' title='bbox 1016 464 1167 544; x_wconf 80' lang='lat' dir='ltr'>politicis,</span> <span class='ocrx_word' id='word_1_24' title='bbox 1194 465 1247 525; x_wconf 93' lang='lat' dir='ltr'>ubi</span> 
     </span>
     <span class='ocr_line' id='line_1_5' title="bbox 227 563 1245 646; baseline -0.002 -21"><span class='ocrx_word' id='word_1_25' title='bbox 227 583 286 626; x_wconf 90' lang='lat' dir='ltr'>sua</span> <span class='ocrx_word' id='word_1_26' title='bbox 296 564 465 646; x_wconf 89' lang='lat' dir='ltr'>prudentia</span> <span class='ocrx_word' id='word_1_27' title='bbox 480 571 576 645; x_wconf 91' lang='lat' dir='ltr'>atque</span> <span class='ocrx_word' id='word_1_28' title='bbox 592 564 729 625; x_wconf 86' lang='lat' dir='ltr'>consiliis</span> <span class='ocrx_word' id='word_1_29' title='bbox 742 567 875 644; x_wconf 82' lang='lat' dir='ltr'><strong>possunt</strong></span> <span class='ocrx_word' id='word_1_30' title='bbox 884 563 1059 642; x_wconf 90' lang='lat' dir='ltr'>plurimum</span> <span class='ocrx_word' id='word_1_31' title='bbox 1072 563 1113 624; x_wconf 89' lang='lat' dir='ltr'>ad</span> <span class='ocrx_word' id='word_1_32' title='bbox 1124 563 1245 624; x_wconf 90' lang='lat' dir='ltr'>bonum</span> 
     </span>
     <span class='ocr_line' id='line_1_6' title="bbox 227 663 714 743; baseline -0.004 -19"><span class='ocrx_word' id='word_1_33' title='bbox 227 663 374 725; x_wconf 76' lang='lat' dir='ltr'>Ecclesia</span> <span class='ocrx_word' id='word_1_34' title='bbox 388 682 424 724; x_wconf 91' lang='lat' dir='ltr'>ac</span> <span class='ocrx_word' id='word_1_35' title='bbox 440 664 550 743; x_wconf 88' lang='lat' dir='ltr'>populi</span> <span class='ocrx_word' id='word_1_36' title='bbox 562 663 714 724; x_wconf 88' lang='lat' dir='ltr'>conferre.</span> 
     </span>
    </p>

    <p class='ocr_par' dir='ltr' id='par_1_4' title="bbox 286 753 1146 842">
     <span class='ocr_line' id='line_1_7' title="bbox 286 753 1146 842; baseline -0.006 -20"><span class='ocrx_word' id='word_1_37' title='bbox 286 763 357 822; x_wconf 73' lang='lat'>352.</span> <span class='ocrx_word' id='word_1_38' title='bbox 374 793 414 808; x_wconf 93' lang='lat'><em>-</em></span> <span class='ocrx_word' id='word_1_39' title='bbox 428 762 483 822; x_wconf 85' lang='grc' dir='ltr'>ΙΙΙο</span> <span class='ocrx_word' id='word_1_40' title='bbox 499 758 569 836; x_wconf 76' lang='lat' dir='ltr'>(luae</span> <span class='ocrx_word' id='word_1_41' title='bbox 583 761 623 822; x_wconf 78' lang='lat' dir='ltr'>sit</span> <span class='ocrx_word' id='word_1_42' title='bbox 632 760 795 842; x_wconf 74' lang='lat' dir='ltr'>negotiatio</span> <span class='ocrx_word' id='word_1_43' title='bbox 807 753 924 822; x_wconf 74' lang='lat' dir='ltr'>clericis</span> <span class='ocrx_word' id='word_1_44' title='bbox 937 756 1100 819; x_wconf 71' lang='lat' dir='ltr'>interductu</span> <span class='ocrx_word' id='word_1_45' title='bbox 1111 755 1146 817; x_wconf 85' lang='lat'>¹?</span> 
     </span>
    </p>
   </div>
   <div class='ocr_carea' id='block_1_4' title="bbox 212 856 1293 3100">
    <p class='ocr_par' dir='ltr' id='par_1_5' title="bbox 226 856 1249 1226">
     <span class='ocr_line' id='line_1_8' title="bbox 287 856 1248 938; baseline -0.002 -20"><span class='ocrx_word' id='word_1_46' title='bbox 287 858 464 938; x_wconf 80' lang='lat' dir='ltr'>Negotiatio</span> <span class='ocrx_word' id='word_1_47' title='bbox 484 857 660 938; x_wconf 82' lang='lat' dir='ltr'>generatim</span> <span class='ocrx_word' id='word_1_48' title='bbox 679 858 795 920; x_wconf 92' lang='lat' dir='ltr'>dicitur</span> <span class='ocrx_word' id='word_1_49' title='bbox 814 857 918 920; x_wconf 89' lang='lat' dir='ltr'>omnis</span> <span class='ocrx_word' id='word_1_50' title='bbox 937 856 1081 938; x_wconf 90' lang='lat' dir='ltr'>operatio</span> <span class='ocrx_word' id='word_1_51' title='bbox 1096 874 1165 936; x_wconf 88' lang='lat' dir='ltr'>qua</span> <span class='ocrx_word' id='word_1_52' title='bbox 1180 856 1248 936; x_wconf 89' lang='lat' dir='ltr'>quis</span> 
     </span>
     <span class='ocr_line' id='line_1_9' title="bbox 226 954 1248 1018; baseline -0.003 -1"><span class='ocrx_word' id='word_1_53' title='bbox 226 955 343 1017; x_wconf 91' lang='lat' dir='ltr'>intuitu</span> <span class='ocrx_word' id='word_1_54' title='bbox 358 956 438 1018; x_wconf 91' lang='lat' dir='ltr'>lucri</span> <span class='ocrx_word' id='word_1_55' title='bbox 457 975 489 1018; x_wconf 90' lang='lat' dir='ltr'>se</span> <span class='ocrx_word' id='word_1_56' title='bbox 504 956 729 1018; x_wconf 91' lang='lat' dir='ltr'>intermedium</span> <span class='ocrx_word' id='word_1_57' title='bbox 750 955 914 1018; x_wconf 90' lang='lat' dir='ltr'>constituit</span> <span class='ocrx_word' id='word_1_58' title='bbox 934 955 1017 1016; x_wconf 88' lang='lat' dir='ltr'>inter</span> <span class='ocrx_word' id='word_1_59' title='bbox 1037 954 1121 1016; x_wconf 90' lang='lat' dir='ltr'>cives</span> <span class='ocrx_word' id='word_1_60' title='bbox 1144 955 1180 1014; x_wconf 92' lang='lat' dir='ltr'>in</span> <span class='ocrx_word' id='word_1_61' title='bbox 1198 972 1248 1016; x_wconf 94' lang='lat' dir='ltr'>or-</span> 
     </span>
     <span class='ocr_line' id='line_1_10' title="bbox 226 1051 1249 1134; baseline -0.001 -20"><span class='ocrx_word' id='word_1_62' title='bbox 226 1054 300 1115; x_wconf 91' lang='lat' dir='ltr'>dine</span> <span class='ocrx_word' id='word_1_63' title='bbox 322 1055 363 1117; x_wconf 89' lang='lat' dir='ltr'>ad</span> <span class='ocrx_word' id='word_1_64' title='bbox 386 1054 668 1117; x_wconf 90' lang='lat' dir='ltr'>commutationem</span> <span class='ocrx_word' id='word_1_65' title='bbox 699 1053 864 1129; x_wconf 86' lang='lat' dir='ltr'>mercium,</span> <span class='ocrx_word' id='word_1_66' title='bbox 888 1071 1069 1134; x_wconf 88' lang='lat' dir='ltr'>operarum,</span> <span class='ocrx_word' id='word_1_67' title='bbox 1095 1051 1249 1132; x_wconf 82' lang='lat' dir='ltr'>pecunia·</span> 
     </span>
     <span class='ocr_line' id='line_1_11' title="bbox 229 1153 411 1226; baseline 0.016 -15"><span class='ocrx_word' id='word_1_68' title='bbox 229 1153 338 1226; x_wconf 77' lang='lat' dir='ltr'>rum²,</span> <span class='ocrx_word' id='word_1_69' title='bbox 352 1158 411 1215; x_wconf 90' lang='lat' dir='ltr'>eto.</span> 
     </span>
    </p>

    <p class='ocr_par' dir='ltr' id='par_1_6' title="bbox 212 1245 1292 2113">
     <span class='ocr_line' id='line_1_12' title="bbox 287 1245 1290 1330; baseline -0.004 -20"><span class='ocrx_word' id='word_1_70' title='bbox 287 1251 335 1310; x_wconf 85' lang='lat' dir='ltr'>Ex</span> <span class='ocrx_word' id='word_1_71' title='bbox 348 1249 444 1311; x_wconf 91' lang='lat' dir='ltr'>variis</span> <span class='ocrx_word' id='word_1_72' title='bbox 453 1249 557 1312; x_wconf 91' lang='lat' dir='ltr'>modis</span> <span class='ocrx_word' id='word_1_73' title='bbox 573 1250 687 1329; x_wconf 91' lang='lat' dir='ltr'>quibus</span> <span class='ocrx_word' id='word_1_74' title='bbox 699 1249 735 1310; x_wconf 83' lang='lat' dir='ltr'>fit</span> <span class='ocrx_word' id='word_1_75' title='bbox 747 1247 922 1327; x_wconf 81' lang='lat' dir='ltr'>negotiatio</span> <span class='ocrx_word' id='word_1_76' title='bbox 934 1253 998 1310; x_wconf 90' lang='lat' dir='ltr'>tres</span> <span class='ocrx_word' id='word_1_77' title='bbox 1012 1247 1195 1328; x_wconf 74' lang='lat' dir='ltr'>praecipuos</span> <span class='ocrx_word' id='word_1_78' title='bbox 1207 1245 1239 1306; x_wconf 92' lang='lat' dir='ltr'>in</span> <span class='ocrx_word' id='word_1_79' title='bbox 1289 1279 1290 1330; x_wconf 56' lang='lat' dir='ltr'>v</span> 
     </span>
     <span class='ocr_line' id='line_1_13' title="bbox 228 1343 1246 1427; baseline -0.005 -19"><span class='ocrx_word' id='word_1_80' title='bbox 228 1347 333 1410; x_wconf 70' lang='lat' dir='ltr'>diemo</span> <span class='ocrx_word' id='word_1_81' title='bbox 349 1347 484 1409; x_wconf 86' lang='lat' dir='ltr'>sufficiat</span> <span class='ocrx_word' id='word_1_82' title='bbox 501 1347 542 1408; x_wconf 90' lang='lat' dir='ltr'>ad</span> <span class='ocrx_word' id='word_1_83' title='bbox 562 1366 641 1427; x_wconf 89' lang='lat' dir='ltr'>quos</span> <span class='ocrx_word' id='word_1_84' title='bbox 657 1348 711 1409; x_wconf 90' lang='lat' dir='ltr'>alii</span> <span class='ocrx_word' id='word_1_85' title='bbox 729 1347 824 1409; x_wconf 89' lang='lat' dir='ltr'>facile</span> <span class='ocrx_word' id='word_1_86' title='bbox 843 1348 1047 1408; x_wconf 89' lang='lat' dir='ltr'>reducuntur.</span> <span class='ocrx_word' id='word_1_87' title='bbox 1065 1343 1246 1407; x_wconf 88' lang='lat' dir='ltr'>Nimirum:</span> 
     </span>
     <span class='ocr_line' id='line_1_14' title="bbox 212 1438 1248 1525; baseline -0.004 -20"><span class='ocrx_word' id='word_1_88' title='bbox 212 1438 274 1506; x_wconf 70' lang='lat' dir='ltr'>&#39;vel</span> <span class='ocrx_word' id='word_1_89' title='bbox 296 1463 418 1507; x_wconf 88' lang='lat' dir='ltr'>merces</span> <span class='ocrx_word' id='word_1_90' title='bbox 441 1450 592 1506; x_wconf 92' lang='lat' dir='ltr'>emuntur</span> <span class='ocrx_word' id='word_1_91' title='bbox 615 1451 652 1506; x_wconf 92' lang='lat' dir='ltr'>ut</span> <span class='ocrx_word' id='word_1_92' title='bbox 674 1445 824 1525; x_wconf 88' lang='lat' dir='ltr'>deinceps</span> <span class='ocrx_word' id='word_1_93' title='bbox 848 1444 1028 1507; x_wconf 86' lang='lat' dir='ltr'>vendantur</span> <span class='ocrx_word' id='word_1_94' title='bbox 1051 1442 1169 1516; x_wconf 88' lang='lat' dir='ltr'>carius,</span> <span class='ocrx_word' id='word_1_95' title='bbox 1191 1442 1248 1502; x_wconf 71' lang='lat' dir='ltr'>&#39;sub</span> 
     </span>
     <span class='ocr_line' id='line_1_15' title="bbox 227 1539 1291 1624; baseline -0.004 -22"><span class='ocrx_word' id='word_1_96' title='bbox 227 1541 340 1602; x_wconf 88' lang='lat' dir='ltr'>eadem</span> <span class='ocrx_word' id='word_1_97' title='bbox 354 1542 467 1616; x_wconf 90' lang='lat' dir='ltr'>forma,</span> <span class='ocrx_word' id='word_1_98' title='bbox 483 1543 570 1622; x_wconf 92' lang='lat' dir='ltr'>quod</span> <span class='ocrx_word' id='word_1_99' title='bbox 585 1543 702 1621; x_wconf 89' lang='lat' dir='ltr'>galliae</span> <span class='ocrx_word' id='word_1_100' title='bbox 711 1549 844 1605; x_wconf 90' lang='lat' dir='ltr'>vocatur</span> <span class='ocrx_word' id='word_1_101' title='bbox 859 1539 960 1624; x_wconf 78' lang='lat' dir='ltr'>trufie,</span> <span class='ocrx_word' id='word_1_102' title='bbox 976 1549 1062 1602; x_wconf 84' lang='lat' dir='ltr'>vente</span> <span class='ocrx_word' id='word_1_103' title='bbox 1076 1559 1112 1602; x_wconf 85' lang='lat' dir='ltr'>en</span> <span class='ocrx_word' id='word_1_104' title='bbox 1125 1557 1200 1621; x_wconf 75' lang='lat' dir='ltr'>gros</span> <span class='ocrx_word' id='word_1_105' title='bbox 1214 1557 1250 1599; x_wconf 84' lang='lat' dir='ltr'>ou</span> <span class='ocrx_word' id='word_1_106' title='bbox 1290 1545 1291 1614; x_wconf 52' lang='grc' dir='ltr'>ζ</span> 
     </span>
     <span class='ocr_line' id='line_1_16' title="bbox 227 1637 1248 1719; baseline -0.003 -18"><span class='ocrx_word' id='word_1_107' title='bbox 227 1656 264 1701; x_wconf 86' lang='lat' dir='ltr'>eu</span> <span class='ocrx_word' id='word_1_108' title='bbox 277 1637 373 1700; x_wconf 79' lang='lat' dir='ltr'>detail</span> <span class='ocrx_word' id='word_1_109' title='bbox 376 1658 391 1719; x_wconf 91' lang='lat'>,·</span> <span class='ocrx_word' id='word_1_110' title='bbox 404 1640 455 1701; x_wconf 91' lang='lat' dir='ltr'>vel</span> <span class='ocrx_word' id='word_1_111' title='bbox 475 1646 626 1702; x_wconf 90' lang='lat' dir='ltr'>emuntur</span> <span class='ocrx_word' id='word_1_112' title='bbox 647 1647 691 1718; x_wconf 89' lang='lat' dir='ltr'>ut,</span> <span class='ocrx_word' id='word_1_113' title='bbox 708 1646 835 1702; x_wconf 90' lang='lat' dir='ltr'>mutata</span> <span class='ocrx_word' id='word_1_114' title='bbox 847 1642 952 1702; x_wconf 87' lang='lat' dir='ltr'>forma</span> <span class='ocrx_word' id='word_1_115' title='bbox 968 1639 1002 1699; x_wconf 93' lang='lat' dir='ltr'>in</span> <span class='ocrx_word' id='word_1_116' title='bbox 1016 1637 1113 1700; x_wconf 87' lang='lat' dir='ltr'>aliam</span> <span class='ocrx_word' id='word_1_117' title='bbox 1126 1656 1190 1717; x_wconf 88' lang='lat' dir='ltr'>per</span> <span class='ocrx_word' id='word_1_118' title='bbox 1202 1637 1248 1697; x_wconf 86' lang='lat' dir='ltr'>fa·</span> 
     </span>
     <span class='ocr_line' id='line_1_17' title="bbox 227 1735 1249 1814; baseline -0.001 -17"><span class='ocrx_word' id='word_1_119' title='bbox 227 1735 447 1813; x_wconf 90' lang='lat' dir='ltr'>bricationem,</span> <span class='ocrx_word' id='word_1_120' title='bbox 468 1738 649 1800; x_wconf 86' lang='lat' dir='ltr'>vendantur</span> <span class='ocrx_word' id='word_1_121' title='bbox 667 1758 740 1801; x_wconf 91' lang='lat' dir='ltr'>cum</span> <span class='ocrx_word' id='word_1_122' title='bbox 755 1740 860 1814; x_wconf 86' lang='lat' dir='ltr'>lucro;</span> <span class='ocrx_word' id='word_1_123' title='bbox 877 1737 979 1800; x_wconf 86' lang='lat' dir='ltr'>vellit</span> <span class='ocrx_word' id='word_1_124' title='bbox 998 1737 1173 1812; x_wconf 87' lang='lat' dir='ltr'>cambium,</span> <span class='ocrx_word' id='word_1_125' title='bbox 1197 1738 1249 1797; x_wconf 89' lang='lat' dir='ltr'>aut</span> 
     </span>
     <span class='ocr_line' id='line_1_18' title="bbox 228 1833 1248 1917; baseline -0.003 -21"><span class='ocrx_word' id='word_1_126' title='bbox 228 1835 292 1896; x_wconf 88' lang='lat' dir='ltr'>alia</span> <span class='ocrx_word' id='word_1_127' title='bbox 304 1836 447 1915; x_wconf 91' lang='lat' dir='ltr'>operatio</span> <span class='ocrx_word' id='word_1_128' title='bbox 460 1855 533 1898; x_wconf 92' lang='lat' dir='ltr'>cum</span> <span class='ocrx_word' id='word_1_129' title='bbox 547 1838 701 1916; x_wconf 76' lang='lat' dir='ltr'>pecuniiS,</span> <span class='ocrx_word' id='word_1_130' title='bbox 716 1855 771 1899; x_wconf 91' lang='lat' dir='ltr'>seu</span> <span class='ocrx_word' id='word_1_131' title='bbox 788 1837 909 1917; x_wconf 85' lang='lat' dir='ltr'>quaevis</span> <span class='ocrx_word' id='word_1_132' title='bbox 924 1835 1116 1916; x_wconf 84' lang='lat' dir='ltr'>permutatio</span> <span class='ocrx_word' id='word_1_133' title='bbox 1125 1833 1248 1914; x_wconf 87' lang='lat' dir='ltr'>jurium</span> 
     </span>
     <span class='ocr_line' id='line_1_19' title="bbox 227 1931 1250 2014; baseline 0 -22"><span class='ocrx_word' id='word_1_134' title='bbox 227 1931 499 2012; x_wconf 88' lang='lat' dir='ltr'>incorporeorum,</span> <span class='ocrx_word' id='word_1_135' title='bbox 517 1935 557 1996; x_wconf 97' lang='lat' dir='ltr'>ad</span> <span class='ocrx_word' id='word_1_136' title='bbox 570 1934 771 1997; x_wconf 90' lang='lat' dir='ltr'>lucrandum.</span> <span class='ocrx_word' id='word_1_137' title='bbox 789 1936 843 1996; x_wconf 92' lang='lat' dir='ltr'>His</span> <span class='ocrx_word' id='word_1_138' title='bbox 860 1934 981 2014; x_wconf 90' lang='lat' dir='ltr'>positis,</span> <span class='ocrx_word' id='word_1_139' title='bbox 999 1933 1074 2012; x_wconf 91' lang='lat' dir='ltr'>quid</span> <span class='ocrx_word' id='word_1_140' title='bbox 1089 1932 1129 1993; x_wconf 93' lang='lat' dir='ltr'>de</span> <span class='ocrx_word' id='word_1_141' title='bbox 1143 1933 1250 2010; x_wconf 92' lang='lat' dir='ltr'>singu-</span> 
     </span>
     <span class='ocr_line' id='line_1_20' title="bbox 228 2028 1249 2113; baseline 0.002 -23"><span class='ocrx_word' id='word_1_142' title='bbox 228 2028 268 2090; x_wconf 91' lang='lat' dir='ltr'>lis</span> <span class='ocrx_word' id='word_1_143' title='bbox 282 2031 551 2110; x_wconf 74' lang='lat' dir='ltr'>negotiationibus</span> <span class='ocrx_word' id='word_1_144' title='bbox 565 2032 697 2094; x_wconf 90' lang='lat' dir='ltr'>relative</span> <span class='ocrx_word' id='word_1_145' title='bbox 712 2034 753 2094; x_wconf 92' lang='lat' dir='ltr'>ad</span> <span class='ocrx_word' id='word_1_146' title='bbox 767 2032 899 2095; x_wconf 90' lang='lat' dir='ltr'>clericos</span> <span class='ocrx_word' id='word_1_147' title='bbox 910 2032 964 2113; x_wconf 82' lang='lat' dir='ltr'>jus</span> <span class='ocrx_word' id='word_1_148' title='bbox 978 2030 1172 2092; x_wconf 86' lang='lat' dir='ltr'>canonicum</span> <span class='ocrx_word' id='word_1_149' title='bbox 1189 2035 1249 2092; x_wconf 89' lang='lat' dir='ltr'>sta·</span> 
     </span>
    </p>

    <p class='ocr_par' dir='ltr' id='par_1_7' title="bbox 1292 2120 1293 2158">
     <span class='ocr_line' id='line_1_21' title="bbox 1292 2120 1293 2158; baseline 0 0"><span class='ocrx_word' id='word_1_150' title='bbox 1292 2120 1293 2158; x_wconf 77' lang='lat' dir='ltr'>t</span> 
     </span>
    </p>

    <p class='ocr_par' dir='ltr' id='par_1_8' title="bbox 229 2225 1250 2404">
     <span class='ocr_line' id='line_1_22' title="bbox 290 2225 1250 2308; baseline 0 -22"><span class='ocrx_word' id='word_1_151' title='bbox 290 2227 361 2287; x_wconf 86' lang='grc'><strong>353.</strong></span> <span class='ocrx_word' id='word_1_152' title='bbox 377 2258 416 2272; x_wconf 83' lang='grc'><strong>-</strong></span> <span class='ocrx_word' id='word_1_153' title='bbox 431 2229 454 2289; x_wconf 93' lang='grc' dir='ltr'>Ι.</span> <span class='ocrx_word' id='word_1_154' title='bbox 472 2228 650 2306; x_wconf 83' lang='lat' dir='ltr'>Negotiatio</span> <span class='ocrx_word' id='word_1_155' title='bbox 672 2229 783 2308; x_wconf 82' lang='lat' dir='ltr'>primae</span> <span class='ocrx_word' id='word_1_156' title='bbox 804 2227 920 2308; x_wconf 90' lang='lat' dir='ltr'>speciei</span> <span class='ocrx_word' id='word_1_157' title='bbox 940 2225 1060 2288; x_wconf 87' lang='lat' dir='ltr'>clericis</span> <span class='ocrx_word' id='word_1_158' title='bbox 1080 2225 1250 2308; x_wconf 84' lang='lat' dir='ltr'>interdicta</span> 
     </span>
     <span class='ocr_line' id='line_1_23' title="bbox 229 2324 805 2404; baseline 0.005 -20"><span class='ocrx_word' id='word_1_159' title='bbox 229 2326 287 2398; x_wconf 90' lang='lat' dir='ltr'>est,</span> <span class='ocrx_word' id='word_1_160' title='bbox 303 2324 364 2385; x_wconf 94' lang='lat' dir='ltr'>nisi</span> <span class='ocrx_word' id='word_1_161' title='bbox 379 2330 492 2404; x_wconf 91' lang='lat' dir='ltr'>urgeat</span> <span class='ocrx_word' id='word_1_162' title='bbox 503 2325 608 2402; x_wconf 87' lang='lat' dir='ltr'>gravis</span> <span class='ocrx_word' id='word_1_163' title='bbox 623 2327 805 2387; x_wconf 84' lang='lat' dir='ltr'>necessitas.</span> 
     </span>
    </p>

    <p class='ocr_par' dir='ltr' id='par_1_9' title="bbox 231 2421 1250 2604">
     <span class='ocr_line' id='line_1_24' title="bbox 287 2421 1250 2502; baseline -0.002 -20"><span class='ocrx_word' id='word_1_164' title='bbox 287 2422 466 2499; x_wconf 82' lang='lat' dir='ltr'>Alexander</span> <span class='ocrx_word' id='word_1_165' title='bbox 482 2423 523 2484; x_wconf 88' lang='grc' dir='ltr'>ΙΙΙ</span> <span class='ocrx_word' id='word_1_166' title='bbox 540 2423 671 2483; x_wconf 75' lang='lat' dir='ltr'>statuit:</span> <span class='ocrx_word' id='word_1_167' title='bbox 693 2443 707 2481; x_wconf 86' lang='lat' dir='ltr'>u</span> <span class='ocrx_word' id='word_1_168' title='bbox 723 2423 904 2485; x_wconf 88' lang='lat' dir='ltr'>Secundum</span> <span class='ocrx_word' id='word_1_169' title='bbox 918 2422 1065 2484; x_wconf 88' lang='lat' dir='ltr'>instituta</span> <span class='ocrx_word' id='word_1_170' title='bbox 1078 2421 1250 2502; x_wconf 79' lang='lat' dir='ltr'>praedeces</span> 
     </span>
     <span class='ocr_line' id='line_1_25' title="bbox 231 2519 1248 2604; baseline 0.005 -30"><span class='ocrx_word' id='word_1_171' title='bbox 231 2542 247 2575; x_wconf 88' lang='lat'>«</span> <span class='ocrx_word' id='word_1_172' title='bbox 262 2537 369 2580; x_wconf 92' lang='lat' dir='ltr'>sorum</span> <span class='ocrx_word' id='word_1_173' title='bbox 388 2525 568 2580; x_wconf 90' lang='lat' dir='ltr'>nostrorum</span> <span class='ocrx_word' id='word_1_174' title='bbox 584 2520 642 2581; x_wconf 90' lang='lat' dir='ltr'>sub</span> <span class='ocrx_word' id='word_1_175' title='bbox 656 2519 916 2582; x_wconf 90' lang='lat' dir='ltr'>interminatione</span> <span class='ocrx_word' id='word_1_176' title='bbox 937 2519 1150 2604; x_wconf 84' lang='lat' dir='ltr'>anathematis</span> <span class='ocrx_word' id='word_1_177' title='bbox 1173 2535 1248 2598; x_wconf 92' lang='lat' dir='ltr'>pro-</span> 
     </span>
    </p>

    <p class='ocr_par' dir='ltr' id='par_1_10' title="bbox 227 2614 1250 3100">
     <span class='ocr_line' id='line_1_26' title="bbox 228 2614 1245 2697; baseline 0.004 -25"><span class='ocrx_word' id='word_1_178' title='bbox 228 2637 244 2672; x_wconf 91' lang='lat'>«</span> <span class='ocrx_word' id='word_1_179' title='bbox 255 2614 402 2677; x_wconf 90' lang='lat' dir='ltr'>bibemus</span> <span class='ocrx_word' id='word_1_180' title='bbox 410 2635 451 2676; x_wconf 91' lang='lat' dir='ltr'>ne</span> <span class='ocrx_word' id='word_1_181' title='bbox 459 2616 566 2677; x_wconf 91' lang='lat' dir='ltr'>clerici</span> <span class='ocrx_word' id='word_1_182' title='bbox 578 2617 629 2678; x_wconf 87' lang='lat' dir='ltr'>vel</span> <span class='ocrx_word' id='word_1_183' title='bbox 637 2617 787 2679; x_wconf 86' lang='lat' dir='ltr'>monaehi</span> <span class='ocrx_word' id='word_1_184' title='bbox 801 2637 897 2680; x_wconf 90' lang='lat' dir='ltr'>causa</span> <span class='ocrx_word' id='word_1_185' title='bbox 909 2619 989 2679; x_wconf 92' lang='lat' dir='ltr'>lucri</span> <span class='ocrx_word' id='word_1_186' title='bbox 999 2615 1216 2697; x_wconf 87' lang='lat' dir='ltr'>negotientur.</span> <span class='ocrx_word' id='word_1_187' title='bbox 1231 2639 1245 2669; x_wconf 93' lang='lat'>»</span> 
     </span>
     <span class='ocr_line' id='line_1_27' title="bbox 231 2710 1247 2795; baseline 0.002 -23"><span class='ocrx_word' id='word_1_188' title='bbox 231 2710 320 2792; x_wconf 83' lang='lat' dir='ltr'>(Gap.</span> <span class='ocrx_word' id='word_1_189' title='bbox 336 2711 521 2789; x_wconf 83' lang='lat' dir='ltr'>Secundum,</span> <span class='ocrx_word' id='word_1_190' title='bbox 537 2715 567 2789; x_wconf 89' lang='lat'>6,</span> <span class='ocrx_word' id='word_1_191' title='bbox 577 2715 800 2795; x_wconf 74' lang='lat' dir='ltr'>andnemun..)</span> <span class='ocrx_word' id='word_1_192' title='bbox 810 2715 931 2778; x_wconf 89' lang='lat' dir='ltr'>Similia</span> <span class='ocrx_word' id='word_1_193' title='bbox 939 2714 1130 2793; x_wconf 90' lang='lat' dir='ltr'>legunturin</span> <span class='ocrx_word' id='word_1_194' title='bbox 1143 2712 1247 2794; x_wconf 90' lang='lat' dir='ltr'>pluri·</span> 
     </span>
     <span class='ocr_line' id='line_1_28' title="bbox 227 2808 1250 2891; baseline 0.001 -21"><span class='ocrx_word' id='word_1_195' title='bbox 227 2808 288 2870; x_wconf 92' lang='lat' dir='ltr'>bus</span> <span class='ocrx_word' id='word_1_196' title='bbox 298 2810 431 2870; x_wconf 89' lang='lat' dir='ltr'>decretis</span> <span class='ocrx_word' id='word_1_197' title='bbox 442 2811 650 2874; x_wconf 91' lang='lat' dir='ltr'>conciliorum</span> <span class='ocrx_word' id='word_1_198' title='bbox 661 2817 692 2874; x_wconf 90' lang='lat' dir='ltr'>et</span> <span class='ocrx_word' id='word_1_199' title='bbox 702 2812 979 2874; x_wconf 86' lang='lat' dir='ltr'>constitutionibus</span> <span class='ocrx_word' id='word_1_200' title='bbox 991 2811 1162 2891; x_wconf 82' lang='lat' dir='ltr'>pontificiis</span> <span class='ocrx_word' id='word_1_201' title='bbox 1171 2827 1250 2890; x_wconf 82' lang='lat' dir='ltr'>proe-</span> 
     </span>
     <span class='ocr_line' id='line_1_29' title="bbox 227 2907 1249 2985; baseline -0.001 -18"><span class='ocrx_word' id='word_1_202' title='bbox 227 2907 337 2968; x_wconf 88' lang='lat' dir='ltr'>sertim</span> <span class='ocrx_word' id='word_1_203' title='bbox 347 2907 467 2969; x_wconf 90' lang='lat' dir='ltr'>Urbani</span> <span class='ocrx_word' id='word_1_204' title='bbox 476 2909 557 2984; x_wconf 90' lang='lat' dir='ltr'>Vlll,</span> <span class='ocrx_word' id='word_1_205' title='bbox 569 2910 738 2972; x_wconf 85' lang='lat' dir='ltr'>Clementis</span> <span class='ocrx_word' id='word_1_206' title='bbox 748 2911 799 2985; x_wconf 90' lang='lat' dir='ltr'>IX,</span> <span class='ocrx_word' id='word_1_207' title='bbox 810 2909 975 2972; x_wconf 90' lang='lat' dir='ltr'>Benedicti</span> <span class='ocrx_word' id='word_1_208' title='bbox 982 2911 1049 2970; x_wconf 89' lang='lat' dir='ltr'>XIV</span> <span class='ocrx_word' id='word_1_209' title='bbox 1064 2914 1096 2970; x_wconf 90' lang='lat' dir='ltr'>et</span> <span class='ocrx_word' id='word_1_210' title='bbox 1109 2909 1249 2972; x_wconf 82' lang='lat' dir='ltr'>Glemon-</span> 
     </span>
     <span class='ocr_line' id='line_1_30' title="bbox 228 3004 1249 3100; baseline -0.001 -34"><span class='ocrx_word' id='word_1_211' title='bbox 228 3004 269 3066; x_wconf 88' lang='lat' dir='ltr'>tis</span> <span class='ocrx_word' id='word_1_212' title='bbox 282 3005 361 3078; x_wconf 91' lang='lat' dir='ltr'>Xlll,</span> <span class='ocrx_word' id='word_1_213' title='bbox 379 3004 433 3084; x_wconf 91' lang='lat' dir='ltr'>qui</span> <span class='ocrx_word' id='word_1_214' title='bbox 446 3006 552 3070; x_wconf 78' lang='lat' dir='ltr'>const.</span> <span class='ocrx_word' id='word_1_215' title='bbox 574 3005 651 3070; x_wconf 84' lang='lat' dir='ltr'>Cum</span> <span class='ocrx_word' id='word_1_216' title='bbox 662 3010 806 3100; x_wconf 58' lang='lat' dir='ltr'>prquam,</span> <span class='ocrx_word' id='word_1_217' title='bbox 824 3007 875 3069; x_wconf 90' lang='lat' dir='ltr'>die</span> <span class='ocrx_word' id='word_1_218' title='bbox 892 3008 929 3068; x_wconf 78' lang='lat' dir='ltr'>lv</span> <span class='ocrx_word' id='word_1_219' title='bbox 944 3012 1013 3087; x_wconf 88' lang='lat' dir='ltr'>sept</span> <span class='ocrx_word' id='word_1_220' title='bbox 1031 3007 1122 3082; x_wconf 78' lang='lat'>1759,</span> <span class='ocrx_word' id='word_1_221' title='bbox 1139 3023 1249 3068; x_wconf 90' lang='lat' dir='ltr'>omnes</span> 
     </span>
    </p>
   </div>
   <div class='ocr_carea' id='block_1_5' title="bbox 226 3174 1248 3763">
    <p class='ocr_par' dir='ltr' id='par_1_11' title="bbox 226 3174 1248 3462">
     <span class='ocr_line' id='line_1_31' title="bbox 276 3174 1248 3239; baseline -0.003 -13"><span class='ocrx_word' id='word_1_222' title='bbox 276 3177 299 3226; x_wconf 86' lang='lat' dir='ltr'>i.</span> <span class='ocrx_word' id='word_1_223' title='bbox 318 3174 460 3226; x_wconf 88' lang='lat' dir='ltr'>Distinctio</span> <span class='ocrx_word' id='word_1_224' title='bbox 476 3189 607 3239; x_wconf 78' lang='lat' dir='ltr'>cxxxv1n3</span> <span class='ocrx_word' id='word_1_225' title='bbox 624 3177 664 3226; x_wconf 89' lang='lat' dir='ltr'>tit.</span> <span class='ocrx_word' id='word_1_226' title='bbox 678 3191 696 3238; x_wconf 88' lang='lat' dir='ltr'>r,</span> <span class='ocrx_word' id='word_1_227' title='bbox 709 3177 756 3228; x_wconf 92' lang='lat' dir='ltr'>lib.</span> <span class='ocrx_word' id='word_1_228' title='bbox 773 3177 795 3227; x_wconf 87' lang='lat' dir='ltr'>V</span> <span class='ocrx_word' id='word_1_229' title='bbox 809 3176 917 3227; x_wconf 80' lang='lat' dir='ltr'>Deerat.</span> <span class='ocrx_word' id='word_1_230' title='bbox 940 3191 973 3226; x_wconf 86' lang='lat' dir='ltr'>or</span> <span class='ocrx_word' id='word_1_231' title='bbox 983 3176 1045 3226; x_wconf 77' lang='lat' dir='ltr'>Vrsa</span> <span class='ocrx_word' id='word_1_232' title='bbox 1060 3179 1086 3227; x_wconf 91' lang='lat' dir='ltr'>et</span> <span class='ocrx_word' id='word_1_233' title='bbox 1101 3177 1248 3226; x_wconf 73' lang='lat' dir='ltr'>Honesrars</span> 
     </span>
     <span class='ocr_line' id='line_1_32' title="bbox 226 3249 1247 3314; baseline -0.004 -12"><span class='ocrx_word' id='word_1_234' title='bbox 226 3261 399 3312; x_wconf 63' lang='lat' dir='ltr'>carmennum</span> <span class='ocrx_word' id='word_1_235' title='bbox 416 3251 578 3302; x_wconf 82' lang='lat' dir='ltr'>constitutio</span> <span class='ocrx_word' id='word_1_236' title='bbox 591 3251 736 3302; x_wconf 86' lang='lat' dir='ltr'>Clementis</span> <span class='ocrx_word' id='word_1_237' title='bbox 749 3251 808 3302; x_wconf 84' lang='lat' dir='ltr'>Xlll</span> <span class='ocrx_word' id='word_1_238' title='bbox 827 3251 894 3301; x_wconf 85' lang='lat' dir='ltr'>Cum</span> <span class='ocrx_word' id='word_1_239' title='bbox 908 3252 1031 3314; x_wconf 81' lang='lat' dir='ltr'>primum,</span> <span class='ocrx_word' id='word_1_240' title='bbox 1048 3253 1077 3302; x_wconf 83' lang='grc'>17</span> <span class='ocrx_word' id='word_1_241' title='bbox 1090 3253 1159 3314; x_wconf 89' lang='lat' dir='ltr'>sept.</span> <span class='ocrx_word' id='word_1_242' title='bbox 1177 3249 1247 3308; x_wconf 76' lang='lat' dir='ltr'>troo,</span> 
     </span>
     <span class='ocr_line' id='line_1_33' title="bbox 228 3325 1237 3392; baseline 0.002 -18"><span class='ocrx_word' id='word_1_243' title='bbox 228 3327 255 3374; x_wconf 79' lang='lat' dir='ltr'>ot</span> <span class='ocrx_word' id='word_1_244' title='bbox 266 3326 402 3377; x_wconf 89' lang='lat' dir='ltr'>Benedicti</span> <span class='ocrx_word' id='word_1_245' title='bbox 417 3327 474 3378; x_wconf 84' lang='lat' dir='ltr'>xlv</span> <span class='ocrx_word' id='word_1_246' title='bbox 485 3326 637 3390; x_wconf 75' lang='lat' dir='ltr'>Apostotteoe</span> <span class='ocrx_word' id='word_1_247' title='bbox 653 3328 806 3389; x_wconf 76' lang='lat' dir='ltr'>servitutia5</span> <span class='ocrx_word' id='word_1_248' title='bbox 819 3353 850 3362; x_wconf 93' lang='lat'><em>-</em></span> <span class='ocrx_word' id='word_1_249' title='bbox 867 3327 1004 3392; x_wconf 75' lang='lat' dir='ltr'>Theolopia</span> <span class='ocrx_word' id='word_1_250' title='bbox 1022 3325 1132 3376; x_wconf 76' lang='lat' dir='ltr'>moretis</span> <span class='ocrx_word' id='word_1_251' title='bbox 1147 3325 1177 3376; x_wconf 86' lang='lat' dir='ltr'>P.</span> <span class='ocrx_word' id='word_1_252' title='bbox 1196 3326 1237 3376; x_wconf 79' lang='lat' dir='ltr'>An</span> 
     </span>
     <span class='ocr_line' id='line_1_34' title="bbox 226 3400 1040 3462; baseline 0.002 -12"><span class='ocrx_word' id='word_1_253' title='bbox 226 3400 311 3462; x_wconf 89' lang='lat' dir='ltr'>toine,</span> <span class='ocrx_word' id='word_1_254' title='bbox 324 3402 367 3452; x_wconf 90' lang='lat' dir='ltr'>ed.</span> <span class='ocrx_word' id='word_1_255' title='bbox 383 3401 576 3462; x_wconf 68' lang='lat' dir='ltr'>avenionensi,</span> <span class='ocrx_word' id='word_1_256' title='bbox 591 3406 657 3452; x_wconf 91' lang='lat' dir='ltr'>tom.</span> <span class='ocrx_word' id='word_1_257' title='bbox 673 3403 715 3453; x_wconf 92' lang='lat' dir='ltr'>lV.</span> <span class='ocrx_word' id='word_1_258' title='bbox 733 3401 844 3450; x_wconf 79' lang='lat' dir='ltr'>Dissert.</span> <span class='ocrx_word' id='word_1_259' title='bbox 857 3402 976 3452; x_wconf 87' lang='lat' dir='ltr'>editoris.</span> <span class='ocrx_word' id='word_1_260' title='bbox 1038 3423 1040 3430; x_wconf 95' lang='lat'>·</span> 
     </span>
    </p>

    <p class='ocr_par' dir='ltr' id='par_1_12' title="bbox 229 3476 1248 3763">
     <span class='ocr_line' id='line_1_35' title="bbox 274 3476 1248 3542; baseline 0.001 -19"><span class='ocrx_word' id='word_1_261' title='bbox 274 3477 297 3523; x_wconf 80' lang='lat'>2.</span> <span class='ocrx_word' id='word_1_262' title='bbox 312 3476 468 3527; x_wconf 84' lang='lat' dir='ltr'>Definitura</span> <span class='ocrx_word' id='word_1_263' title='bbox 479 3477 642 3540; x_wconf 74' lang='lat' dir='ltr'>jurIsperitis</span> <span class='ocrx_word' id='word_1_264' title='bbox 654 3490 661 3525; x_wconf 75' lang='grc' dir='ltr'><strong>ε</strong></span> <span class='ocrx_word' id='word_1_265' title='bbox 674 3494 686 3520; x_wconf 75' lang='lat' dir='ltr'>s</span> <span class='ocrx_word' id='word_1_266' title='bbox 701 3476 864 3526; x_wconf 86' lang='lat' dir='ltr'>L’ensemble</span> <span class='ocrx_word' id='word_1_267' title='bbox 881 3477 928 3527; x_wconf 90' lang='lat' dir='ltr'>des</span> <span class='ocrx_word' id='word_1_268' title='bbox 942 3477 1128 3542; x_wconf 78' lang='lat' dir='ltr'>negociations</span> <span class='ocrx_word' id='word_1_269' title='bbox 1141 3476 1192 3540; x_wconf 92' lang='lat' dir='ltr'>qui</span> <span class='ocrx_word' id='word_1_270' title='bbox 1201 3478 1248 3525; x_wconf 88' lang='lat' dir='ltr'>ont</span> 
     </span>
     <span class='ocr_line' id='line_1_36' title="bbox 229 3550 1247 3616; baseline 0.001 -18"><span class='ocrx_word' id='word_1_271' title='bbox 229 3568 243 3597; x_wconf 77' lang='grc' dir='ltr'>ι</span> <span class='ocrx_word' id='word_1_272' title='bbox 257 3563 326 3615; x_wconf 87' lang='lat' dir='ltr'>pour</span> <span class='ocrx_word' id='word_1_273' title='bbox 342 3550 414 3615; x_wconf 86' lang='lat' dir='ltr'>objct</span> <span class='ocrx_word' id='word_1_274' title='bbox 430 3551 552 3616; x_wconf 81' lang='lat' dir='ltr'>d&#39;optrer</span> <span class='ocrx_word' id='word_1_275' title='bbox 568 3564 604 3602; x_wconf 92' lang='lat' dir='ltr'>ou</span> <span class='ocrx_word' id='word_1_276' title='bbox 624 3551 656 3602; x_wconf 90' lang='lat' dir='ltr'>de</span> <span class='ocrx_word' id='word_1_277' title='bbox 673 3551 787 3602; x_wconf 81' lang='lat' dir='ltr'>faciliter</span> <span class='ocrx_word' id='word_1_278' title='bbox 807 3551 945 3616; x_wconf 81' lang='lat' dir='ltr'>l&#39;tchange</span> <span class='ocrx_word' id='word_1_279' title='bbox 965 3553 1011 3603; x_wconf 85' lang='lat' dir='ltr'>des</span> <span class='ocrx_word' id='word_1_280' title='bbox 1029 3551 1153 3616; x_wconf 87' lang='lat' dir='ltr'>produits</span> <span class='ocrx_word' id='word_1_281' title='bbox 1171 3551 1204 3602; x_wconf 85' lang='lat' dir='ltr'>dc</span> <span class='ocrx_word' id='word_1_282' title='bbox 1223 3550 1247 3600; x_wconf 85' lang='lat' dir='ltr'>la</span> 
     </span>
     <span class='ocr_line' id='line_1_37' title="bbox 230 3625 1247 3692; baseline 0.003 -19"><span class='ocrx_word' id='word_1_283' title='bbox 230 3643 244 3671; x_wconf 75' lang='lat' dir='ltr'>a</span> <span class='ocrx_word' id='word_1_284' title='bbox 258 3627 352 3676; x_wconf 86' lang='lat' dir='ltr'>nature</span> <span class='ocrx_word' id='word_1_285' title='bbox 363 3640 399 3676; x_wconf 93' lang='lat' dir='ltr'>ou</span> <span class='ocrx_word' id='word_1_286' title='bbox 410 3625 443 3676; x_wconf 87' lang='lat' dir='ltr'>do</span> <span class='ocrx_word' id='word_1_287' title='bbox 459 3626 617 3688; x_wconf 88' lang='lat' dir='ltr'>l’industrie,</span> <span class='ocrx_word' id='word_1_288' title='bbox 632 3629 648 3676; x_wconf 77' lang='lat' dir='ltr'>a</span> <span class='ocrx_word' id='word_1_289' title='bbox 661 3625 741 3677; x_wconf 77' lang='lat' dir='ltr'>l&#39;eliet</span> <span class='ocrx_word' id='word_1_290' title='bbox 759 3627 820 3676; x_wconf 89' lang='lat' dir='ltr'>d‘cn</span> <span class='ocrx_word' id='word_1_291' title='bbox 831 3627 897 3676; x_wconf 89' lang='lat' dir='ltr'>tirer</span> <span class='ocrx_word' id='word_1_292' title='bbox 908 3629 1024 3692; x_wconf 85' lang='lat' dir='ltr'>quelque</span> <span class='ocrx_word' id='word_1_293' title='bbox 1040 3627 1129 3692; x_wconf 83' lang='lat' dir='ltr'>profit.</span> <span class='ocrx_word' id='word_1_294' title='bbox 1143 3645 1157 3673; x_wconf 80' lang='lat' dir='ltr'>o</span> <span class='ocrx_word' id='word_1_295' title='bbox 1176 3628 1247 3686; x_wconf 76' lang='lat' dir='ltr'>(Par-</span> 
     </span>
     <span class='ocr_line' id='line_1_38' title="bbox 229 3699 935 3763; baseline 0.001 -11"><span class='ocrx_word' id='word_1_296' title='bbox 229 3702 334 3762; x_wconf 80' lang='lat' dir='ltr'>dcssus,</span> <span class='ocrx_word' id='word_1_297' title='bbox 345 3699 426 3750; x_wconf 72' lang='lat' dir='ltr'>Coum</span> <span class='ocrx_word' id='word_1_298' title='bbox 439 3701 471 3752; x_wconf 83' lang='lat' dir='ltr'>de</span> <span class='ocrx_word' id='word_1_299' title='bbox 485 3702 558 3752; x_wconf 81' lang='lat' dir='ltr'>droit</span> <span class='ocrx_word' id='word_1_300' title='bbox 565 3702 738 3763; x_wconf 66' lang='lat' dir='ltr'>commorunt,</span> <span class='ocrx_word' id='word_1_301' title='bbox 754 3704 818 3752; x_wconf 88' lang='lat' dir='ltr'>tom.</span> <span class='ocrx_word' id='word_1_302' title='bbox 832 3703 853 3762; x_wconf 93' lang='lat' dir='ltr'>l,</span> <span class='ocrx_word' id='word_1_303' title='bbox 866 3711 898 3752; x_wconf 89' lang='lat' dir='ltr'>n⁰</span> <span class='ocrx_word' id='word_1_304' title='bbox 911 3705 935 3753; x_wconf 81' lang='lat' dir='ltr'>t.</span> 
     </span>
    </p>
   </div>
   <div class='ocr_carea' id='block_1_6' title="bbox 0 0 1320 4260">
    <p class='ocr_par' dir='ltr' id='par_1_13' title="bbox 0 0 1320 4260">
     <span class='ocr_line' id='line_1_39' title="bbox 0 0 1320 4260; baseline 0 0"><span class='ocrx_word' id='word_1_305' title='bbox 0 0 1320 4260; x_wconf 95' lang='lat' dir='ltr'> </span> 
     </span>
    </p>
   </div>
  </div>
 </body>
</html>
