2632 4260
161 203 166 215 ’
241 229 275 284 aa
609 233 684 282 raus
703 231 737 282 11.
759 231 886 282 cremer.

239 353 397 434 Episcopo
408 353 508 433 quiin
520 351 582 412 hac
592 351 758 430 voluptate
770 348 889 410 diutius
901 349 1047 412 detentus
1055 348 1258 424 fuerit3item

240 452 396 512 sacerdoti
417 469 474 530 per
494 451 574 512 duos
596 465 733 524 menses;
758 448 910 509 diaconus
931 466 1006 509 vero
1030 446 1191 513 obnoxius
1214 453 1260 507 est

240 549 439 629 suspensioni
454 549 494 610 ab
510 548 597 610 omni
612 547 727 624 officio,
742 547 802 608 nisi
818 545 924 630 dicere
938 546 1100 622 malueris,
1115 563 1193 607 cum
1209 563 1261 606 an·

239 652 386 709 notatore
405 646 599 708 collectionis
620 645 655 706 P.
679 645 853 719 Hardouin,
870 644 1040 706 diaconum
1061 663 1125 710 uno
1148 662 1260 704 mense

239 764 427 825 suspensum
443 745 521 817 lore,
534 749 569 805 ut
583 743 623 804 sit
634 743 742 823 aliqua
755 742 905 820 analogia
917 742 1001 803 inter
1014 759 1126 822 poenas
1140 741 1261 821 quibus

154 832 157 837 ¹
238 843 423 923 Episcopus,
443 842 611 922 presbyter
632 846 663 903 ct
691 841 842 902 diaconus
862 840 1050 901 subduntur.
1081 842 1151 902 Non
1177 838 1262 900 desi-

240 947 357 1020 gnatur
373 939 595 1015 subdiaconus,
612 940 693 1001 forte
704 939 779 1019 quia
789 943 864 1000 tunc
883 937 1035 1018 temporis
1048 937 1264 1000 subdiacona-

238 1042 289 1101 tus
311 1056 375 1100 non
400 1037 626 1099 numerabatur
641 1037 725 1098 inter
748 1054 854 1098 sacros
871 1036 1008 1099 ordines.
1035 1057 1050 1094 u
1069 1035 1259 1108 Minoristae,

241 1132 258 1194 u
273 1135 317 1198 ait
328 1137 477 1213 Ferraris,
494 1136 527 1197 in
540 1153 577 1197 eo
592 1135 695 1216 capite
714 1154 779 1196 non
794 1135 1109 1214 comprehenduntur
1124 1151 1132 1195 z
1150 1137 1261 1195 essent

241 1257 256 1292 u
271 1240 378 1314 tamen
395 1235 525 1295 arbitrio
539 1233 653 1313 judicis
674 1234 844 1313 plectendi,
862 1238 894 1295 et
914 1233 986 1295 ideo
1014 1233 1192 1294 laudantur
1214 1229 1261 1290 illi

239 1341 255 1388 u
269 1332 427 1394 Ordinarii
442 1333 507 1412 qui,
523 1332 581 1392 suh
596 1332 813 1394 determinatis
828 1336 859 1394 et
879 1331 1053 1411 arbitrariis
1073 1329 1191 1411 poenis,
1209 1329 1259 1388 in·

242 1430 428 1491 uterdicunt
450 1429 598 1490 omnibus
620 1430 684 1491 suis
704 1429 825 1492 clericis
847 1427 1031 1508 hujusmodi
1052 1426 1260 1489 venationem
1299 1415 1300 1506 l

243 1547 258 1586 u
272 1531 304 1588 et
315 1527 507 1588 delationem
522 1547 696 1590 armorum.
711 1551 727 1585 »
748 1535 782 1589 v⁰
805 1526 949 1602 Clericus,
967 1531 1027 1590 art.
1043 1544 1083 1599 u,
1096 1524 1258 1586 nl⁸3l-36.

297 1624 387 1696 Quod
399 1625 426 1685 si
436 1625 561 1686 venatio
574 1627 752 1687 clamorosa
760 1645 826 1688 non
837 1608 876 1687 sil
885 1627 1046 1706 frequens,
1057 1643 1115 1686 nee
1126 1622 1260 1684 aliunde

236 1715 311 1784 cum
325 1721 487 1798 seandalo,
501 1723 553 1784 vel
567 1723 691 1801 magnis
705 1707 856 1804 impensis
877 1724 944 1798 fiat,
965 1743 1030 1786 non
1044 1723 1172 1794 videtur
1183 1721 1259 1802 jure

203 1829 206 1839 ¹
237 1821 505 1882 communiverat
516 1821 574 1882 sua
585 1822 686 1900 gravi,
700 1821 792 1901 juxta
803 1811 983 1901 stigma,
995 1821 1050 1881 uu.
1068 1819 1122 1894 111,
1134 1828 1171 1878 n⁰
1181 1820 1255 1880 eos.
1299 1801 1300 1894 l

218 1993 221 2000 Ι
295 1920 335 1980 ll.
352 1919 489 1979 Dubium
502 1924 549 1980 est
562 1937 603 1979 sn
618 1919 771 2006 predicta
779 1920 853 1999 jura
864 1919 1001 1997 intelligi
1021 1919 1170 1991 debeant,
1188 1935 1257 1977 non
1299 1895 1300 1972 l

238 2015 367 2096 quidem
377 2017 415 2076 de
428 2016 595 2078 venatione
608 2035 679 2097 quae
690 2017 856 2098 fitlaqueis
867 2020 899 2079 et
911 2017 1043 2092 retibus,
1055 2033 1152 2096 quam
1161 2032 1259 2075 nemo

234 2113 365 2177 vetitam
380 2119 483 2193 putat,
494 2133 604 2176 verum
617 2114 832 2177 devenatione
844 2133 915 2196 quae
926 2115 963 2176 fit
972 2113 1086 2176 fistulis
1096 2111 1256 2192 igniariis,
1299 2113 1300 2190 j

236 2229 309 2274 cum
323 2231 386 2273 uno
398 2211 446 2275 vel
461 2212 584 2274 duobus
600 2213 742 2275 canibus.
757 2215 830 2275 Haec
843 2213 982 2286 venatio,
1002 2212 1104 2293 qualis
1119 2212 1154 2272 fit
1166 2210 1258 2291 apud

235 2328 293 2372 nos
317 2311 538 2386 communiter,
563 2316 649 2372 estne
672 2311 851 2373 clamorosa
872 2311 923 2374 vel
943 2311 1050 2392 quieta
1069 2310 1258 2372 adsensum
1299 2333 1300 2380 3

235 2409 415 2471 canonum‘l
444 2409 502 2490 (Gt.
526 2409 560 2470 S.
587 2407 731 2487 Liguori,
758 2409 829 2471 loeo
847 2410 962 2494 citato,
988 2417 1023 2469 n⁰
1048 2407 1121 2481 606,
1141 2411 1173 2468 et
1200 2407 1261 2468 Be·
1299 2459 1300 2488 ,

235 2505 307 2565 ned.
330 2506 408 2576 xlv,
431 2504 466 2564 de
488 2503 624 2584 Syoodo,
648 2505 704 2566 lib.
725 2507 777 2581 XI,
794 2525 823 2570 c.
843 2525 874 2583 x,
901 2521 936 2566 n⁰
959 2506 1004 2587 8.)
1025 2504 1259 2566 Existimamus
1299 2497 1300 2506 ³

235 2599 324 2662 illam
350 2601 553 2662 venationem
577 2619 644 2663 esse
670 2603 801 2665 vetitam
825 2605 1011 2680 canonibus
1041 2601 1126 2682 quod
1151 2601 1259 2662 dedu-

236 2693 335 2758 cimus
352 2716 358 2758 ι
377 2699 408 2758 l⁰
424 2715 463 2758 ex
475 2698 609 2760 decretis
627 2693 832 2762 conciliorum
848 2718 919 2781 quae
933 2699 1108 2781 generatim
1125 2697 1261 2760 interdi-
1299 2765 1300 2772 ἵ

236 2798 311 2855 cunt
328 2794 449 2856 clericis
472 2795 649 2874 gestatione
671 2815 851 2874 armorum;
868 2801 901 2858 2⁰
916 2817 956 2860 ex
975 2797 1150 2860 canonibus
1173 2813 1258 2875 quos

235 2892 374 2954 continet
398 2893 510 2954 titulus
532 2893 612 2972 juris
637 2911 710 2960 xxrv
732 2913 772 2958 nn
798 2897 924 2959 Gannico
948 2911 1119 2969 ruunrons,
1143 2893 1200 2955 lib.
1227 2894 1256 2954 V

234 2991 358 3052 Decret.
692 3015 696 3022 .

294 3099 338 3158 Re
357 3099 486 3177 quidem
498 3119 586 3178 vera,
602 3101 695 3164 multi
708 3119 844 3164 canones
862 3100 958 3162 modo
981 3099 1128 3162 absoluto
1141 3101 1259 3158 vetant

233 3213 273 3256 ne
284 3195 390 3258 clerici
405 3216 495 3258 arma
509 3206 633 3278 gestent
650 3218 658 3263 z
674 3219 703 3262 v.
722 3219 767 3280 g.,
781 3218 851 3280 cap.
872 3197 993 3272 Clerici,
1010 3201 1041 3271 2,
1060 3214 1099 3259 nn
1118 3199 1200 3260 Vua
1214 3213 1259 3258 nr

233 3294 420 3358 Houssrnrn
443 3313 627 3360 ctumeonuu
641 3317 648 3360 :
663 3298 779 3360 Clerici
789 3315 876 3360 orma
887 3305 1044 3379 portantes
1053 3293 1259 3357 eacornmuni-
1299 3337 1300 3346 ,

233 3400 346 3452 centur.
365 3394 452 3454 idem
470 3399 615 3457 statuunt
629 3397 780 3476 perplura
794 3399 911 3456 statuta
926 3394 1116 3457 dioecesana.
1138 3393 1254 3461 Perre,

233 3485 302 3550 hac
316 3490 442 3552 decreta
456 3510 549 3553 usum
562 3511 736 3568 armorum,
753 3493 820 3554 sine
833 3492 900 3566 ulla
915 3491 1123 3568 restrictione,
1141 3489 1253 3569 prohi-

232 3583 320 3660 bent,
333 3605 396 3648 uno
412 3592 634 3652 tantummodo
656 3609 730 3652 casu
746 3595 892 3670 excepto,
910 3591 936 3651 si
955 3590 1103 3650 nimirum
1118 3587 1255 3649 clericus

217 3679 456 3762 'peregrinatur
470 3687 523 3748 vel
542 3689 686 3778 periculo
704 3689 884 3768 exponitur.
910 3688 1022 3762 Quoad
1041 3703 1181 3749 canones
1198 3685 1257 3764 qui
