2604 4274
242 288 296 344 428
509 301 586 350 rins
605 303 651 351 111.
673 303 730 352 iilis
750 304 991 355 scctrsttsrtos.

243 421 370 496 reputat
389 435 480 480 novae
498 419 644 481 Ecclesia
666 420 910 494 constmctione,
935 425 1024 498 puta,
1047 418 1075 479 si
1094 415 1264 479 Psroohus

242 514 400 576 existimet
419 518 574 597 capellam
593 518 733 580 construi
746 519 779 578 in
795 517 1015 598 praejudicium
1035 516 1187 578 Ecclesiae
1204 534 1264 594 pa·

170 678 171 681 Ἴ
241 612 400 688 rochialis,
416 615 442 675 si
456 621 628 677 conventus
640 615 845 695 Regularium
858 621 1009 694 queratur
1022 615 1061 677 de
1074 633 1166 676 novae
1184 613 1263 676 aedis

242 712 486 788 constructione,
497 712 615 792 injuris
625 715 683 774 sibi
694 714 818 794 quaesiti
827 723 1011 792 gravamen,
1024 717 1130 793 potest
1140 729 1263 774 novum

241 826 320 888 opus
339 809 425 888 quod
443 810 618 890 incoeptum
639 817 686 872 est
706 812 858 887 auctiore,
883 816 950 871 tum
971 810 1051 871 illud
1073 809 1261 882 aediiicanti,

239 910 308 968 tum
332 907 507 988 Episcop03
531 927 571 970 ex
595 927 658 988 quo
680 915 786 970 autem
813 908 970 969 nuntiatio
995 909 1082 969 iacta
1105 913 1164 975 est.
1189 906 1263 985 jure

240 1005 400 1067 communi
423 1006 640 1086 prescribitur
660 1012 695 1068 ut
714 1025 793 1086 opus
812 995 998 1068 inchoatum
1018 1011 1128 1075 cesset,
1154 1005 1261 1066 donec

239 1104 383 1184 superior
397 1105 452 1184 qui
461 1104 577 1183 judicis
592 1110 699 1184 partes
715 1106 821 1179 habet,
838 1104 954 1166 auditis
969 1105 1119 1185 utrinque
1134 1102 1260 1181 allega-

238 1201 377 1262 tionibus
394 1219 503 1263 aomm
518 1221 653 1282 quorum
673 1203 813 1277 interest,
834 1202 1019 1282 pronuntiet
1038 1221 1080 1262 an
1096 1202 1197 1272 male,
1220 1219 1258 1261 an

237 1298 318 1360 bene
333 1300 467 1362 tundata
482 1301 523 1362 sit
538 1301 697 1381 oppositio
710 1300 887 1380 interjecta.
906 1303 1258 1362 Tresmensesconce·

238 1397 357 1459 duntur
377 1399 535 1460 nuntianti
555 1417 674 1462 novum
695 1418 785 1479 opus,
809 1405 845 1460 ut
863 1397 945 1478 juris
964 1399 1013 1460 sui
1031 1397 1257 1478 praejudioium

237 1497 361 1576 probet.
380 1495 469 1577 (Cap.
485 1495 516 1557 Is
528 1496 587 1575 rui,
599 1501 629 1574 t,
648 1497 717 1559 eod.
734 1497 796 1578 tit.)

227 1609 230 1614 ·
266 1595 270 1605 “
298 1593 391 1654 Tanti
405 1595 499 1655 refert
512 1613 690 1674 praecavere
702 1594 836 1674 injurius
847 1595 939 1656 alteri
948 1594 1142 1667 inferendas,
1157 1599 1195 1654 ut
1204 1592 1256 1671 jus

138 1760 139 1766 ἵ
237 1693 424 1753 canonicum
439 1692 515 1753 olim
534 1693 762 1773 praescripserit
780 1693 866 1774 quod
881 1693 907 1753 si
922 1693 1003 1771 quis,
1024 1691 1115 1752 nulla
1131 1690 1256 1752 ratione

235 1787 350 1861 habita,
360 1790 578 1870 oppositionis,
594 1791 683 1870 operi
694 1791 834 1870 incoepto
847 1808 911 1851 non
924 1789 1155 1870 supersederet,
1168 1794 1254 1848 tene-

235 1891 323 1948 retur
333 1888 486 1968 quidquid
499 1894 571 1969 post
584 1890 700 1950 factam
713 1889 945 1950 nuntiationem
954 1885 1255 1949 aediticatumiucrit

235 1984 407 2058 destrucre,
424 1986 488 2047 suis
502 1987 640 2066 propriis
653 1985 814 2066 impensis.

294 2082 487 2144 Facultatem
504 2082 643 2162 legitime
664 2102 856 2158 concessam,
875 2084 907 2144 id
927 2089 973 2145 est
988 2084 1049 2144 rite
1071 2082 1252 2163 adimpletis

233 2179 479 2242 formalitatibus
490 2181 562 2262 jure
575 2183 777 2263 proscriptis,
791 2183 976 2262 Episcopus,
991 2182 1117 2244 illiusve
1130 2201 1251 2244 succes-

233 2295 295 2354 sor,
313 2296 462 2340 revocere
472 2299 535 2341 non
548 2285 662 2360 potest,
675 2281 849 2360 praesertim
863 2281 889 2342 si
899 2286 1096 2342 exstructum
1102 2280 1173 2360 jam
1185 2281 1249 2341 tuc-

231 2375 273 2437 rit
287 2377 460 2439 oratorium
479 2367 659 2456 publicum;
682 2379 757 2458 quia
776 2379 921 2440 daturin
940 2384 1145 2458 perpetuum,
1161 2378 1248 2440 salvo

231 2480 337 2537 tamen
349 2475 422 2555 jure
435 2475 540 2537 iocum
553 2475 771 2550 interdicendi,
786 2477 812 2537 si
825 2495 920 2538 causa
932 2477 1088 2538 canonica
1100 2477 1247 2539 interces-

230 2573 315 2636 serit.
338 2575 434 2636 Decet
452 2580 488 2635 ut
505 2573 665 2635 indultum
684 2574 866 2654 superioris,
886 2574 1026 2654 legitime
1045 2593 1242 2646 eoncessum,

230 2677 359 2732 maneat
369 2673 464 2733 etiam
478 2678 551 2751 post
564 2671 649 2733 illius
665 2678 810 2734 mortem.
826 2673 999 2753 Episcopus
1013 2673 1113 2752 igitur
1127 2676 1245 2734 factum

229 2768 279 2829 sui
291 2771 496 2832 antecessoris
508 2789 655 2833 revocare
665 2789 730 2832 non
740 2770 845 2844 debet,
857 2771 911 2831 sed
920 2771 1000 2832 iilud
1009 2791 1136 2836 servare
1148 2793 1156 2849 ;
1168 2794 1246 2854 prae-

229 2866 337 2927 sertim
347 2867 450 2946 siquis
459 2869 646 2949 rescriptum
657 2867 1036 2944 obtinuit,detrimentum
1046 2874 1246 2952 experiretur
1297 2877 1298 2882 ’

229 2963 270 3026 ob
285 2964 444 3044 impensas
458 2967 612 3028 hactenus
626 2967 726 3028 tectas
736 2974 759 3028 ¹.

289 3060 437 3124 *549.·=-
456 3065 494 3125 ll.
514 3065 589 3127 Jure
609 3065 770 3127 communi
788 3084 852 3127 nou
871 3066 945 3128 licet
963 3067 1084 3148 erigere
1104 3071 1244 3135 oratoria
1296 3065 1297 3077 ¹

218 3160 352 3242 'privata
359 3161 392 3222 in
400 3162 515 3242 quibus
524 3162 626 3225 Missae
639 3164 846 3238 celebrentur,
858 3164 919 3226 nisi
931 3183 971 3226 ex
979 3166 1147 3232 indultos.
1163 3172 1245 3234 Pon·
1295 3221 1296 3265 ,

194 3287 197 3292 ·
226 3258 329 3334 tittcis,
346 3260 485 3340 exceptis
500 3260 624 3322 casibus
638 3279 713 3322 mox
731 3263 955 3324 memorandis.

288 3357 417 3420 Saeoulis
427 3363 501 3419 aute
512 3357 681 3420 concilium
693 3358 911 3420 Tridentinum
921 3359 1047 3441 elapsis,
1059 3363 1171 3428 fideles
1181 3370 1244 3432 fre·
1294 3425 1295 3453 ,

227 3462 360 3538 quanter
383 3456 609 3536 confugiebant
637 3458 677 3518 ad
705 3457 760 3518 SS.
790 3458 959 3520 Pontifices
987 3452 1022 3523 ut
1050 3467 1242 3532 auctoritate

226 3555 400 3636 apostolice
419 3555 599 3618 obtinerent
616 3555 801 3618 facultatem
820 3555 960 3636 habendi
979 3561 1154 3626 oratorium
1174 3567 1241 3645 pri-

274 3709 296 3758 t.
309 3707 347 3757 Gi.
365 3707 520 3758 Tbescmcm
539 3706 732 3760 Resolutionum
751 3707 778 3759 S.
798 3705 879 3773 eona.
898 3707 1018 3773 Consilii,
1035 3713 1050 3763 6
1069 3712 1142 3778 junii
1166 3716 1243 3794 toto,

255 3794 292 3832 m.
311 3782 339 3843 C,
356 3795 418 3848 pag.
436 3786 547 3836 trs-189.
