2642 4270
226 220 279 298 oca
310 275 315 288 .
490 248 630 298 rursm.
651 249 708 298 aas
726 248 972 298 seclususnca.

225 365 385 447 parochiis
401 366 643 428 deservientium
657 366 888 440 sustentationi,
898 366 1166 446 praesumendum
1180 385 1239 427 non

227 471 324 526 estut
339 483 464 527 omnem
480 483 587 526 curam
603 465 741 526 dimittat
757 465 796 526 de
814 465 1053 526 conservatione
1069 469 1102 525 et
1122 464 1239 528 aliena-
1298 451 1299 460 ¹

225 564 311 624 tione
320 563 477 624 Bonorum
487 562 601 641 quibus
612 563 854 624 communitates
863 562 1083 623 ecclesiasticae
1095 561 1156 622 sibi
1167 580 1241 641 par-

226 661 283 722 tim
301 660 474 722 sufficiunt.
495 661 573 722 Cum
587 679 662 722 vero
683 679 722 722 cx
733 661 921 722 inconcussa
940 660 1086 720 doctrina
1104 659 1239 722 catholi-

227 777 347 832 corum,
367 776 417 820 res
437 776 535 820 sacrae
560 758 826 820 administrationi
843 753 990 820 Ecclesia
1010 757 1200 837 subjaceant
1213 763 1242 818 et

226 856 365 917 Ecclesia
379 856 442 916 suis
453 855 578 935 juribus
596 855 686 917 nulla
699 861 855 934 potestate
872 856 1014 916 humana
1029 854 1151 933 privari
1165 855 1240 933 legi·
1300 879 1301 916 i

227 953 303 1014 time
318 954 428 1031 possit,
444 953 513 1016 haec
527 952 669 1015 notanda
682 953 826 1014 ducimus
843 971 851 1013 ι
1301 1022 1302 1036 ¹

288 1052 319 1109 1ο
334 1051 426 1112 ilatio
441 1050 590 1112 habenda
614 1057 682 1112 erat
698 1050 926 1130 jurisdictionis
943 1049 1122 1129 primorum
1136 1055 1240 1128 pasto·
1301 1042 1302 1064 ³

228 1167 298 1210 rum
320 1149 352 1208 in
377 1149 517 1226 gestione
539 1150 695 1210 bonorum
715 1147 1011 1211 ecclesiasticorum.
1036 1150 1131 1221 Casu,
1149 1165 1240 1230 ag„

228 1265 291 1326 quo
317 1247 419 1308 oritur
437 1247 601 1320 conflictus
624 1247 706 1307 inter
729 1247 920 1326 Episcopum
946 1251 978 1306 et
1008 1245 1188 1323 capitulum
1206 1245 1242 1305 de
1302 1295 1303 1324 ,

228 1345 368 1422 gestione
383 1345 539 1406 bonorum
550 1363 667 1406 mensae
680 1344 876 1425 capitularis,
893 1344 943 1404 vel
960 1343 1042 1404 inter
1062 1342 1242 1404 Parochum
1302 1349 1303 1354 ’

157 1445 161 1452 “
228 1447 260 1502 et
281 1443 446 1514 fabricam,
470 1444 520 1502 lex
541 1443 651 1504 statuit
666 1461 794 1504 causam
809 1442 1013 1502 deferendam
1037 1458 1105 1501 esse
1130 1439 1170 1499 ad
1182 1439 1241 1499 mi-

149 1545 151 1549 ’
228 1538 361 1601 nistrum
386 1539 543 1617 gubernii,
558 1541 648 1620 cujus
674 1541 732 1603 erit
751 1556 875 1602 summo
888 1538 960 1618 jure
978 1538 1152 1604 decernere
1163 1540 1244 1597 inter

228 1641 334 1713 partes
347 1637 616 1698 contradicentes:
634 1638 761 1716 quando
775 1637 986 1704 necessarium
1000 1636 1127 1696 videtur
1141 1652 1244 1694 remo·

228 1750 301 1794 vere
316 1752 476 1795 amunere
493 1735 628 1797 alterum
643 1754 660 1796 e
676 1735 863 1798 consiliariis
878 1734 1016 1816 fabricae,
1025 1739 1082 1793 aut
1093 1749 1245 1794 renovare

229 1845 269 1890 ex
284 1830 407 1910 integro
430 1832 607 1907 consilium,
628 1833 783 1913 Episcopo
798 1833 831 1892 id
846 1831 949 1894 solum
963 1831 1116 1895 tribuitur
1126 1834 1163 1890 ut
1175 1847 1246 1889 suas

229 1928 375 2006 querelas
402 1931 443 1992 ad
458 1930 634 1991 ministrum
649 1930 775 2010 dirigat,
792 1930 847 2010 qui
861 1933 978 1991 statuet
993 1927 1071 2008 quid
1087 1931 1246 2006 opportu-

228 2043 306 2086 num
322 2026 492 2088 arbitratus
506 2029 583 2090 sit...
602 2049 608 2090 :
624 2028 693 2090 baec
709 2029 814 2090 atalia
827 2026 1010 2107 hujusmodi
1024 2025 1170 2105 probare·
1185 2042 1247 2084 non

136 2119 140 2142 ’
228 2141 411 2202 possumus;
429 2143 486 2186 cur
500 2127 583 2186 enim
605 2127 760 2188 sententia
770 2125 943 2198 definitiva,
957 2124 1038 2184 iniis
1049 2141 1122 2202 quae
1134 2122 1246 2201 guber·

145 2270 147 2274 .
229 2220 318 2281 nium
344 2240 409 2282 non
435 2223 637 2302 obstringunt
662 2224 846 2288 necessitate
873 2223 1031 2303 impensas
1061 2239 1100 2280 ex
1135 2220 1248 2282 aerario

229 2318 357 2396 publico
391 2318 558 2394 subeundi,
590 2339 654 2382 non
680 2315 868 2382 adscribitur
889 2319 991 2398 judici
1017 2317 1247 2390 ecclesiastico,

229 2432 302 2476 eum
320 2417 471 2478 facultate
491 2417 675 2498 appellandi
688 2419 728 2480 ad
742 2418 937 2497 superiorem
948 2417 982 2475 in
994 2415 1106 2476 eodem
1123 2413 1248 2488 ordine,

229 2513 351 2576 scilicet
364 2515 405 2575 ad
418 2515 698 2594 Metropolitanum
722 2522 752 2578 et
769 2517 810 2577 ad
831 2513 1091 2577 S.'Pontilicem‘l
1112 2510 1252 2590 Expedit

230 2609 344 2687 solum,
358 2617 393 2671 ut
404 2613 530 2690 quando
543 2613 648 2693 agitur
658 2615 696 2675 dc
706 2613 895 2675 alienatione
907 2610 1133 2684 immobilium,
1146 2607 1200 2669 vel
1215 2609 1252 2669 de

229 2706 380 2785 impensis
389 2727 460 2787 quae
472 2711 629 2772 excedunt
638 2711 779 2772 redditus
791 2710 1005 2772 Ecclesiarum
1019 2713 1050 2768 et
1064 2706 1253 2785 municipiis

229 2803 450 2884 imponuntur,
469 2809 549 2868 nihil
562 2810 730 2870 deliniatur
741 2809 801 2870 nisi
816 2827 854 2870 ex
872 2813 984 2868 mutuo
1000 2823 1170 2867 consensu.

289 2907 323 2962 '20
346 2904 490 2981 AEquitas
506 2911 590 2968 certe
604 2907 759 2968 suadebat
781 2911 816 2966 ut
830 2904 1015 2985 hujusmodi
1034 2901 1166 2981 negotia
1191 2920 1254 2963 non

230 2999 321 3062 aliter
338 3008 621 3080 componerentur;
645 3004 800 3082 siquidem
815 3002 971 3082 agebatur
991 3001 1029 3061 de
1044 2999 1253 3060 administra-

228 3098 314 3160 tione
342 3100 501 3161 bonorum
523 3101 557 3161 in
582 3119 653 3180 qua
675 3100 815 3164 Ecclesia
839 3100 892 3180 jus
919 3104 1039 3161 certum
1068 3097 1185 3159 babet.
1211 3099 1254 3157 Re

146 3237 147 3240 κ
230 3196 357 3274 quidem
372 3216 459 3273 vcra,
476 3198 562 3262 bona
575 3200 722 3262 Ecclesia
734 3199 926 3279 proveniunt
940 3216 979 3258 cx
994 3193 1252 3270 fundationibus,

229 3293 280 3354 vel
293 3313 332 3354 ex
349 3295 564 3358 oblationibus
579 3297 731 3372 tidelium,
747 3297 798 3359 vel
813 3315 853 3358 ex
865 3294 1081 3358 contractibus
1096 3292 1251 3365 onerosis,

229 3409 284 3452 seu
296 3392 426 3454 tandem
439 3412 479 3456 cx
494 3395 651 3457 Gubernio
665 3395 751 3475 quod
765 3413 803 3457 ca
822 3395 876 3455 dat
889 3393 923 3454 in
933 3392 1132 3454 dotationem
1145 3389 1252 3450 titulo

230 3507 302 3548 rum
315 3490 613 3566 ecclesiasticorum,
631 3499 661 3554 et
686 3493 727 3554 ad
741 3492 992 3554 subveniendum
1010 3487 1253 3549 necessitatibus

230 3586 333 3647 cultus
347 3588 477 3666 publici.
493 3592 536 3650 De
552 3590 653 3652 tribus
665 3591 823 3670 prioribus
840 3589 930 3650 nulla
944 3587 1021 3650 oriri
1035 3591 1144 3666 potest
1159 3584 1251 3645 dubi-

230 3681 320 3759 tatio,
332 3684 409 3762 quin
421 3684 563 3765 legitimo
571 3685 663 3750 titulo
674 3688 735 3750 siut
745 3689 803 3767 sub
811 3688 885 3768 jure
895 3690 927 3748 ct
936 3683 1078 3747 dominio
1087 3683 1250 3755 Ecclesia,
