2568 4272
166 269 234 316 sur.
255 269 285 314 V.
306 268 343 316 DE
363 269 615 319 oeulonrlotleus
634 268 749 319 STATUS
769 265 931 316 notiorem.
1006 259 1058 314 285

42 385 90 448 rel
102 385 199 446 simili
210 385 330 458 forma3
348 385 406 445 sub
418 385 549 460 veniali,
565 386 593 447 si
614 387 677 447 alia
692 385 795 446 forma
808 381 979 444 remissiori
992 387 1061 444 uta·

40 491 104 561 tur3
120 483 180 544 sub
195 501 291 563 poena
305 482 480 559 subeunda,
498 484 575 564 quin
589 485 658 544 ulla
671 483 711 543 sit
727 480 880 560 obligatio
896 479 1058 542 conscien-

41 582 101 656 tiae,
115 581 243 660 quando
258 580 304 641 ita
316 598 366 640 res
379 581 592 642 communiter
605 581 740 642 sumitur
757 598 796 641 ex
810 597 869 640 usu
881 584 1009 657 recepto
1022 577 1055 638 in

43 679 161 741 ordine.

97 776 167 837 tle.
186 809 226 820 —-
239 776 277 836 ll.
290 775 429 852 Regulae,
443 776 469 837 si
478 774 714 854 distinguantur
726 793 745 838 a
758 772 1052 846 constitutionibus,

44 879 114 935 sunt
135 877 254 934 statuto
273 873 434 951 generalia
448 891 468 934 a
483 874 651 934 fundatore
668 873 756 947 data,
770 879 801 934 et
814 889 898 951 saepe
910 870 1057 950 pluribus

44 970 338 1050 congregationibus
361 971 553 1047 communia,
576 971 690 1050 quibus
710 970 780 1032 aliae
800 967 1054 1048 praescriptiones

44 1069 138 1146 magis
153 1067 307 1146 speciales
319 1067 434 1129 additae
448 1072 522 1129 sunt
535 1068 724 1129 auctoritate
734 1067 887 1146 legitima,
900 1065 942 1126 ad
955 1065 1054 1126 finem

44 1166 202 1246 proprium
216 1165 366 1239 Instituti,
379 1166 437 1226 sub
447 1167 575 1228 nomine
590 1165 838 1239 ordinationum,
853 1163 1054 1224 constitutio-

43 1282 123 1337 num,
139 1261 242 1324 aliove
255 1263 357 1324 titulo.
372 1264 470 1324 Porro
485 1263 605 1341 regulae
620 1268 651 1324 et
667 1261 906 1324 constitutiones
921 1259 1054 1320 diversi-

45 1360 131 1422 mode
143 1360 297 1438 obligant,
314 1359 394 1421 sicut
408 1367 568 1441 praecepta
582 1361 790 1440 superiorum,
803 1359 872 1420 aliae
885 1358 943 1419 sub
952 1357 1052 1436 gravi,

46 1458 106 1520 alia
123 1458 179 1519 sub
193 1458 267 1534 levi,
289 1457 359 1519 aliae
380 1458 580 1519 communius
598 1463 724 1520 tantum
741 1457 936 1537 adponam,
958 1459 1054 1534 prout

46 1555 216 1616 declaratur
229 1554 261 1614 in
274 1554 415 1634 ipsismet
428 1557 558 1635 regulis,
573 1557 626 1618 vel
645 1555 856 1618 communiter
867 1553 1057 1631 intelligitur

47 1654 74 1713 in
86 1653 206 1718 ordine.

97 1751 156 1823 Qui
168 1751 338 1830 profitetur
349 1751 536 1831 religionem
558 1771 622 1814 non
639 1757 733 1813 vovet
747 1750 853 1812 omnia
876 1755 907 1811 et
929 1748 1055 1828 singula

47 1866 162 1910 servare
178 1867 251 1928 quae
272 1849 305 1908 in
326 1849 438 1927 regula
455 1850 669 1924 continentur,
689 1849 745 1911 sed
757 1853 851 1910 vovet
872 1847 1053 1925 regularem

46 1947 133 2008 vitam
160 1947 255 2026 juxta
288 1948 509 2028 praescriptum
544 1948 664 2028 regulae
690 1965 698 2008 :
732 1945 821 2027 alqui
850 1944 963 2024 regula
989 1963 1054 2005 non

49 2045 218 2125 prescribit
227 2046 538 2125 omniasubpeceato
547 2046 750 2119 mortali,sed
761 2045 1056 2124 quaedamtantum,

48 2162 78 2204 ea
88 2144 263 2223 praesertim
281 2163 352 2224 quae
368 2150 513 2223 spectant
530 2146 570 2206 ad
585 2145 646 2206 tria
656 2150 732 2206 vota
747 2142 968 2204 substantialia
981 2141 1053 2202 vitae

48 2242 204 2322 religiosae.
220 2242 291 2303 Alia
304 2242 481 2321 prescribit
496 2243 554 2303 sub
564 2242 692 2315 veniali,
711 2241 821 2321 quales
836 2244 908 2300 sunt
922 2238 1056 2300 exterio-

48 2356 90 2398 res
103 2339 311 2400 observantiae
322 2357 393 2418 quae
404 2339 540 2400 multum
550 2339 732 2400 conducunt
742 2337 783 2400 ad
796 2343 941 2399 votorum
951 2335 1059 2397 obser·

48 2437 193 2512 vantiam;
208 2438 354 2515 quaedam
364 2437 423 2498 sub
436 2455 533 2516 poena
544 2443 680 2513 tanturn,
692 2442 728 2497 ut
736 2440 809 2497 sunt
819 2433 968 2496 exercitia
978 2451 1057 2514 quo-

48 2532 167 2609 tidiana,
182 2534 353 2608 silentium,
368 2534 481 2596 modus
497 2552 560 2614 quo
574 2535 707 2614 quisque
717 2553 774 2596 suo
787 2532 892 2595 officio
904 2531 1057 2609 fungide·.

48 2629 123 2703 beat,
137 2637 169 2692 et
183 2630 248 2693 alia
257 2631 444 2711 hujusmodi
459 2651 531 2711 quae
546 2632 664 2693 directe
680 2651 745 2693 non
755 2630 906 2708 ‘obligant
923 2629 955 2689 in
975 2647 1060 2690 con··

48 2727 175 2804 scientia,
194 2729 266 2790 lieet
280 2731 424 2810 superior
433 2728 505 2808 jure
521 2730 621 2810 possit
632 2729 851 2808 delinquentes
865 2726 978 2808 punire
991 2745 1053 2805 pro
1127 2805 1131 2814 Ι

50 2827 136 2900 gradu
148 2829 422 2906 transgressionis;
437 2829 506 2891 haec
518 2829 601 2890 enim
624 2847 690 2890 non
710 2832 784 2888 sunt
800 2827 886 2887 nuda
904 2824 1058 2904 consilia,

51 2939 96 2983 seu
110 2926 238 2997 monita,
252 2927 306 2986 sed
322 2927 441 3004 regulae
454 2927 582 3006 proprie
597 2926 701 3000 dictae,
713 2945 750 2987 ac
762 2925 917 3004 religiosis
929 2923 970 2986 ab
981 2941 1054 2984 auc·

51 3021 162 3084 toritate
181 3023 327 3103 legitima
346 3024 504 3104 imposilae
542 3043 601 3103 per
622 3025 753 3086 modum
774 3023 864 3101 legis.
886 3023 921 3082 ln
943 3021 1053 3082 multis

50 3119 199 3181 ordinibus
218 3121 383 3200 religiosus
400 3141 464 3184 non
484 3128 579 3184 vovet
594 3141 719 3184 servare
735 3121 889 3200 regulam,
905 3120 960 3181 sed
980 3119 1055 3180 obe·

51 3213 106 3276 dire
127 3219 299 3279 secundum
327 3221 482 3297 regulam.
510 3219 670 3299 (Billuart,
692 3219 815 3280 dissert.
841 3235 878 3293 11,
903 3221 962 3278 art.
985 3232 1048 3289 V11;

50 3311 160 3390 Suarez,
177 3321 253 3377 tom.
268 3318 319 3388 lv,
335 3317 392 3378 lib.
408 3319 433 3389 l,
446 3336 516 3395 cap.
532 3334 567 3390 11,
584 3316 650 3395 111.)

3 3479 4 3484 η
100 3412 229 3473 billuart
247 3420 379 3475 testatur
398 3416 525 3494 regulas
545 3421 576 3475 et
591 3414 831 3476 constitutiones
850 3412 970 3474 ordinis
988 3414 1049 3475 FF.

3 3499 4 3584 ζ
52 3505 282 3572 Praedicatorum
308 3530 372 3572 non
400 3513 445 3572 ita
467 3512 608 3591 obligare
632 3518 668 3573 ut
687 3513 815 3573 illarum
841 3510 1048 3588 transgressio

3 3603 4 3612 ’
54 3613 202 3668 censeatur
220 3615 384 3688 peecatum
404 3610 500 3671 etiam
518 3611 653 3673 veniale.
676 3610 764 3673 Idem
780 3613 914 3680 testatur
934 3610 1049 3672 Suarez

4 3773 5 3792 ἶ
54 3700 85 3762 de
100 3704 247 3768 Societate
261 3707 346 3780 Jesu,
364 3706 397 3767 in
417 3726 481 3788 qua
496 3708 679 3770 authentice
694 3708 891 3770 declaratum
905 3707 966 3768 luit
980 3707 1049 3768 uni·
