2588 4276
236 275 288 328 ⁶218
576 279 653 328 rins
672 278 705 327 11.
727 277 909 328 arcuimus,

234 399 376 478 legitima
391 398 539 460 filiorum.
556 396 635 458 Hinc
651 396 777 458 axioma
794 414 801 456 ε
821 395 976 477 Quidquid
988 395 1121 477 acquirit
1141 412 1249 456 moac-

234 497 314 574 clius,
327 498 460 578 acquirit
475 496 664 558 monasterio.

293 595 519 658 Monastcrium
540 593 658 656 scilicet
673 595 724 655 cui
740 613 856 656 vovens
872 613 906 655 se
921 612 1039 674 suaque
1051 593 1127 674 jura
1141 591 1250 652 trade·

232 695 298 768 bat,
322 693 508 774 acquirebat
520 692 703 754 immediate
726 692 811 753 bona
832 711 914 772 quae,
931 692 1024 753 titulo
1039 690 1249 764 haereditatis,

233 792 334 854 aliave
348 791 482 866 ratione,
499 791 539 852 ad
557 790 739 870 religiosum
759 789 1016 852 devolvebantur.
1039 793 1115 852 Haec
1130 789 1250 851 consti-

233 890 311 952 tutio
332 891 428 970 injus
447 908 615 952 commune
636 889 771 964 transiit,
793 895 829 950 ut
843 888 1121 969 testanturplures
1144 894 1251 950 textus

229 987 309 1068 juris
324 979 476 1050 canonici.

291 1089 429 1150 Decursu
442 1093 638 1167 temporum,
655 1091 797 1166 potestas
813 1086 923 1166 civilis,
933 1087 965 1148 in
975 1087 1076 1150 Gallia
1087 1087 1165 1150 etin
1177 1107 1251 1148 non-

231 1185 325 1248 nullis
346 1185 468 1248 caeteris
488 1186 680 1265 regionibus,
696 1186 792 1248 aliam
815 1205 921 1248 rerum
943 1187 1182 1248 ordinationem
1207 1187 1251 1247 in-

229 1284 320 1345 duxit
334 1305 404 1366 quae
420 1284 550 1347 minime
560 1284 719 1346 consentit
733 1303 805 1346 cum
814 1285 1030 1346 sanctionibus
1045 1285 1212 1348 canonicis
1220 1292 1249 1346 et

229 1383 387 1444 contraria
399 1389 445 1446 est
463 1382 592 1445 utilitati
606 1383 881 1446 monasteriorum.
899 1385 997 1462 Leges
1009 1403 1124 1464 nempe
1141 1384 1248 1446 condi-

229 1481 275 1543 dit
287 1481 402 1562 quibus
411 1481 549 1559 religiosi
561 1481 729 1562 incapaces
737 1481 935 1544 allicerentur
945 1483 1083 1544 testandi
1094 1489 1128 1545 et
1143 1502 1248 1545 succe·

188 1629 190 1632 ,
227 1579 334 1653 dandi,
349 1580 459 1641 eodem
478 1579 572 1641 modo
592 1597 629 1641 ao
649 1579 783 1642 civiliter
795 1581 912 1642 mortui
929 1599 937 1642 :
954 1583 1040 1644 bona
1053 1581 1247 1661 temporalia

228 1677 397 1756 dequibus
414 1684 487 1740 autc
500 1678 728 1758 professionem
743 1698 807 1740 non
823 1678 1052 1759 disposuerant,
1072 1680 1142 1761 ipso
1160 1681 1244 1760 jure,

227 1794 265 1838 ac
278 1776 304 1836 si
319 1776 434 1837 mortui
448 1776 579 1838 luissent
593 1776 631 1838 ot
651 1778 801 1853 incestato,
828 1778 1078 1840 devolvebantur
1098 1779 1141 1840 ad
1158 1777 1245 1858 ipso·

226 1892 296 1935 rum
323 1881 481 1955 parentes,
509 1881 632 1938 servato
659 1877 768 1938 ordine
799 1877 960 1938 communi
994 1877 1242 1940 successionum.

226 1973 826 2054 Sic‚excmplicausa‚edictumregium
835 1976 1241 2050 Ludovicinll,an.1629,

225 2076 284 2133 art.
301 2087 333 2135 ix
350 2089 358 2134 :
378 2093 392 2132 u
406 2075 522 2135 Toutes
537 2092 709 2153 personnes
725 2075 789 2153 qui,
807 2077 900 2154 apres
914 2074 979 2134 l'an
995 2076 1033 2135 de
1050 2074 1240 2154 profession,

229 2197 243 2227 «
266 2177 381 2234 auront
394 2172 459 2252 pris
470 2171 584 2233 l'habit
597 2173 637 2234 de
651 2172 806 2250 religieux
815 2173 931 2252 profes,
945 2173 985 2234 de
998 2172 1136 2252 quelque
1149 2173 1242 2234 ordre

229 2296 243 2325 ι(
266 2291 327 2351 que
343 2289 378 2332 ce
390 2271 488 2334 soit...
505 2278 613 2333 seront
626 2276 754 2332 censeas
767 2276 798 2332 et
811 2275 957 2351 rc'pute'es
972 2273 1090 2350 profes,
1107 2277 1151 2346 et,
1166 2290 1240 2351 par·
1292 2277 1293 2302 l

227 2394 243 2428 u
265 2376 345 2447 lant,
365 2369 547 2450 incapables
566 2370 605 2430 de
624 2369 767 2450 disposer
784 2371 823 2431 de
836 2369 922 2433 leurs
940 2371 1041 2445 biens,
1057 2371 1242 2432 succcdera

227 2494 242 2526 α
265 2470 349 2531 leurs
369 2475 510 2550 parents,
526 2467 559 2528 ni
579 2469 721 2530 recevoir
741 2487 862 2530 aucune
877 2469 1040 2531 donation.
1058 2493 1073 2524 »
1095 2471 1241 2542 Quonam

224 2573 367 2648 tempore
392 2569 461 2631 haeo
485 2585 567 2629 nova
592 2567 748 2646 legislatio
767 2568 933 2648 incoeperit
955 2567 988 2628 in
1014 2567 1132 2641 Galliis,
1157 2566 1240 2628 etin
1291 2583 1292 2630 l

224 2666 294 2728 aliis
308 2666 500 2745 regionibus,
514 2665 714 2746 ignoramus3
735 2667 790 2728 sed
809 2666 1099 2747 probabilissimum
1115 2671 1239 2727 estnon

223 2765 360 2843 viguisse
376 2769 448 2826 ante
466 2765 617 2826 sacculum
638 2783 700 2829 xvi.
716 2765 763 2826 Ex
784 2771 859 2826 tunc
879 2764 1051 2827 auctoritas
1069 2764 1169 2826 civilis
1192 2764 1237 2824 in·

223 2864 326 2926 tendit
343 2863 606 2926 monasteriorum
627 2865 713 2925 bona
725 2863 930 2938 imminuere3
950 2863 1036 2942 quod
1055 2863 1131 2924 satis
1155 2862 1238 2924 indi·
1290 2887 1291 2928 l

224 2967 298 3030 cant
312 2962 523 3041 edictaregia;
534 2981 629 3024 nemo
645 2961 772 3024 aliunde
786 2980 851 3023 non
864 2962 950 3023 videt
965 2981 1062 3042 quam
1075 2960 1236 3035 facillime,

222 3062 281 3130 sub
301 3060 404 3140 specie
420 3060 500 3140 juris
519 3059 712 3122 familiarum
735 3065 767 3121 et
787 3059 893 3122 aerarii
917 3060 1049 3141 publici,
1068 3059 1237 3140 magistra·

223 3168 273 3226 tus
287 3160 337 3221 his
350 3158 600 3222 ordinationibus
614 3159 703 3222 abuti
717 3159 877 3239 potuerint
896 3159 930 3220 in
944 3158 1115 3238 perniciem
1138 3164 1237 3220 status

223 3259 375 3338 religiosi.
898 3329 900 3333 ⁸
944 3335 948 3340 Ι

281 3357 479 3438 incapacitas
497 3356 596 3444 civilis
609 3377 672 3420 non
686 3358 822 3438 amplius
838 3359 1016 3420 admittitur
1029 3360 1062 3420 in
1077 3357 1234 3420 societati·

222 3457 281 3522 bus
294 3455 463 3522 modernis.
480 3457 674 3519 permanent
687 3475 762 3517 vero
784 3458 962 3518 sanctiones
977 3458 1149 3531 canonica,
1166 3474 1234 3518 cum

223 3554 480 3634 temperamentis
488 3553 749 3633 quihusEcclesia
758 3557 912 3617 utendum
918 3555 1041 3635 judicat
1048 3574 1106 3635 pro
1114 3555 1234 3616 ratione
1288 3559 1289 3568 ’

222 3660 417 3734 temporum
435 3653 518 3714 uude
533 3653 677 3732 sequitur
688 3654 852 3732 religiosos
861 3655 1028 3716 succedere
1038 3654 1231 3735 parentibus,

222 3753 394 3820 secundum
414 3750 500 3830 leges
519 3751 656 3831 petuas,-
675 3771 738 3814 non
756 3771 844 3815 secus
859 3772 897 3816 ac
911 3753 1017 3816 catari
1034 3754 1128 3829 cives,
1143 3758 1176 3814 ct
1198 3751 1233 3812 dc
1287 3795 1288 3802 .
