2604 4274
241 317 294 372 442
447 357 450 364 .
507 323 580 371 PARS
600 323 647 370 lll·
670 323 728 370 RES
747 319 990 371 ccccccltsrlcn.

242 447 325 515 cent,
348 440 435 500 nulla
452 439 595 500 adhibita
613 436 812 499 distinetione
830 437 915 498 inter
928 436 1097 498 haereticas
1112 433 1262 496 notorias

242 539 401 619 privatim,
416 543 450 598 et'
462 537 627 598 haereticos
643 537 697 615 qui
707 536 747 597 ad
757 537 879 597 sectam
891 540 1070 614 separatam
1083 534 1263 612 pertinent,
1287 599 1288 608 ,

243 638 338 698 mado
362 653 425 696 nnn
448 634 564 695 luerint
588 633 796 695 denuntiati:
822 656 839 689 a
863 633 954 696 Si'in
973 632 1115 693 Ecclesia
1140 630 1263 692 fuerint

248 734 391 813 «sepulti
406 732 546 794 haeretici
561 751 625 792 nan
637 731 813 792 denuntiati
823 730 1024 809 nominatim,
1039 728 1167 791 etiamsi
1178 727 1264 790 alias

243 854 259 888 «
276 830 478 907 notariinon
488 834 632 890 censetur
644 827 764 890 violata
772 817 923 901 Ecclesia,
939 846 996 890 uec
1010 827 1135 905 indiget
1146 845 1261 888 recan-

247 950 262 987 a
275 928 437 991 ailiatiene
451 950 481 1002 a,
497 927 542 988 ait
555 927 706 1002 charis,
722 926 776 1006 qui
791 927 825 987 in
839 927 877 988 e'o
892 926 962 988 aliis
981 905 1168 987 ductoribui
1182 941 1261 986 con·

243 1027 348 1089 sentit.
366 1026 418 1108 (V⁰
431 1025 580 1100 Ecclesia,
593 1031 652 1086 art.
669 1043 710 1100 ru,
725 1032 760 1084 η’
773 1025 837 1101 54.)

302 1125 396 1186 Aliud
410 1121 541 1186 dubium
555 1127 700 1185 movetur
714 1141 756 1184 en
770 1123 934 1202 sepultura
953 1121 1085 1183 infantis
1098 1139 1165 1182 non
1179 1121 1262 1199 bap-

242 1223 338 1299 tizati,
355 1223 410 1284 scd
424 1241 463 1284 ex
473 1222 657 1301 parentibus
672 1221 820 1282 fidelihus
830 1221 908 1296 nati,
925 1220 1088 1301 polluatur
1102 1218 1257 1281 Ecclesia.
1288 1247 1289 1274 r

244 1321 447 1384 Gcmmunior
460 1319 731 1398 apinio'aiflrmat.
744 1319 855 1380 Plures
865 1323 972 1380 tamen
985 1319 1074 1379 haud
1088 1317 1167 1378 levis
1182 1334 1261 1377 anc-

242 1415 377 1478 toritatis
399 1417 457 1478 viri
481 1417 573 1488 aliter
596 1417 737 1478 sentiunt
761 1415 970 1478 :existimant
993 1413 1112 1477 seilicet
1126 1433 1194 1476 non
1207 1420 1259 1475 tu-

244 1515 430 1576 mulandum
450 1531 516 1575 esse
536 1514 690 1575 infantem
710 1515 743 1591 in
766 1511 915 1588 Ecclesia,
939 1513 998 1575 n'ec
1022 1514 1055 1573 in
1079 1511 1261 1574 ammalario

205 1613 207 1615 ’
243 1611 428 1685 henedict03
450 1611 476 1672 si
496 1618 604 1673 tamen
625 1612 792 1690 contigerit
812 1631 885 1674 eum
904 1611 1023 1673 ibidem
1038 1610 1174 1690 sepeliri,
1196 1627 1259 1670 non

242 1708 356 1770 exinde
371 1710 471 1788 pollui
485 1710 589 1771 lacum
600 1728 736 1770 sacrum.
749 1712 868 1771 Textus
877 1728 957 1788 quas
966 1709 1140 1771 canonista
1149 1708 1182 1769 in
1190 1725 1259 1769 con

243 1807 377 1867 trarium
390 1806 552 1886 invocant,
569 1825 683 1886 nempe
698 1825 767 1869 can.
779 1805 818 1867 27
834 1812 867 1868 et
876 1808 916 1868 28
926 1806 1092 1867 distincti
1105 1803 1258 1867 aerane-

243 1904 376 1966 cratianc
397 1905 483 1983 apud
505 1905 701 1977 Gratianum,
724 1923 790 1966 non
811 1903 1025 1966 statuuntde
1041 1903 1101 1966 tali
1124 1903 1253 1974 infante,

243 1999 352 2070 sedile
375 2019 501 2081 pagano
524 2007 555 2062 et
577 2002 709 2064 infideli.
727 2005 789 2063 Nec
809 2007 857 2063 cst
880 2002 1014 2063 rationis
1032 2001 1157 2080 paritas,
1176 1998 1255 2077 quia

242 2098 360 2178 pagani
374 2104 406 2160 et
419 2099 563 2160 infideles
582 2101 778 2161 detestantur
797 2099 893 2161 lldcm
915 2099 1134 2171 christianam,
1151 2102 1191 2171 et,
1213 2096 1257 2156 ab

150 2260 152 2268 ,
243 2213 313 2258 eam
328 2197 524 2276 potissimum
540 2216 679 2272 cainam,
693 2198 764 2259 illas
776 2198 941 2278 sepultura
955 2191 1255 2258 christianaalieuas

243 2293 310 2356 es'se
333 2293 435 2357 valuit
454 2291 610 2370 Ecclesia3
628 2302 661 2356 at
683 2296 818 2357 inientes
841 2295 1089 2359 christianarum
1111 2294 1203 2354 fldem
1224 2297 1254 2352 et

243 2412 410 2473 personam
431 2399 599 2473 parentum
617 2399 857 2474 repraesentant,
878 2393 910 2453 in
926 2411 1071 2473 quorum.
1083 2391 1180 2453 etiam
1193 2389 1248 2450 lida

242 2491 457 2570 baptizantur,
472 2489 568 2572 atque
583 2489 811 2573 consequenter
822 2494 912 2554 nulla
923 2488 1134 2564 inarescentia
1146 2491 1253 2568 irroga·

244 2593 295 2648 tur
309 2589 379 2651 loco
392 2609 482 2652 sacro
500 2589 540 2652 cx
558 2591 685 2652 illarum
700 2591 875 2671 sepultura.
897 2590 946 2652 lta
964 2587 1251 2668 Schmalzgraebcr,

243 2687 355 2762 linget
370 2688 425 2748 alii
435 2689 607 2751 canonista
618 2689 651 2748 in
664 2690 728 2750 sais
736 2689 971 2751 commentariis
983 2683 1069 2749 titali
1079 2684 1122 2748 'xc
1135 2700 1173 2748 ue
1182 2687 1252 2749 aas·

244 2799 440 2859 succurratur,
454 2792 513 2848 cte.
530 2789 566 2848 ln
575 2781 666 2866 prairi
676 2788 825 2848 standum
839 2794 887 2849 est
898 2783 1191 2867 praesariptianilius
1201 2789 1254 2844 sta·

242 2883 384 2941 tutorum
397 2879 558 2946 localium.
641 2895 643 2900 '
1083 2877 1088 2887 '

263 3006 281 3026 υ
304 2981 316 3006 *
333 2981 402 3042 558.
424 3013 462 3028 -·
477 2982 529 3044 Ill.
548 2983 685 3044 Verium
701 2989 748 3045 est
760 2983 919 3044 celebrare
938 2981 1046 3067 divina
1063 2975 1214 3062 mysteria
1226 2978 1253 3038 in

152 3073 155 3080 ’
244 3078 383 3138 Ecclesia
395 3076 520 3159 polluta
533 3081 633 3142 donec
644 3081 848 3142 reconciliata
861 3080 910 3140 sit.
926 3079 962 3142 Si
973 3081 1055 3140 larte
1067 3074 1258 3156 contingeret

242 3175 416 3238 Ecclesiam
430 3176 532 3256 pollui
545 3179 613 3257 ipsa
632 3183 775 3259 tempore
791 3178 902 3259 qualit
917 3175 1256 3251 sacram-cassandum

244 3275 380 3335 essetab
399 3293 448 3349 eo,
469 3275 496 3336 si
506 3280 580 3337 ente
590 3277 862 3338 consecrationem
882 3267 1255 3354 delictumrperpetrc'tum

243 3371 270 3431 si
284 3378 391 3433 autem
403 3378 533 3451 paracta
546 3375 781 3437 consecratione
794 3374 826 3434 id
838 3373 1013 3453 contingat,
1024 3375 1256 3434 sacrosanctum

242 3469 432 3532 sacrificium
449 3490 514 3534 nan
536 3473 746 3552 abrumpitur.
770 3469 998 3534 Consummato
1015 3464 1184 3544 sacrificio,
1201 3485 1258 3528 sus·

242 3566 393 3644 penditur
411 3567 499 3630 aliud
512 3569 647 3650 quodvis
659 3571 800 3633 alliciam
829 3570 983 3644 divinum,
1012 3570 1203 3636 transfertur
1223 3565 1251 3624 iu

242 3659 341 3722 alium
364 3666 469 3728 locum
494 3674 604 3732 sancta
625 3669 835 3745 Eucharistia‚
852 3669 994 3732 Ecclesia
1013 3668 1078 3730 suis
1092 3681 1255 3729 oruamen-

244 3758 284 3817 tis
302 3759 492 3830 denudatur.
971 3769 973 3776 ’
