2568 4272
253 229 305 282 368
517 237 592 283 PARS
613 237 658 284 III.
681 239 736 286 RES
756 238 1001 286 ECCLESIASIICAE.

252 351 313 412 tilis
327 356 457 412 vocatus
475 351 549 412 inde
564 353 625 412 fuit
647 354 731 431 quod
746 355 779 414 in
801 353 982 414 calendario
1010 353 1204 414 indicebatur
1217 354 1248 414 tie

250 458 334 512 secto
348 447 497 512 colendos.

312 550 407 611 Juxta
428 548 684 609 reformationem
705 549 868 610 inductam
893 568 912 610 a
929 549 1014 610 Iulio
1031 550 1247 610 Caesareanum

198 707 200 711 ,
251 645 428 706 communis
442 645 540 705 habet
554 648 592 706 52
612 646 831 707 hebdomadas
852 648 907 707 etl
927 647 1022 720 diem,
1040 651 1071 706 et
1086 646 1186 706 altera
1199 647 1246 707 dles

252 742 380 802 additur
397 761 480 803 anno
494 743 648 804 bissextili
667 762 674 804 :
691 743 798 823 oy'clus
809 749 916 805 autem
930 742 1153 821 complectitur
1166 744 1245 804 0811-

252 858 320 916 nos,
337 841 452 918 quibus
471 841 604 920 expletis
616 842 712 902 iidem
735 841 802 901 dies
816 841 1027 903 hebdomadae
1045 841 1159 901 iisdem
1176 841 1244 900 slmul

251 938 362 999 diebus
374 939 490 1000 mensis
505 941 713 1000 consentiunt.

312 1037 475 1097 Ordinatio
491 1037 663 1098 calendarii
678 1038 753 1100 Julii
765 1037 929 1098 nonnullis
943 1037 1207 1111 vitiislaborabat,
1219 1055 1242 1096 er

252 1151 289 1195 eo
303 1135 478 1212 praesertim
490 1137 575 1214 quod
589 1155 706 1195 annum
718 1136 903 1214 praefinierit
911 1135 1069 1196 curriculo
1079 1135 1139 1194 365
1149 1134 1241 1194 dierum

251 1236 283 1292 et
298 1251 352 1292 sex
366 1231 529 1306 horarum,
540 1252 611 1293 cum
621 1239 728 1293 tamen
737 1252 792 1294 sex
801 1233 864 1296 illae
874 1233 962 1294 horae
973 1251 1037 1293 non
1047 1232 1111 1292 siut
1126 1230 1238 1310 integra,

251 1330 307 1390 sed
326 1331 473 1391 undecim
491 1332 556 1391 fere
573 1330 706 1390 minutis
725 1336 891 1406 truncatae.
915 1332 959 1390 Ex
980 1329 1109 1390 illorum
1134 1329 1239 1389 minuto-

252 1447 323 1488 rum
338 1428 493 1506 ncglectu,
510 1447 564 1488 ver
578 1429 685 1488 sedem
704 1447 795 1489 suam
812 1428 945 1506 singulis
965 1427 1055 1488 annis
1072 1427 1237 1506 anticipavit,

253 1526 331 1585 adeo
342 1530 377 1585 ut
391 1544 473 1586 anno
485 1525 563 1584 1582
578 1527 803 1604 aequinoctium
819 1545 951 1587 vernum
960 1526 1070 1586 decem
1083 1525 1149 1586 fere
1159 1525 1238 1586 diebus

253 1622 452 1683 antecederet
467 1624 572 1684 sedern
586 1642 682 1702 quam
698 1630 842 1703 tempore
852 1623 928 1687 Julii
948 1623 1078 1684 Caesaris
1094 1622 1235 1694 obtinebat,

252 1727 284 1780 et
298 1737 318 1780 a
330 1720 379 1780 die
392 1723 428 1780 el
440 1721 555 1780 mensis
566 1722 683 1796 martii,
697 1723 748 1782 cui
759 1722 929 1783 concilium
937 1721 1101 1782 Nicaenum
1113 1718 1237 1798 aequinoc-

253 1817 333 1877 tium
348 1818 432 1879 istud
457 1818 581 1893 fixerat,
603 1818 643 1879 ad
659 1819 861 1880 undecimum
885 1819 1028 1898 ejusdem
1054 1818 1166 1879 mensis
1181 1817 1235 1878 dien

252 1916 470 1978 reduceretur.
586 1988 589 1993 ‚

309 2013 389 2074 Huic
404 2015 609 2075 incommodo
630 2015 805 2076 remedium
820 2015 932 2075 afferre
955 2015 1144 2074 studuerunt
1159 2014 1232 2092 plures

254 2110 307 2173 SS.
340 2112 526 2187 Pontifices3
567 2131 604 2173 ac
632 2114 762 2173 tandem
789 2113 952 2191 negotium
980 2111 1117 2172 absolvit
1151 2112 1232 2190 Greg-

254 2210 318 2270 rius
337 2213 415 2287 XIII,
441 2211 556 2272 auditis
577 2217 608 2272 et
626 2211 808 2290 ponderatis
829 2209 991 2270 sententiis
1016 2209 1230 2270 doctisSImorun

252 2307 432 2378 hominum.

313 2409 429 2483 Edidit,
441 2428 492 2470 an.
504 2397 593 2482 1582,
603 2408 622 2472 6
633 2407 781 2469 calendas
792 2408 908 2484 martii,
919 2403 1230 2471 Constitutionemlute

253 2507 456 2585 praeessemus,
484 2526 549 2586 qua
570 2525 626 2586 per
646 2507 756 2568 orbem
777 2506 984 2568 christianum
1008 2505 1230 2585 promulgabatur

254 2607 371 2663 novum
391 2604 604 2666 calendarium
629 2605 848 2682 reformatum,
864 2605 950 2684 quod
968 2603 1178 2683 (inoportunum
1188 2598 1227 2658 die·

247 2703 322 2758 'tum
338 2700 405 2761 fuit.
423 2705 489 2764 Hae
507 2702 732 2763 constitutione
757 2703 925 2780 Gregorius
946 2701 1124 2781 praeteritos
1149 2711 1229 2760 errores

255 2797 445 2873 emendavit,
462 2800 617 2860 demendo
631 2794 752 2861 'decem
773 2800 839 2860 dIes
860 2818 876 2859 e
892 2818 999 2860 mense
1015 2797 1159 2874 octobris,
1169 2795 1199 2855 ita
1208 2794 1227 2848 ti

254 2895 448 2973 postfestum
462 2898 563 2957 sancti
575 2897 747 2972 Francisei,
763 2897 849 2975 quod
860 2896 970 2957 incidit
978 2897 1011 2955 in
1027 2896 1111 2955 diem
1124 2896 1226 2974 quartum

255 2992 404 3066 octobris,
421 2994 487 3052 dies
502 2995 647 3073 proxime
664 3013 800 3074 sequens
818 3013 876 3075 pro
892 2993 1015 3054 decImo
1032 2988 1226 3072 qulntotaio·

257 3089 315 3152 dus
335 3095 427 3152 esset.
458 3091 504 3150 Ad
530 3093 776 3170 praecavendum
801 3099 908 3152 autem
943 3090 1071 3152 eosdem
1096 3104 1192 3150 errores
1207 3081 1225 3140 in

256 3189 409 3266 futurum,
425 3189 536 3248 statutt
562 3194 596 3249 ut
617 3189 856 3267 quadringentis
873 3188 1052 3267 quibusque
1071 3181 1223 3246 annisonit·

257 3291 398 3348 terentur
421 3285 488 3347 dies
509 3293 572 3348 tres
594 3286 810 3361 intercalares
837 3287 882 3348 ita
905 3291 940 3346 ut
963 3304 1035 3346 cum
1062 3303 1154 3346 annus
1176 3276 1225 3340 1000

257 3383 351 3446 fuerit
375 3384 555 3461 bissextilis,
585 3386 660 3445 anni
688 3387 778 3461 1700,
805 3386 883 3444 1800
911 3389 942 3444 et
970 3385 1058 3458 1900,
1083 3382 1133 3462 qui
1150 3393 1222 3440 secun·

259 3483 333 3544 dum
353 3482 569 3544 calendarium
586 3483 660 3544 Iulii
677 3483 809 3546 Caesaris
827 3481 1003 3542 bissextiles
1022 3499 1088 3542 esse
1107 3476 1220 3540 delerent,

258 3598 316 3657 pro
340 3581 561 3642 communibus
579 3580 720 3642 habendi
739 3580 811 3654 sint,
830 3599 888 3640 nec
906 3579 1088 3640 intercalari
1107 3572 1220 3637 diculu-

260 3679 364 3753 gendI.
608 3681 610 3688 '
