2604 4274
245 259 299 316 402
512 265 586 316 PARS
606 267 651 316 111.
672 265 729 316 RES
749 267 994 318 scmnsltsrlcn.

246 407 264 442 «
278 383 416 446 tissimus
424 380 577 446 ¹Fortiter
590 383 666 446 Pius
680 385 717 460 V,
735 381 1130 460 Romanum'Brevierium
1145 403 1263 464 magno

242 507 266 541 u
277 484 382 545 studio
406 483 619 559 emendatum,
637 484 771 563 pristino
791 484 888 546 nitori
907 486 1090 546 restitutum
1105 483 1263 561 divulgari

242 601 261 638 ¹<c
273 577 378 660 jussit,
392 583 493 660 eoque
505 581 550 642 sic
562 587 703 643 correcto
717 579 827 644 omnes
840 581 997 644 Ecclesiae
1006 583 1053 643 uti
1067 581 1262 662 pracepit»

188 711 189 714 π
244 679 339 759 (buco
355 677 478 758 citato.)
556 715 559 722 ,
735 669 738 675 ’
1167 751 1168 754 ¹

247 807 250 812 ·
302 777 372 838 535.
388 809 425 822 --
440 778 478 838 ll.
495 775 528 839 Si
541 777 779 845 attendaturad
792 777 846 855 jus
860 777 1042 856 positivum,
1058 795 1114 838 seu
1130 776 1261 838 canoni·

238 889 326 947 cum,
340 879 375 934 ut
386 874 612 936 determinetur
627 875 703 954 quid
718 893 738 936 a
752 875 784 936 S.
800 875 880 938 Sede
896 875 1119 956 prescriptum
1137 875 1189 948 sit,
1206 873 1262 935 dis·
1292 941 1293 954 ἢ

241 969 414 1049 tinguimus
428 967 601 1052 Episcopos
618 973 729 1033 intres
744 972 870 1033 classes.
886 973 967 1034 Sunt
981 991 1097 1051 nempe
1112 972 1260 1051 Episcopi
1292 983 1293 990 ’

240 1067 450 1130 Ecclesiarum
465 1069 680 1143 orientalium,
701 1075 774 1130 sunt
788 1070 936 1150 Episcopi
954 1069 1167 1132 Ecclesiarum
1183 1069 1261 1132 occi-

238 1165 418 1227 dentalium
446 1168 561 1246 quibus
589 1168 777 1229 Constitutio
813 1167 860 1229 Pii
888 1166 1042 1230 concessit
1077 1168 1259 1228 facultatem

236 1264 386 1325 servandi
395 1265 555 1326 Breviaria
567 1283 638 1344 quae
651 1285 671 1326 a
686 1266 829 1326 ducentis
845 1266 936 1326 anuis
951 1265 984 1326 in
1000 1284 1060 1326 usu
1074 1265 1256 1338 habebant;

236 1367 314 1422 sunt
328 1363 465 1440 denique
480 1363 588 1425 caeteri
600 1363 749 1442 Episcopi
759 1363 874 1442 quibus
885 1363 1040 1424 indictum
1055 1363 1117 1424 fuit
1131 1363 1178 1424 uti
1189 1365 1259 1424 Bre-

237 1458 337 1519 viario
352 1459 507 1520 Romano.

276 1558 331 1615 ¹ll
352 1556 498 1636 Episcopi
519 1557 638 1618 addicti
663 1558 775 1618 ritihus
801 1557 1014 1620 Ecclesiarum
1040 1557 1250 1629 orientalium,

234 1653 349 1725 Graeci,
365 1654 560 1730 Armeniani,
578 1655 754 1724 Maronitae,
772 1655 1057 1728 Graeci-Melchitae‚
1075 1657 1249 1732 sclavones,

236 1749 448 1830 prohibentur
469 1751 568 1812 ullam
589 1753 844 1814 immutationem
865 1754 969 1814 lacere
988 1754 1020 1813 in
1040 1749 1105 1814 s'uis
1121 1753 1251 1832 liturgiis

234 1848 430 1926 respectivis
440 1850 636 1934 ¹Benedictus
653 1849 720 1911 xlv
733 1851 852 1911 multas
866 1867 905 1910 ea
919 1851 958 1911 de
974 1869 1008 1912 re
1021 1851 1122 1912 habet
1134 1851 1248 1912 Consti-

235 1945 374 2006 tutiones
389 1963 459 2026 quae
470 1946 603 2006 dubium
619 1965 712 2008 omne
724 1948 921 2008 submovent.
937 1950 972 2009 ln
983 1948 1073 2010 bulla
1085 1946 1247 2009 Demcnda-

134 2079 139 2092 ·
232 2052 297 2103 taor
310 2043 408 2124 (anno
424 2043 570 2124 trosleio
586 2045 700 2106 babet:
717 2048 782 2106 uDe
794 2045 906 2106 ritibus
917 2051 948 2106 et
956 2045 1099 2106 moribus
1110 2045 1244 2106 Ecclesia

238 2164 253 2196 u
276 2141 403 2216 Graeeae,
422 2140 501 2201 illud
512 2143 687 2219 generatim
703 2144 906 2204 statuendum
926 2143 1124 2206 decrevimus
1138 2143 1247 2204 nemini

111 2315 114 2322 Ι
235 2261 251 2294 u
274 2238 400 2300 licuisse
410 2244 464 2300 aut
475 2239 578 2315 licere,
593 2240 707 2320 quovis
717 2240 809 2302 titulo
820 2247 876 2303 aut
886 2241 1042 2312 colore,et
1053 2259 1247 2321 quacumque

238 2358 252 2393 <r
274 2337 466 2399 auctoritate
479 2344 535 2398 aut
552 2338 713 2416 dignitate,
732 2341 829 2401 etiam
844 2340 1061 2420 patriarchali,
1078 2341 1245 2420 quidquam

126 2423 128 2430 '
235 2456 251 2490 «
273 2434 437 2509 innovare,
455 2441 510 2496 aut
520 2435 641 2515 aliquid
655 2436 869 2507 introducere,
884 2438 971 2517 quod
985 2437 1145 2516 integram
1160 2455 1244 2498 exac-

237 2551 252 2588 α
272 2535 400 2610 tamque
426 2525 537 2593 eo'rum
558 2535 811 2596 observationem
826 2534 1005 2598 imminuat.
1021 2557 1036 2593 ι)
1056 2535 1178 2596 Eadem
1193 2553 1245 2614 pro

227 2627 438 2690 sclavonibus
461 2631 601 2692 decrevit
621 2633 725 2694 Gonst
746 2632 991 2712 Etcr‘paetoralr‘‚
1008 2650 1092 2695 anuo
1115 2635 1204 2707 1754,
1219 2639 1246 2694 et

231 2743 289 2803 pro
309 2726 379 2786 aliis
395 2727 541 2789 Ecclesiis
562 2730 770 2792 orientalibus
791 2730 824 2790 in
843 2731 948 2793 Const.
977 2730 1055 2792 Etsi
1074 2731 1243 2813 pastoralis,

228 2839 313 2883 anno
323 2825 418 2884 lm.
434 2827 500 2897 Quo
511 2829 741 2889 autemcertius
752 2829 948 2890 etefilcacius
958 2829 1070 2908 regula
1080 2830 1243 2907 obtineret,

225 2937 338 2981 curam
353 2920 441 2981 dedit
455 2925 585 3001 speciali
601 2925 846 3006 Congregationi
866 2927 1054 3005 invigilandi
1071 2945 1170 3007 super
1185 2928 1245 2989 edi·

227 3017 368 3079 tionibus
402 3037 474 3099 quoe
503 3021 584 3082 flunt
608 3023 762 3085 librorum
791 3024 1010 3102 liturgicorum
1038 3026 1244 3087 Ecclesiarum

224 3114 441 3178 orientalium.
470 3143 483 3174 u
505 3120 635 3180 Nullum
657 3122 805 3182 derebus
828 3121 926 3182 sacris
940 3122 1056 3184 librum
1069 3128 1127 3184 aut
1140 3124 1245 3186 lolium

229 3237 246 3270 u
266 3215 388 3294 publici
399 3215 479 3296 juris
495 3218 828 3298 faciant(Patriarchae
840 3225 871 3280 et
881 3220 1050 3301 Episcopi),
1067 3221 1244 3284 inconsulta

232 3325 257 3368 u*
267 3313 347 3375 Sede
369 3309 578 3393 apostoliea
592 3316 683 3388 Quod
698 3317 724 3376 si
739 3334 838 3378 novas
859 3317 1014 3378 librorum
1028 3335 1193 3380 sacrorum
1207 3319 1243 3380 ab

226 3430 245 3464 «
266 3409 377 3472 ecdem
393 3413 509 3474 Sancta
529 3414 609 3475 Sede
639 3415 891 3494 approbatorum
914 3414 1066 3476 editiones
1082 3415 1153 3477 llari
1173 3435 1243 3478 con·

225 3530 244 3562 «
265 3507 377 3588 tingat,
394 3528 474 3570 onus
489 3510 548 3572 erit
563 3513 758 3574 Patriarchae
786 3519 817 3574 et
831 3513 1059 3592 Episcoporum
1073 3513 1242 3576 catholico·

228 3625 244 3658 u
265 3623 348 3680 rum,
368 3606 522 3688 inspicere
543 3627 582 3670 ne
604 3609 672 3670 ulla
688 3611 722 3670 in
742 3630 775 3672 re
798 3611 980 3674 discordent
993 3612 1033 3673 ab
1055 3613 1242 3675 editionibus

225 3723 242 3756 «
265 3704 460 3780 approbatis.
477 3729 493 3761 ›>
510 3705 539 3786 (ᾖ
553 3709 603 3780 el,
617 3709 722 3771 Consi.
738 3708 981 3790 Demondotam.)
