2642 4268
271 254 338 301 And.
360 253 407 302 111.
429 251 585 302 bonitum
604 252 767 302 SAGRARUM
785 251 899 304 uolut.
1040 248 1091 302 477

67 370 167 447 licto,
179 371 394 433 coemeterium
408 376 552 432 remanet
565 371 623 433 sub
632 369 705 450 jure
717 371 931 454 proprietarii,
948 391 1092 435 commu-

68 469 188 530 nitatis
207 487 320 550 nempe
339 469 451 545 civilis,
467 475 522 531 aut
540 469 711 550 parochia,
728 489 767 531 ex
785 470 877 532 dietis
891 490 998 551 supra.
1013 473 1092 533 Pro·

65 567 248 647 prietarius
266 568 327 630 loci
349 573 454 651 potest
472 573 590 629 terram
610 568 763 644 excolere,
784 570 914 631 arbores
935 571 1091 650 plantare,

67 665 245 728 transactis
257 667 396 747 quinque
407 667 499 729 annis
509 685 516 742 ;
528 667 585 729 sed
597 667 730 728 vetitum
740 671 787 728 est
797 687 836 730 ne
850 668 979 730 terrain
994 669 1094 730 altum

70 763 227 841 fodietur,
246 771 302 826 aut
320 766 366 827 ibi
387 771 569 830 exstruatur
588 766 768 842 aedificium,
790 766 890 828 donec
910 767 1044 829 facultas
1062 767 1096 829 id

72 863 271 944 exsequendi
285 883 433 926 concessa
447 864 488 926 sit
503 865 545 944 ab
561 865 750 927 auctoritate
765 865 930 944 superiori.

136 961 173 1022 In
195 961 252 1023 illa
278 963 532 1025 coemeteriorum
556 963 745 1040 mutatione,
771 963 951 1025 meminisse
977 963 1096 1025 debent

73 1059 243 1122 christiani
272 1061 343 1122 loca
370 1060 540 1123 humandis
569 1060 754 1139 corporibus
781 1059 877 1122 fuisse
907 1061 1097 1123 sacerdotali

72 1159 298 1220 benedictione
313 1166 507 1237 consecrata,
524 1164 556 1221 et
571 1159 658 1239 ipsos
677 1176 846 1238 corporum
866 1158 986 1220 cineres
998 1177 1094 1220 vene·
1180 1168 1185 1188 ‘

72 1257 196 1318 randos
211 1275 289 1336 esse,
302 1277 381 1339 quos
393 1258 513 1336 utique,
530 1258 556 1320 si
570 1257 679 1319 fideles
690 1258 724 1318 in
738 1275 817 1338 pace
831 1256 944 1318 Christi
957 1257 1097 1319 defuncti

73 1361 163 1431 sunt,
178 1360 215 1418 ut
226 1356 277 1436 pic
289 1357 520 1436 proesumimus‚
532 1356 666 1418 Sanetus
678 1355 813 1435 Spiritus
826 1355 988 1417 suscitabit
1000 1355 1034 1416 in
1047 1354 1097 1416 die

73 1454 317 1516 resurrectionis
336 1455 503 1533 generalis,
525 1455 567 1516 ad
586 1455 719 1535 gloriam
734 1453 976 1542 sempiternam.
997 1453 1096 1516 Valde

74 1553 209 1632 quidem
233 1554 408 1632 optandum
432 1558 468 1615 ut
488 1552 557 1615 haec
579 1554 650 1615 loca
671 1552 768 1615 sacris
792 1552 905 1614 ritibus
927 1551 1097 1614 benedicta

74 1669 143 1712 non
165 1656 390 1712 convertantur
409 1651 555 1733 deinceps
574 1652 608 1714 in
626 1669 702 1713 usus
722 1651 890 1724 humanos,
912 1650 999 1730 quod
1020 1650 1096 1712 olim
1207 1647 1208 1650 ’

75 1749 167 1828 apud
187 1749 272 1829 ipsos
292 1747 436 1811 ethnicos
454 1753 502 1811 uti
520 1749 720 1828 saerilegium
742 1748 940 1823 habebatur;
960 1748 1044 1810 unde
1063 1749 1097 1809 in

76 1847 189 1909 codice
212 1848 447 1922 Theodosiana,
468 1849 538 1928 lege
561 1849 601 1911 de
622 1845 799 1929 Sepuetre
821 1845 954 1922 violatis,
977 1847 1097 1910 dictum

76 1951 126 2006 est
148 1963 157 2006 ε
182 1965 197 2004 ιι
213 1946 322 2024 Pergit
340 1946 475 2008 audacia
495 1948 536 2008 ad
557 1947 652 2008 busta
670 1945 893 2008 detunctorum
914 1951 946 2006 et
966 1963 1097 2024 aggeres

78 2067 95 2102 e
118 2049 318 2106 consecratos
338 2062 348 2107 ι
368 2063 441 2106 cum
464 2049 495 2106 et
514 2045 654 2124 lapidem
673 2043 747 2106 hinc
769 2061 907 2120 movere,
927 2049 959 2104 et
976 2048 1097 2106 terrem

79 2141 288 2220 «sollicitare
317 2148 349 2204 et
377 2143 528 2224 cespitem
559 2143 690 2217 vellere,
721 2141 903 2222 proximum
931 2141 1096 2220 sacrilegio

80 2265 97 2296 «
119 2240 258 2320 majores
276 2259 402 2321 semper
420 2241 614 2303 habuerunt.
630 2265 645 2297 o
663 2242 793 2316 Verum,
811 2242 838 2301 si
855 2246 968 2318 urgeat
986 2257 1095 2301 neces-

79 2339 157 2399 sitas
179 2339 286 2401 locum
308 2340 474 2402 deserendi
493 2346 536 2413 et,
558 2346 702 2420 tempore
723 2339 867 2419 praefixo,
887 2338 986 2400 velint
1007 2337 1096 2398 illum
1143 2367 1145 2370 ·

78 2437 234 2512 excolere,
249 2437 282 2498 id
297 2438 409 2498 saltem
427 2437 497 2500 fieri
510 2455 715 2520 nequaquam
733 2437 826 2499 debet
843 2441 1014 2515 antequam
1029 2435 1096 2496 col·

78 2536 161 2596 lecta
179 2535 252 2613 sint,
270 2541 302 2598 et
322 2555 394 2598 eum
408 2535 530 2599 honore
545 2554 582 2597 ac
602 2535 690 2597 cultu
709 2535 880 2609 christiano
900 2534 977 2596 alibi
994 2541 1098 2596 trans-

78 2634 154 2712 lata,
181 2652 253 2696 ossa
281 2633 514 2712 defunctorum,
541 2653 612 2716 quae
636 2634 755 2714 pietate
782 2638 814 2693 et
840 2633 980 2714 quodam
1009 2631 1097 2694 cultu

79 2733 249 2795 honestare
264 2751 284 2794 a
298 2733 413 2795 sanctis
427 2735 559 2795 Petrum
574 2731 797 2795 traditionibus
812 2730 915 2792 edocti
929 2749 1047 2792 sumus
