2604 4274
218 315 271 370 450
481 323 561 372 11118.
573 322 621 372 111.
642 323 699 372 uss
718 323 962 373 ucomsrtsrrdu.

219 438 386 518 scriptores
409 437 616 520 quaestionem
643 439 846 502 instituerunt
871 447 980 502 utrum
1004 443 1090 504 Crux
1114 442 1237 505 debeat

104 571 108 582 ·
219 536 413 598 constituiin
429 536 522 600 altari
535 538 661 599 etiamsi
672 539 781 618 imago
797 538 912 600 christi
926 557 943 600 e
956 557 1048 601 cruce
1061 541 1238 619 pendentis

218 635 251 695 in
263 634 505 714 majoritabula
516 635 642 716 depicta
656 641 712 697 aut
726 635 839 698 colata
852 642 1016 716 appareat.
1036 661 1052 693 ιι
1070 638 1239 700 Garantus

221 756 237 788 ιι
251 732 290 792 id·
299 732 426 813 quidem
440 734 563 813 probat,
586 734 631 796 ait
642 734 829 796 Benedictus
842 735 927 808 XIV;
946 734 1000 795 alii
1017 753 1095 796 vero
1117 736 1153 796 id
1171 736 1234 796 mi·

223 853 238 890 ι
252 831 336 891 nime
350 832 561 892 necessarium
576 832 780 905 arbitrantur,
799 821 973 893 dummodo
993 837 1103 892 tamen
1122 835 1236 894 Cruci·

224 921 334 989 «fixus
347 929 380 989 in
398 929 511 1008 maJ'ori
531 930 652 1004 tabula,
668 929 719 990 vel
737 929 852 1010 pictus,
865 931 916 992 vel
931 929 1072 1008 caelatus,
1092 930 1236 1010 primum

223 1050 238 1082 ι
249 1024 356 1088 locum
369 1027 510 1088 obtineat
524 1044 590 1106 prae
605 1028 725 1088 oaeteris
740 1027 901 1103 omnibus,
919 1045 990 1106 quae
1005 1029 1040 1088 in
1057 1029 1170 1090 eadem
1182 1035 1235 1090 ta-

224 1148 238 1180 «
253 1124 329 1184 bula
359 1124 616 1203 exprimuntur...
651 1125 730 1186 Huic
762 1125 924 1186 seutentiae
958 1145 990 1187 se
1023 1126 1236 1188 conformavit

224 1245 240 1278 «
254 1221 441 1301 Congregat‘
433 1240 463 1282 ιο
419 1221 651 1282 tSacrorum
672 1222 813 1297 Rituum,
836 1223 883 1284 uti
906 1228 1030 1284 constat
1050 1241 1090 1284 ex
1104 1242 1235 1303 respon-

222 1343 238 1376 «
253 1319 339 1380 sione
347 1337 443 1398 quam
457 1320 527 1398 ipsa
538 1301 764 1399 promulgarit,
784 1330 866 1382 anno
881 1321 1006 1382 1663.»
1021 1319 1162 1429 (Litterae
1180 1323 1233 1382 du-

222 1417 348 1497 oyclioae
362 1416 544 1499 Accepimus,
561 1437 612 1478 an.
629 1417 731 1498 1716.)

281 1516 318 1576 V
335 1517 415 1576 Sunt
430 1515 525 1575 etiam
544 1515 662 1592 regulae
678 1519 748 1594 quae
764 1516 947 1595 praefiniunt
968 1516 1150 1589 materiam,
1170 1517 1231 1578 for·

214 1629 318 1685 mam,
330 1611 477 1686 colorem,
485 1612 738 1674 benedictionem
745 1615 879 1675 vestium
890 1614 1137 1676 sacerdotalium
1149 1613 1233 1674 adhi-

221 1709 399 1770 bendarum
413 1711 455 1770 ad
469 1715 613 1772 sanctum
628 1711 827 1774 sacrificium.
881 1737 885 1742 ·

282 1809 363 1869 Usus
377 1808 553 1869 communis
566 1809 713 1871 Ecclesiae
725 1791 793 1870 non
808 1810 948 1872 admittit
962 1811 1122 1889 planetas,
1139 1812 1232 1873 stolas

223 1909 255 1965 et
268 1905 432 1984 manipula
451 1907 594 1968 confecta
613 1925 652 1967 ex
665 1907 730 1968 tela
751 1907 846 1982 linea,
864 1914 919 1969 aut
937 1926 977 1968 ex
992 1909 1160 1988 gossypio;
1176 1927 1231 1970 nee

223 2001 319 2064 etiam
333 2004 485 2081 probatus
499 2005 559 2064 fuit
573 2023 648 2066 usus
661 2005 716 2083 qui
727 2004 841 2085 'paucis
856 2005 973 2066 abhinc
991 2006 1085 2068 annis
1099 2005 1230 2070 invales-

201 2105 210 2168 ’,
223 2100 326 2178 oebat,
343 2101 515 2162 adhibendi
529 2101 570 2162 ad
580 2107 723 2164 sanetum
739 2103 928 2164 sacrificium
938 2105 1230 2183 peragendumves·

224 2204 270 2260 tes
285 2216 325 2258 ex
338 2197 439 2259 vitre'a
451 2204 519 2260 text
520 2218 594 2274 ura3
611 2200 667 2261 sed
681 2204 736 2261 aut
750 2219 789 2262 ex
802 2201 915 2275 serica,
925 2208 987 2262 aut
997 2219 1038 2264 ex
1053 2202 1150 2318 lanea
1161 2216 1234 2264 eon-

224 2296 276 2358 fici
291 2297 418 2358 debent.
515 2299 518 2306 ⁴
1156 2357 1159 2362 ι

284 2396 353 2455 Non
373 2393 448 2454 it'em
472 2394 647 2473 probantur
667 2401 857 2474 paramenta
875 2396 990 2458 diversi
1012 2396 1145 2472 coloris,
1168 2414 1235 2474 quae

223 2491 439 2553 indifferenter
452 2491 626 2554 inserviant
638 2509 696 2572 pro
711 2494 818 2556 colore
828 2494 914 2571 albo,
926 2494 1036 2571 rubro,
1050 2493 1161 2569 viridi,
1176 2493 1236 2554 vio·

224 2589 324 2667 laceo,
337 2596 493 2668 quatenus
502 2589 623 2651 habent
632 2591 769 2653 intextos
785 2591 878 2654 flores
889 2592 1004 2654 diversi
1015 2591 1145 2665 coloris,
1160 2591 1236 2652 adeo

225 2691 261 2747 ut
275 2687 327 2747 vix
344 2687 548 2764 dignoscatur
570 2689 640 2768 quis
660 2687 700 2750 sit
720 2689 808 2751 color
829 2690 1008 2751 dominans
1032 2689 1236 2751 Declaratum

225 2783 321 2846 etiam
337 2785 396 2844 fuit
410 2804 475 2846 non
490 2785 615 2846 admitti
628 2787 661 2846 in
679 2786 775 2848 sacris
795 2785 914 2848 ritibus
924 2789 1066 2848 colorem
1087 2787 1233 2860 floreum,

226 2899 284 2943 nec
297 2883 467 2943 caeruleum
479 2883 512 2942 iu
526 2883 637 2943 iisdem
649 2883 843 2962 paramentis
857 2884 1107 2946 sacerdotalibus
1121 2885 1146 2946 ¹.

216 2983 217 2986 ’
285 2981 336 3042 vl.
352 2981 541 3041 Consuetum
556 2988 614 3055 est,
624 2983 664 3042 ab
675 2981 812 3061 antiquis
820 2982 1025 3062 temporibus,
1038 3001 1149 3044 sacras
1159 2980 1238 3043 aedes

196 3109 204 3120 ι
227 3078 375 3140 exornari
386 3078 577 3157 imaginibus
592 3097 662 3158 quaa
677 3079 835 3142 Christum
843 3081 1024 3156 Dominum,
1036 3080 1169 3144 beatam
1177 3078 1238 3144 Vir-

274 3299 298 3348 1.
309 3297 373 3356 Quae
386 3297 421 3346 sit
432 3296 508 3361 origo
519 3296 646 3348 historica
657 3296 791 3347 venstatis
806 3297 926 3347 colorum
938 3297 1037 3361 quibus
1051 3297 1142 3348 utitur
1152 3295 1236 3347 Eucle-

228 3373 267 3424 sia
285 3374 314 3422 iu
331 3373 412 3424 sacris
430 3372 548 3423 vestibus
567 3371 701 3436 explicant
718 3372 824 3434 eruditi,
839 3373 920 3424 simul
938 3377 965 3424 et
981 3373 1098 3424 rationes
1111 3373 1237 3438 mysticas

227 3449 393 3500 diversorum
417 3448 545 3499 colorum·
559 3448 607 3514 (Cr.
628 3447 704 3498 Cat-d.
727 3448 809 3508 Bona,
829 3450 923 3499 Rerum
947 3447 1130 3514 liturgicarum
1152 3448 1199 3499 lib.
1217 3449 1235 3509 1,

227 3538 286 3589 cap.
298 3540 370 3587 ιιιιιιι,
385 3530 398 3586 5
414 3527 437 3586 1,
451 3525 514 3575 edit.
528 3523 616 3575 studio
635 3523 743 3574 Roberti
765 3523 845 3587 Sala.)
867 3525 932 3575 Cum
947 3524 1005 3575 hoec
1019 3523 1152 3588 paulatim
1175 3537 1235 3574 usus

227 3599 370 3660 induxerit,
385 3613 440 3650 nou
458 3601 557 3650 mirum
572 3599 644 3663 quod
661 3597 742 3649 fuant
756 3597 845 3662 aliqua
859 3599 999 3652 diversitas
1015 3600 1044 3649 iu
1061 3599 1140 3662 praxi
1153 3597 1235 3650 Ecole.

228 3675 337 3735 siarum,
348 3689 461 3740 quarum
470 3675 530 3726 alia
542 3675 715 3735 adhibebant,
726 3688 752 3724 v.
763 3689 799 3738 3.,
811 3676 927 3726 colorem
935 3675 1060 3737 rubrum,
1070 3677 1118 3726 eut
1127 3674 1235 3726 viridem

228 3749 258 3798 iu
271 3750 349 3798 certis
361 3749 585 3811 solemnitatibus,
599 3761 648 3814 pro
663 3749 763 3813 quibus
779 3749 840 3800 uliae
854 3750 1000 3801 utebantur
1014 3751 1104 3802 colore
1118 3750 1190 3802 albo.
