2568 4272
235 312 287 366 304
571 317 646 364 PARS
665 317 700 364 ΙΙ.
722 317 907 365 REGULARES.
1015 317 1021 324 ⁴

235 437 334 497 abbas
353 434 576 508 CluniacensiS,
595 433 834 506 Gistcrcicnsis;
866 433 920 494 alii
948 441 1021 494 sunt
1044 434 1174 510 locales,
1194 440 1237 516 qui
1273 451 1274 454 ’

235 535 290 595 uni
308 533 499 596 monasterio
518 537 668 612 praesunt.
688 533 820 612 Insuper
845 531 930 594 inter
954 533 1098 607 abbates,
1123 534 1237 614 quidam

145 701 146 705 η
234 631 364 706 babenb
385 632 502 692 nedum
523 630 683 708 regulares
700 629 760 690 sibi
772 629 925 704 subditos,
940 630 994 691 sed
1014 631 1114 692 etiam
1128 633 1236 693 territo-

233 723 501 811 rium‘proprium
521 729 554 789 in
575 747 637 809 quo
656 715 907 808 jurisdictionem
929 729 1020 808 quasi
1038 729 1238 809 episcopalem

235 833 391 903 exercent,
415 833 450 888 ut
476 827 608 888 abbates
641 826 856 900 cassinenses,
886 827 963 887 dum
997 827 1107 888 eaeteri
1136 826 1239 890 habent

233 926 453 990 tantummodo
469 925 630 1002 regulares
646 923 799 1012 subditos
955 987 956 990 ,

294 1026 370 1085 Post
383 1024 546 1084 obtentam
563 1021 847 1098 confirmationem,
866 1022 997 1084 abbates
1012 1023 1164 1084 benedici
1177 1043 1238 1085 eou-

235 1127 413 1183 suevcrunt.
435 1123 509 1182 Haec
528 1119 706 1180 benedictio
726 1121 811 1181 lacta
826 1126 882 1196 est,
899 1120 1035 1182 decursu
1055 1127 1238 1202 temporum,
1273 1133 1274 1170 l

234 1218 415 1281 solemniori
436 1219 509 1293 ritu,
530 1217 584 1296 qui
603 1217 720 1278 multas
739 1217 838 1278 habet
858 1218 1022 1298 analogias
1044 1237 1122 1281 oum
1144 1239 1238 1282 conse·
1273 1249 1274 1258 κ

235 1318 373 1378 oratione
389 1317 628 1396 Episcoporum,
646 1321 681 1376 ut
700 1315 805 1376 videre
826 1323 873 1376 est
890 1317 923 1376 iu
937 1317 1134 1379 Pontificali.
1155 1321 1239 1380 Gaete-

234 1435 304 1476 rum
320 1414 461 1486 abbates,
477 1412 573 1474 etiam
585 1414 726 1474 nondum
748 1413 1001 1476 benedictionem
1021 1417 1174 1491 assecuti,
1192 1417 1239 1476 ba·

234 1515 310 1574 bent
322 1512 448 1573 titulum
461 1519 492 1572 et
503 1511 577 1590 jura
589 1529 653 1574 suae
667 1511 828 1589 dignitatis
844 1531 851 1586 ;
867 1513 1034 1591 privantur
1049 1514 1240 1576 solummodo

209 1635 211 1638 ·
230 1610 303 1689 jure
319 1610 502 1671 conferendi
528 1615 690 1670 tonsuram
706 1614 738 1670 et
752 1609 879 1670 ordines
899 1611 1051 1683 minores,
1074 1612 1139 1672 nisi
1157 1614 1239 1692 privi-

234 1709 316 1789 legio
336 1709 512 1789 apostolico
533 1709 609 1788 ipsis
629 1726 811 1770 conoessum
832 1710 926 1770 fuerit
945 1710 1061 1772 haberi
1080 1731 1143 1792 pro
1159 1712 1240 1772 bene·

234 1806 324 1868 dictis
340 1809 400 1870 aS.
416 1807 581 1885 Pontifice,
597 1827 634 1868 eo
649 1808 718 1887 ipso
734 1825 796 1887 quo
817 1813 891 1868 sunt
902 1807 994 1869 electi
1009 1816 1042 1871 et
1057 1810 1237 1871 confirmati.

234 1905 278 1986 (G.
296 1908 401 1980 Petra,
419 1904 582 1968 Comment.
598 1905 630 1965 in
645 1904 747 1968 Cenat.
763 1923 798 1968 1x
813 1905 861 1966 Pii
874 1906 913 1983 ll,
929 1913 1007 1970 tom.
1024 1909 1064 1982 V,
1085 1927 1163 1989 pag.
1181 1911 1238 1970 lbl.

233 2004 381 2080 Ferraria,
397 2011 429 2066 v⁰
442 2003 582 2079 Attalea,
598 2003 637 2080 nu
657 2003 771 2084 laub.)

294 2103 395 2164 Variis
414 2102 525 2164 officiis
545 2109 576 2163 et
597 2101 698 2163 titulis
717 2103 957 2180 superioritatis‚
981 2104 1014 2164 iu
1038 2106 1239 2167 conventibus

135 2265 138 2270 ,
233 2200 462 2280 religiosorum,
480 2200 672 2279 respondent
687 2199 791 2262 officia
806 2205 838 2262 et
849 2201 933 2262 tituli
948 2209 1167 2265 conventuum
1181 2223 1239 2264 mo·

233 2298 1237 2380 nialium,quaeetipsaebabentsuasabbatissaspriorissaaetc.

250 2409 252 2413 ’
292 2398 362 2459 490.
380 2429 420 2444 -
433 2398 474 2458 11⁰
490 2395 639 2472 Quomodo
654 2395 806 2476 elr'quntur
819 2399 986 2476 superiores
998 2398 1207 2478 repertorium?

292 2496 315 2555 l.
329 2495 513 2574 Superiores
528 2493 722 2574 regularium
733 2495 881 2556 constitui
893 2503 1025 2575 possunt
1035 2497 1239 2560 immediatae

234 2591 268 2654 S.
288 2593 451 2654 Pontifice.
474 2592 687 2654 communiter
705 2593 799 2672 primi
818 2593 996 2672 superiores
1015 2595 1179 2670 ordinum,
1194 2595 1238 2674 qui

233 2687 351 2750 scilicet
363 2691 442 2751 nulli
455 2690 545 2752 alteri
560 2691 724 2769 superiori,
739 2691 823 2750 intra
835 2690 982 2752 eumdem
996 2693 1157 2769 ordinem,
1174 2693 1238 2754 sub-

229 2785 392 2864 jiciuntur,
411 2789 617 2850 nominantur
633 2807 690 2868 per
709 2788 895 2850 electionem
924 2779 1066 2869 capituli,
1099 2792 1141 2853 ad
1165 2790 1239 2872 quod

234 2883 416 2963 appellandi
430 2893 504 2948 aunt
518 2905 628 2948 omnes
646 2887 709 2966 qui,
727 2905 766 2947 ex
778 2887 963 2966 praeseripto
977 2894 1184 2964 statutorum,
1196 2889 1240 2968 jus

233 2981 363 3061 babent,
380 2989 412 3044 et
426 3003 489 3045 nou
503 2991 576 3046 sunt
589 2981 743 3064 impediti.

194 3147 196 3154 ,
294 3081 336 3142 Ut
355 3081 426 3160 quis
445 3081 520 3160 eligi
538 3082 637 3162 possit
651 3082 684 3143 in
698 3082 880 3161 praelatum,
896 3102 1022 3146 necesse
1032 3092 1100 3148 est:
1116 3089 1150 3147 l⁰
1163 3091 1196 3148 ut
1209 3086 1241 3146 sit

231 3179 391 3260 protessus
408 3179 440 3239 in
460 3180 571 3240 eodem
603 3179 728 3253 ordiue3
759 3182 792 3239 2⁰
820 3180 909 3242 nulla
923 3181 1172 3261 'irregularitate
1197 3183 1239 3243 vel

233 3295 367 3340 censura
376 3283 538 3354 tenentum
554 3279 586 3338 3⁰
599 3273 735 3340 atatem'
745 3284 976 3357 competentem
994 3281 1125 3358 habeat,
1138 3284 1170 3343 id
1189 3287 1238 3354 est,

233 3378 305 3440 25um
327 3397 445 3440 annum
477 3376 679 3457 completum.
709 3377 870 3456 (Ferraria,
904 3388 935 3440 v⁰
962 3377 1095 3454 Electri),
1124 3386 1181 3444 art.
1207 3397 1238 3452 11,

233 3475 272 3535 11¹⁸
290 3476 403 3552 Μὴ
425 3481 484 3536 art.
505 3492 548 3552 rr,
565 3473 744 3554 nivea-aa.)
766 3475 822 3536 Jus
846 3474 983 3554 eligendi
997 3478 1143 3540 nonaliis
1161 3496 1239 3540 com-

235 3575 315 3651 petit
329 3592 424 3654 quam
446 3572 594 3653 professis
618 3571 760 3652 ejusdem
778 3572 909 3648 ordinis,
924 3574 979 3653 qui
993 3574 1083 3637 nulla
1094 3574 1239 3654 irregula-

235 3669 328 3732 ritate
343 3677 398 3732 aut
415 3689 548 3733 censura
561 3670 725 3751 priventur
739 3688 815 3732 voce
829 3672 941 3750 aetina.
959 3705 1000 3717 -
1016 3673 1079 3734 uln
1100 3673 1240 3736 electione
1273 3735 1274 3748 ,

241 3785 257 3824 u
277 3768 474 3846 superiorum
494 3785 779 3850 quorumcumque,
800 3767 964 3830 Abbatum
980 3772 1199 3850 temporalium
1214 3775 1239 3829 et
