2632 4260
241 266 308 314 aar.
329 265 375 313 lll.
398 263 614 314 estletrlortlts
634 263 835 314 clentconull.
1010 257 1041 313 Ἡ

55 413 68 446 «
78 403 139 468 gna
156 381 359 444 auctoritatis.
379 381 466 442 Telle
485 386 533 442 est
547 381 579 442 la
593 375 837 461 jurisprudence
855 382 895 442 de
914 381 945 442 la
964 381 1045 443 [tour

55 487 110 546 «de
128 481 290 544 cassation.
311 502 328 536 »
353 477 552 560 (pardessus,
574 477 670 541 Cours
688 478 724 540 de
745 478 827 540 droit
845 477 1043 554 commercist,

53 592 114 646 tom.
129 581 151 655 l,
168 588 201 638 n⁰
214 577 278 658 l0.)

100 681 160 740 356.
175 711 213 722 -
228 677 280 738 ΙΨ
296 673 405 737 Utrum
421 673 633 739 lr'oectclm'ois
647 674 798 756 oeqotiori
811 693 868 757 por
884 673 1042 756 interposi·

52 770 283 857 tomporsooom?
301 823 305 832 .

99 872 336 936 constitutiones
357 871 519 934 Benedicti
535 874 603 935 xlv
625 877 656 934 et
677 872 847 935 Clementis
866 873 934 934 Xlll
953 883 1046 935 omne

52 973 162 1035 dubium
174 970 380 1044 sustulerunt,
398 970 579 1032 deliniendo
596 971 726 1032 clericos
739 989 820 1032 vane
832 976 864 1032 et
877 969 1046 1031 temerario

52 1073 144 1151 putare
162 1068 249 1147 quod
269 1067 423 1147 effugiant
443 1074 611 1148 peccatum
628 1087 736 1132 coram
754 1071 831 1145 Deo,
855 1073 885 1129 et
901 1067 1044 1130 violatio·

53 1187 109 1230 nem
120 1183 287 1239 canonum,
305 1167 381 1226 dum
393 1183 452 1244 per
461 1165 681 1246 interpositam
695 1185 864 1247 personam
878 1166 1043 1244 negotian-

53 1272 99 1326 tur.
121 1266 165 1326 lta
184 1263 295 1324 statuit
314 1264 504 1325 Benedictus
523 1267 603 1329 xlv.
631 1287 646 1326 o
663 1266 780 1327 Omnes
801 1263 1046 1328 Constitutiones

53 1363 297 1442 predecessorum
308 1366 489 1422 nostrorum
499 1367 610 1424 contra
624 1363 754 1425 clericos
765 1363 893 1425 illicitos
907 1361 1047 1440 negotia-

54 1466 152 1521 tores...
176 1458 443 1522 confirmamus...
468 1464 500 1521 et
518 1460 560 1520 ad
581 1461 713 1523 clericos
732 1461 840 1522 illicite
863 1459 920 1520 suh
943 1458 1046 1519 alieno

55 1557 109 1618 laici
121 1557 244 1619 nomine
261 1557 509 1636 quomodolibet
523 1558 734 1637 negotiantes,
748 1557 881 1639 proinde
897 1575 934 1618 ao
948 1555 975 1617 si
989 1571 1046 1635 per

55 1673 77 1714 so
84 1654 157 1734 ipsos
169 1654 345 1734 acproprio
353 1653 482 1716 illorum
490 1657 618 1718 nominc
626 1656 830 1737 negotiaipsa
839 1655 948 1717 illicite
960 1670 1046 1714 excr-

56 1758 174 1817 terent...
187 1757 346 1833 perpetuo
361 1754 569 1816 extendimus.
586 1777 602 1811 »

99 1853 158 1913 Non
175 1851 251 1912 licet
269 1851 402 1929 proinde
416 1851 538 1913 clericis
553 1852 709 1932 negotiari
723 1871 780 1931 per
794 1851 903 1924 alium,
920 1846 1044 1912 etiamsi
1143 1849 1144 1854 ’

56 1950 131 2011 laicus
143 1947 349 2028 interpositus
364 1967 421 2011 suo
436 1950 567 2030 proprio
580 1951 707 2012 nomine
725 1956 884 2030 operetur,
902 1948 928 2010 si
942 1947 1046 2027 reipsa

56 2047 83 2107 sit
94 2048 217 2127 simplex
232 2046 454 2109 mandatarius
466 2047 588 2123 clerici;
601 2053 682 2110 esset
695 2048 779 2109 enirn
792 2046 965 2127 negotiatio
981 2043 1045 2124 pal·

56 2142 120 2209 lista.
360 2219 362 2228 Ι
1057 2225 1061 2232 .

98 2245 152 2306 Nec
172 2244 271 2308 etiam
292 2245 367 2307 licet
387 2244 570 2313 societatem
591 2244 846 2306 commercialem
866 2261 938 2305 cunr
959 2241 1047 2303 laicis

55 2338 123 2403 inire.
139 2342 172 2406 Si
186 2343 259 2422 quis
274 2348 380 2405 autem
395 2343 564 2422 pecuniam
580 2341 666 2423 apud
680 2347 889 2406 mercatorem
902 2340 1046 2415 collocet,

55 2437 165 2500 fructum
181 2441 284 2502 fixum
304 2442 355 2503 vel
373 2441 653 2503 indeterminatum
671 2460 729 2522 pro
747 2441 835 2503 vario
855 2440 941 2502 exitu
961 2455 1043 2500 oom-

56 2539 142 2600 nercii
158 2546 356 2620 recepturus,
373 2559 437 2602 non
454 2545 622 2620 reputatur
640 2540 807 2620 negotiari,
826 2539 921 2601 modo
935 2542 1044 2599 tamen

57 2634 187 2698 abstineat
207 2639 249 2699 ab
270 2638 357 2699 omni
376 2637 517 2717 gestione
536 2655 644 2700 rerum
662 2638 695 2699 in
714 2637 904 2700 commercio
923 2635 1042 2716 posita·

57 2750 119 2794 run.

99 2833 227 2895 Dubium
242 2839 290 2896 est
305 2834 388 2896 circa
397 2834 590 2915 emptionem
603 2835 754 2897 artronum
764 2834 950 2897 societatum
961 2851 1048 2895 conr-

58 2931 238 2993 nercialium.
256 2927 403 2994 Actiones
415 2951 479 2994 non
501 2938 575 2994 sunt
593 2931 822 2996 contundendas
840 2951 912 2994 cum
931 2931 1049 3014 obispo-

59 3025 174 3104 tiouitur,
186 3031 225 3091 de
237 3031 354 3108 quihus
367 3049 475 3110 supra.
491 3030 667 3106 «L'action,
679 3031 725 3093 uit
737 3031 919 3106 Pardessus,
931 3035 1049 3092 estune

61 3144 71 3176 l
82 3125 193 3202 portion
212 3128 345 3189 indivise
365 3128 444 3188 dans
460 3127 492 3189 la
511 3129 670 3208 propriete
689 3129 727 3190 de
746 3133 870 3192 toutce
893 3128 948 3210 qui
966 3145 1051 3190 com-

63 3238 144 3299 tposo
167 3225 195 3286 le
219 3227 312 3288 fonds
334 3226 468 3289 social...
488 3213 556 3290 Une
576 3227 682 3287 action
704 3227 784 3290 n'est
804 3228 915 3308 pas'la
937 3227 1041 3287 meme

63 3317 163 3384 «chose
184 3324 301 3404 qu’une
322 3323 455 3387 creance
477 3329 584 3386 contre
605 3324 637 3386 lo
656 3325 788 3388 Societe.
807 3349 824 3384 »
846 3325 949 3406 (Drot't
968 3343 1048 3386 com·

62 3419 168 3495 medai,
184 3426 206 3482 t.
222 3423 273 3497 lV,
289 3440 321 3502 p.
337 3425 388 3497 92,
405 3421 469 3502 93.)
480 3423 539 3496 Qui
549 3423 678 3486 uectores
690 3423 776 3502 emit,
792 3423 828 3484 fit
838 3423 1050 3504 coproprieta·

63 3510 109 3574 rius
116 3511 200 3579 tundi
209 3519 345 3595 socialis,
357 3521 515 3600 particeps
524 3519 605 3584 lucri
612 3526 645 3582 et
652 3521 763 3584 damni
772 3520 943 3596 societatis,
954 3521 1049 3601 juxta

63 3613 164 3688 regulas
173 3617 341 3694 societatis,
352 3618 509 3697 initasque
525 3619 760 3681 conventiones.
774 3643 790 3678 «
799 3619 954 3682 L’associe'
964 3638 1050 3682 com·

66 3727 76 3761 «
88 3714 259 3780 manditaire
272 3716 353 3778 n’est
366 3716 504 3798 possible
520 3715 574 3779 des
589 3722 694 3797 pentes
709 3737 769 3800 que
781 3717 909 3799 jusqu'a
923 3736 1051 3783 concur-
