2632 4260
256 267 377 328 astutia,
399 265 625 325 ostiensium,
647 265 727 313 tuan
750 265 910 315 inienuus.
1058 262 1089 315 13

91 403 147 446 esse
165 383 244 446 tueri
259 382 439 445 libertatem
455 381 613 444 Ecclesiae.
630 381 703 462 Ipsa
722 381 817 444 ctiam
832 388 925 445 aetate
941 401 1004 464 qna
1018 401 1087 446 arc·

91 479 1089 561 tioriloedereutraquesocietasuniebatnrincommuuebouum,

88 578 248 660 vigilabant
266 585 410 660 pastores
431 597 470 641 na
490 579 644 678 protectio
663 578 737 641 data
756 580 904 644 Ecclesiae
924 586 1088 644 converte-

87 679 192 740 retur‘
183 698 215 740 m
241 679 450 740 dominatum.
481 701 497 734 ιι
522 679 591 740 Νοιι
616 656 796 740 seulement
824 679 868 740 les
894 679 1019 758 princes
1051 699 1090 742 ne

90 802 102 836 ι
115 783 244 858 peuvent
253 777 321 838 rien
332 781 440 838 contre
454 760 593 854 l‘llglise,
605 775 705 838 osebot
719 775 869 852 Penelom
886 778 966 840 mois
976 796 1089 840 encore

87 900 101 932 ι
112 876 146 936 its
163 894 201 936 ne
218 880 358 956 pensent
375 875 443 937 rien
457 892 539 986 pour
558 873 619 936 elle
635 874 687 954 qn'
690 893 730 936 en
748 874 794 935 lui
812 874 980 938 obeissant.
1002 875 1026 937 Il
1044 881 1090 938 est

86 998 99 1030 ι
110 972 173 1036 ιιιι
185 990 247 1052 que
265 973 295 1034 le
310 973 419 1053 prinoe
437 972 534 1052 pieux
548 977 580 1034 et
599 972 663 1034 ztle
682 978 729 1034 est
747 979 874 1035 nomme
888 955 1034 1056 l’E'vdque
1049 973 1089 1036 du

85 1097 98 1129 ι
110 1069 208 1132 debora
225 1077 258 1133 et
276 1071 305 1132 le
316 1081 489 1152 protocteto·
505 1069 556 1132 des
569 1089 691 1150 conone,
710 1071 910 1151 expressions
927 1091 989 1153 que
1009 1091 1089 1134 nous

85 1189 122 1230 «r
123 1171 286 1250 epoterons
298 1187 374 1232 eveo
384 1169 449 1250 joie
464 1169 544 1230 dans
555 1168 584 1230 le
599 1187 670 1234 sens
682 1169 812 1232 modest
826 1169 881 1231 des
893 1169 1021 1232 enciens
1034 1170 1089 1249 qui

84 1293 96 1325 ι
108 1269 167 1329 s’en
179 1273 253 1330 sont
264 1268 362 1330 servis
375 1287 382 1344 ;
400 1267 480 1330 mais
494 1251 645 1348 l'llveque
658 1269 701 1329 du
712 1266 828 1329 dehors
840 1287 880 1330 ne
896 1268 963 1330 doit
972 1266 1089 1348 jamais

85 1393 95 1421 ι
108 1367 327 1446 entreprendre
345 1385 398 1428 sur
412 1366 458 1428 les
472 1365 632 1429 fonctions
649 1367 689 1427 de
705 1366 788 1428 celui
804 1366 847 1428 du
861 1365 1001 1442 dedans3
1019 1367 1041 1428 it
1055 1385 1088 1428 se

60 1544 62 1550 Ι
85 1491 95 1519 ι
107 1466 189 1542 tient,
202 1465 233 1526 le
248 1464 382 1544 glaivea
394 1465 426 1526 lo
435 1465 534 1541 main,
548 1464 764 1544 alapouedu
776 1465 963 1542 sanctuaire,
976 1464 1087 1526 maisit

85 1583 96 1619 ι
107 1562 199 1642 prend
215 1564 315 1641 garde
334 1563 388 1643 d'y
402 1568 508 1624 entrer
529 1581 537 1624 τ
558 1581 597 1623 en
614 1565 717 1624 meme
734 1568 835 1643 temps
851 1561 928 1644 qu'il
942 1566 1086 1644 protege.

81 1683 93 1714 ι
106 1660 125 1720 ιι
136 1661 231 1723 obsit.
247 1684 264 1718 n
279 1660 435 1742 (Dz‘scours
444 1681 524 1743 poor
536 1659 563 1722 le
573 1679 657 1724 sacre
669 1660 705 1722 de
719 1659 869 1724 delecter
880 1659 916 1723 de
931 1659 1087 1743 Coloqne.)

26 1823 27 1844 3
80 1759 189 1831 Quanto
205 1759 311 1840 magis
324 1759 481 1822 abstinere
493 1759 610 1822 debent
619 1759 789 1840 principes,
804 1760 837 1821 in
848 1765 932 1822 statu
940 1761 1088 1839 presenti

26 1871 27 1878 ¹
81 1857 239 1933 societatis,
266 1859 307 1920 ab
336 1859 424 1921 omni
444 1857 678 1939 impedimento
704 1858 845 1920 libertati
868 1858 1108 1923 ecclesiastice

79 1955 247 2018 atterendo!

26 2085 27 2128 t
129 2055 197 2117 31³.
214 2089 256 2100 —
271 2056 326 2116 ΙΠο
343 2054 414 2131 (lue
425 2057 487 2117 sint
494 2055 573 2138 jura
586 2053 732 2116 laicorum
748 2058 780 2117 in
793 2055 826 2117 E
827 2055 953 2119 eolesio?

126 2153 148 2216 l.
171 2154 260 2216 baici
270 2152 324 2235 jus
339 2154 459 2217 habent
473 2157 514 2217 ad
531 2154 806 2234 participationem
821 2157 978 2218 bonorum
992 2157 1085 2238 spiri-

79 2251 585 2316 tualiumcommnniumfidelibus
589 2253 1085 2335 ,juxtamodumprooorumdem

26 2355 27 2398 ι
78 2345 226 2412 bonorum
244 2351 480 2431 dispensatione
501 2355 541 2415 ab
565 2371 625 2415 auc
627 2351 754 2416 toritate
775 2353 986 2416 ecclesiastica
1004 2373 1085 2435 prae·

26 2421 29 2550 l
78 2449 228 2530 scriptum.
249 2450 304 2512 Jus
323 2451 433 2530 itaque
452 2451 573 2514 habent
590 2452 763 2532 recipiendi
780 2459 992 2530 sacramenta,
1009 2471 1082 2533 pos-

77 2553 137 2608 sunt
158 2547 312 2610 interesse
335 2549 542 2611 conventibus
561 2551 670 2628 sacris,
694 2550 808 2614 divinis
833 2551 1039 2630 officiis,et.c

77 2645 158 2706 nodo
172 2646 324 2708 studeant
337 2665 370 2708 se
385 2648 585 2710 conformare
597 2649 715 2726 regulis
730 2649 900 2712 canonicis

124 2743 160 2805 11.
177 2747 248 2806 Non
263 2751 396 2825 possunt
409 2745 469 2807 sibi
483 2745 666 2808 vindicare
653 2766 729 2826 Jura
743 2747 912 2811 clericalia.
929 2749 985 2811 Vel
999 2751 1083 2810 enim

77 2839 133 2902 heeo
144 2840 221 2920 jura
240 2842 428 2904 ordinantur
444 2843 485 2905 sd
502 2843 770 2925 dispensationem
787 2865 949 2907 sacrorum
965 2853 1082 2928 myste-
1133 2887 1136 2896 ·
1215 2845 1217 2852 ’

77 2938 195 3016 riorum,
217 2941 269 3003 vel
292 2942 337 3003 ad*
352 2942 503 3021 regimem
521 2962 629 3005 rerum
648 2944 942 3007 ecclesiasticarum.
965 2946 996 3006 ι0
1014 2949 1083 3008 Νοιι

26 3079 28 3128 ;
65 3045 196 3113 possunt
217 3040 250 3102 in
274 3039 372 3120 priori
396 3059 481 3115 casu,
509 3041 664 3122 siqnidem
689 3041 882 3123 dispensatio
906 3062 1083 3107 sacramen·

76 3139 168 3197 torum
190 3142 223 3198 et
246 3136 503 3200 benedictionum
529 3141 773 3203 sacerdotalium
796 3141 930 3222 requirit
950 3142 1081 3205 charac-

76 3235 163 3294 terem
176 3240 389 3311 sacramento‚
405 3240 461 3297 aut
472 3236 536 3298 ritu
548 3239 804 3313 consecrationis,
821 3239 936 3302 animae
948 3240 1080 3321 impres·

77 3323 217 3412 sum'quo
237 3331 310 3395 laici
329 3338 447 3396 carent.
466 3337 500 3395 2⁰
518 3338 626 3416 Neque
641 3337 705 3399 alin
724 3339 922 3418 praetendere
940 3344 1078 3418 queunt;
1166 3322 1170 3333 ¹

77 3447 149 3504 nam,
173 3431 279 3512 posita
302 3432 410 3494 divina
432 3435 654 3499 constitutione
675 3439 835 3515 Ecclesiae,
861 3437 963 3498 omnis
983 3437 1079 3516 J'uris·

77 3527 170 3606 dictio,
187 3529 220 3591 ιιι
236 3530 460 3612 qualicumque
474 3535 574 3614 gradu
586 3536 750 3612 consistat,
762 3553 855 3598 omne
868 3534 1008 3597 officinm
1024 3555 1080 3616 pu·

77 3623 182 3688 blicnm
205 3629 513 3694 administrationem
538 3633 585 3694 rei
612 3634 783 3715 spiritualis
810 3631 986 3710 includam,
1016 3653 1080 3695 non

78 3723 157 3786 aliter
170 3726 345 3806 aequiritur
361 3745 457 3809 quam
473 3730 672 3809 delegatione
687 3749 705 3792 e
723 3730 908 3792 Pectoribus
922 3736 1053 3809 accepta
1069 3749 1076 3792 :
