2588 4276
217 248 270 302 240
556 253 630 302 PARS
650 254 684 302 H.
704 253 888 303 ardunense.

217 372 281 432 lam
294 371 503 432 restrictivam
517 391 569 432 seu
586 371 808 450 disjunctivam
822 371 947 450 adjecit,
959 365 1102 431 natalias
1113 367 1221 431 ordine·
1261 351 1262 412 i

217 469 272 530 riis
286 469 417 530 locorum
432 470 634 530 constiterit...
655 469 701 550 (ιι0
714 468 799 551 teo),
821 470 854 529 id
873 469 1125 546 intelligendum
1139 469 1224 528 votuit
1260 482 1261 485 ’

218 567 417 629 solummodo
434 567 538 646 quoad
553 585 722 629 consensum
735 567 885 647 partium,
903 585 967 628 non
986 566 1101 646 quoad
1112 565 1223 626 illarum

217 664 400 744 citationem,
409 666 873 746 quatenusscilicetbipiscopus
884 664 1225 746 deberetquidemsen·

218 783 276 844 per
303 765 399 826 citare
424 783 533 826 omnes
552 765 702 826 interesse
728 765 894 843 habentes,
912 765 967 826 sed
991 783 1059 826 non
1077 767 1225 824 teneretur

219 863 337 924 habere
351 863 479 924 illorum
495 883 695 941 consensum,
711 863 737 924 si
752 863 880 924 aliunde
901 863 1025 926 noverit
1046 879 1226 924 eonsensum

219 961 369 1042 denegari
388 961 455 1023 sine
475 962 645 1024 sufficienti
663 981 767 1024 causa.
789 963 837 1023 Ita
860 961 1036 1042 praesertim
1054 959 1224 1038 Pignatelli.

280 1061 481 1122 Gomrnnnior
489 1062 614 1122 videtur
626 1061 732 1140 opinio
746 1079 842 1141 quam
853 1061 1025 1140 sequimur,
1040 1065 1077 1120 et
1093 1058 1228 1138 gravibus

220 1159 387 1220 momentis
409 1159 529 1220 nititur.
549 1162 579 1219 1⁰
602 1159 749 1221 Clausala
768 1160 944 1222 restrictiva
963 1178 1043 1238 puro
1062 1175 1102 1218 ac
1119 1157 1225 1236 simpli·

220 1257 297 1318 citer
316 1258 456 1332 additur;
481 1277 556 1336 ergo
572 1258 724 1319 debemus
739 1249 828 1318 illam
843 1259 884 1318 ad
897 1257 1086 1319 citationem
1101 1255 1227 1334 partium

220 1375 284 1418 non
299 1375 387 1416 secus
400 1375 436 1417 ac
447 1357 487 1417 ad
499 1356 627 1416 illarum
642 1375 830 1418 eonsensum
842 1375 1011 1436 apponere.
1026 1358 1062 1415 2⁰
1079 1351 1190 1416 Citatio
1202 1358 1225 1413 et

221 1473 466 1516 consensusnon
481 1454 677 1516 alienatione
693 1455 896 1533 postulantur
907 1473 927 1515 a
939 1455 994 1517 SS.
1012 1452 1225 1523 Pontificibus,

223 1571 317 1632 quam
338 1557 373 1613 ut
390 1553 593 1632 provideatur
613 1555 709 1615 statui
723 1554 872 1615 interesse
894 1553 1104 1625 habentium;
1123 1568 1192 1629 ergo
1206 1550 1225 1609 si

168 1649 170 1652 ’
221 1657 329 1730 aperte
344 1651 499 1730 Episcopo
516 1652 690 1713 constiterit
704 1671 819 1714 novam
834 1651 964 1713 domurn
976 1650 1107 1711 nullum
1123 1647 1225 1729 praeju-

222 1749 338 1810 dicium
358 1749 427 1810 aliis
447 1751 560 1811 afferre
579 1769 683 1830 posse,
702 1769 766 1814 non
786 1755 832 1812 est
852 1769 908 1811 cur
931 1750 1108 1830 procedere
1129 1746 1225 1807 debeat

223 1848 263 1910 ad
272 1847 453 1908 citationem
464 1853 495 1908 et
506 1847 758 1930 inquisitionem
771 1867 807 1910 eo
824 1849 936 1928 magis,
952 1849 1039 1927 quod
1054 1843 1226 1926 hujusmodi

222 1945 440 2025 inquisitiones
459 1947 546 2007 haud
566 1967 637 2008 raro
658 1947 743 2008 varia
762 1947 966 2026 incommoda
985 1947 1151 2007 adducant
1168 1941 1224 2002 ani·

223 2063 353 2124 mosque
362 2052 592 2108 commoveant.
605 2048 637 2106 3ο
647 2047 758 2107 Pravis
767 2053 914 2107 constans
923 2045 1083 2106 innostris
1092 2039 1225 2104 Ecclesiis

152 2151 155 2158 '
221 2139 513 2224 interpretationem
536 2145 644 2206 datam
664 2145 845 2220 confirmat;
870 2143 1018 2205 omnibus
1036 2142 1114 2204 satis
1129 2144 1223 2201 notun

224 2249 271 2304 est
284 2243 466 2324 EpiscopoS,
483 2243 515 2304 in
540 2243 627 2326 bisce
643 2244 824 2323 provinciis,
842 2261 905 2304 non
920 2242 1122 2304 consuevisse
1143 2238 1225 2299 citare

223 2341 399 2422 superiores
426 2347 638 2403 conventuum
665 2342 878 2412 existentium,
909 2341 1035 2419 quando
1067 2339 1170 2418 agitur
1194 2333 1224 2392 de

223 2441 373 2519 erigenda
391 2459 474 2502 nova
491 2440 585 2501 domo
607 2439 770 2519 religiosa;
794 2457 861 2512 nec,
887 2439 943 2500 ubi
965 2438 1044 2499 nulli
1066 2431 1225 2515 Regulares

223 2539 340 2600 ibidem
359 2539 506 2612 existunt,
522 2539 665 2599 locorum
684 2538 805 2599 incolas
820 2543 851 2599 et
867 2537 1064 2598 habitatores
1079 2539 1222 2596 uteorum

225 2633 412 2698 consensum
427 2637 601 2711 obtineant,
617 2637 886 2717 quemadmodum
896 2636 1118 2716 praescriptum
1131 2630 1186 2692 fuit
1198 2628 1222 2687 in

225 2734 447 2797 constitutione
462 2735 602 2813 Gregorii
616 2737 678 2810 XV,
696 2735 750 2796 sed
763 2741 875 2814 sponte
889 2735 1063 2796 concedere
1079 2729 1220 2793 licentiam

225 2833 357 2914 petitam
381 2852 438 2913 pro
465 2835 553 2894 novis
575 2830 798 2908 erectionibus
821 2834 944 2914 quoties
965 2832 997 2893 id
1022 2835 1222 2913 opportunum

224 2931 377 3013 judicant.
395 2932 427 2994 Si
436 2932 916 2993 admittereturadversariorum
928 2927 1047 3011 opinio,
1061 2926 1222 2992 nullaesset

226 3029 311 3108 apud
324 3048 380 3091 nos
396 3029 509 3092 domus
523 3029 671 3108 religiosa
686 3030 837 3092 canonice
853 3034 883 3091 et
897 3029 1000 3091 valide
1016 3034 1134 3101 erecta;
1152 3018 1222 3104 quod

226 3133 310 3192 certe
330 3147 422 3190 nemo
442 3128 597 3190 admittet.
614 3130 714 3190 -lta
733 3128 882 3203 Ferraria
901 3127 1112 3202 Reiffenstuel,
1127 3125 1220 3186 Leure-
1261 3197 1262 3216 ἦ

226 3227 307 3301 nius,
323 3227 457 3288 etmulti
473 3227 526 3287 alii
541 3231 606 3288 tam
625 3233 757 3303 veteres,
775 3245 871 3306 quam
884 3227 1076 3288 recentiores
1093 3225 1115 3286 ¹.

285 3314 376 3388 Nota.
398 3326 529 3398 Quando
544 3326 728 3405 Episcopus
750 3330 861 3405 sponte
881 3325 1022 3418 propriu,
1047 3323 1132 3384 nulia
1152 3319 1218 3378 facta
1261 3317 1262 3386 ξ

277 3531 300 3578 1.
312 3527 460 3590 Pignatelli,
474 3525 698 3577 consultationum
712 3530 779 3578 tom.
796 3527 817 3587 I,
833 3525 947 3576 Conanti.
962 3527 1061 3584 1”19,ιι0
1076 3527 1113 3575 50.
1126 3547 1149 3558 -
1161 3512 1216 3568 Reii·
1261 3515 1262 3520 ’

229 3603 345 3654 ienstuel
357 3603 385 3653 in
397 3603 435 3654 tit.
449 3617 614 3654 praecissus
625 3617 797 3665 normannum,
810 3603 856 3652 lib.
866 3616 893 3652 ιιι
904 3603 1016 3662 Deerat,
1031 3611 1064 3650 n0
1075 3601 1113 3650 42.
1132 3622 1155 3634 -
1165 3595 1216 3644 Leo·

228 3679 319 3730 renius
336 3679 364 3728 iu
379 3680 468 3730 eumd.
488 3681 541 3744 tit,
561 3683 656 3744 quaest.
676 3681 731 3732 997.
751 3707 780 3715 -
795 3678 921 3739 Ferraris,
941 3687 970 3726 v⁰
987 3672 1214 3736 Consentinum,
1261 3703 1262 3720 1

229 3757 268 3805 nt*
279 3757 318 3816 22,
330 3757 374 3804 23,
