2642 4268
148 240 215 288 ΛΒΤ.
237 241 271 288 11.
292 242 475 291 crederetui
496 245 533 292 ET
552 243 728 292 sepullum
747 241 979 300 nucnusmsrlcl.
1019 235 1071 290 465

34 355 143 436 (cap.
161 356 262 432 Decet,
278 361 308 431 2,
326 375 363 418 uu
378 359 576 424 qunrursru
590 361 691 434 Ecca,
707 359 740 419 in
754 359 828 439 v1⁰);
845 357 956 418 iisdem
975 358 1073 438 privi-

32 453 163 532 legiis,
179 455 378 517 immunitate
394 462 425 517 et
438 457 508 536 jure
523 457 614 538 asyli,
631 457 789 518 fruuntur.

115 553 156 612 Vi
179 551 274 630 hujus
299 554 526 616 benedictionis
548 540 729 616 coemeteria
751 553 832 614 fiunt
854 552 925 614 loca
948 571 1037 615 sacra
1059 571 1068 614 τ

38 648 167 710 fideles
191 668 325 729 quorum
352 671 495 731 corpora⁴
509 652 555 712 ibi
577 652 775 725 tumulantur
800 650 981 730 participes·
996 657 1070 712 suut

36 765 189 825 precum
203 752 236 808 et
247 749 470 827 suffragiorum
484 748 629 812 Ecclesiae
645 748 809 810 catholica
823 765 831 809 τ
844 748 962 809 idcirco
977 767 1068 810 cave·

40 850 104 906 tur
126 847 337 908 communiter
355 852 389 908 nt
408 848 440 908 in
460 849 571 909 eadem
592 847 718 914 civitate
738 847 800 907 sint
817 845 881 908 dno
901 851 957 906 aut
976 845 1069 925 plura

43 943 383 1024 coemeteriaquorum
393 944 693 1030 alterum,deserriat
703 943 873 1023 sepulturae
880 943 1066 1018 infidelium,

43 1038 101 1100 vel
123 1039 238 1102 saltem
259 1061 333 1122 pars
353 1043 461 1122 aliqua
481 1041 651 1104 eoemeterii
670 1060 771 1118 muro,
792 1042 888 1113 fossa,
909 1045 963 1101 aut
978 1059 1066 1120 sepe,

46 1142 232 1216 separetur,
249 1159 320 1220 quae
335 1141 423 1202 nulla
438 1140 655 1202 benedictione
670 1143 873 1201 consecratur
883 1139 905 1198 ¹.
998 1187 1000 1194 .

112 1237 152 1297 111.
172 1237 358 1299 Coemeteria
370 1239 484 1300 iisdem
503 1238 624 1300 aclibus
639 1237 824 1317 polluuntur
838 1236 952 1316 quihus
966 1233 1067 1316 pollui

45 1332 192 1394 diximus
207 1335 378 1396 Ecclesiam
393 1335 439 1417 (ιιο
450 1338 520 1410 557,
537 1355 569 1415 p.
585 1333 656 1416 440)
666 1355 673 1410 ;
684 1334 825 1414 quinimo
837 1353 878 1394 ex
888 1333 1065 1414 pollutione

45 1430 202 1493 Ecclesia
219 1433 308 1512 sequi
326 1433 534 1513 pollutionem
545 1432 717 1496 coemeterii
730 1431 755 1492 si
770 1431 993 1509 eicontiguum
1012 1431 1063 1504 sit,

48 1528 206 1590 statuitur
223 1530 256 1590 iu
275 1549 344 1610 cap.
363 1529 646 1607 aecclesiarum
666 1531 927 1608 Cousncnlrmun,
949 1528 982 1588 iu
999 1525 1062 1603 vd}

50 1625 249 1688 ubiadditur
264 1645 271 1689 ε
292 1652 307 1682 ι
322 1631 392 1688 Νοιι
404 1629 450 1690 sie
462 1617 589 1708 quoque
601 1628 635 1688 in
645 1645 720 1690 casu
733 1645 884 1689 converso
899 1625 1062 1700 sentimus,

50 1744 66 1780 n
82 1727 120 1782 ut
131 1723 286 1784 videlicet
294 1725 416 1804 polluto
433 1726 624 1800 coemeterio,
640 1725 783 1804 quamvis
800 1724 946 1788 Ecclesia
961 1723 1061 1786 eonti-

47 1844 63 1877 «
78 1839 159 1899 gno,
176 1822 290 1884 dehent
300 1823 440 1884 Ecclesia
449 1823 591 1903 reputari
603 1823 742 1902 polluta;
753 1841 793 1884 ne
803 1821 905 1884 minus
917 1822 1060 1899 dignum,
1122 1877 1125 1894 ,

50 1939 64 1976 ιι
78 1919 205 1998 majus3
218 1925 273 1981 aut
288 1922 509 1995 accessorium,
524 1921 698 2001 principale
714 1921 754 1982 ad
768 1939 801 1980 se
815 1919 940 1981 trahere
954 1919 1063 1981 videa·

48 2037 63 2072 n
78 2020 145 2078 tur.
159 2039 174 2072 »
188 2017 345 2079 Polluitur
357 2019 455 2096 igitur
463 2018 692 2080 coemeterium:
702 2017 923 2090 l⁰homicidio,
935 2021 966 2076 et
980 2016 1059 2076 ellu-

44 2112 135 2174 sione
147 2115 285 2192 graviter
294 2115 446 2195 injuriosa
456 2117 617 2194 sanguinis
625 2114 759 2178 humani
769 2133 777 2189 ;
789 2117 821 2174 2⁰
830 2118 960 2194 peccato
972 2119 1060 2174 exte·

44 2210 111 2271 rius
121 2218 341 2275 consummato
352 2219 462 2276 contre
472 2214 648 2276 castitatem
658 2212 784 2292 elquod
794 2211 956 2290 publicum
966 2211 1057 2272 deve·

44 2308 139 2382 nerit,
156 2328 209 2371 seu
226 2311 403 2387 notorium;
420 2315 452 2374 3⁰
467 2312 686 2374 inhumatione
705 2309 852 2383 infidelis,
868 2309 919 2369 vel
933 2326 1058 2371 excom·

44 2405 383 2470 munientidevilaudi.
1148 2395 1151 2401 Ι

104 2504 158 2564 llI.
167 2503 204 2566 Si
212 2505 379 2584 eontigerit
389 2506 489 2585 pollui
499 2507 724 2583 coemeterium,
739 2527 754 2564 ιι
764 2509 934 2585 antequam
944 2522 1065 2570 recon·.

48 2621 63 2657 ι
78 2601 219 2663 ciliatum
234 2605 340 2679 fuerit,
357 2622 421 2666 non
441 2605 534 2667 debet
552 2605 665 2685 aliquis
679 2604 712 2664 in
729 2622 765 2665 eo
781 2602 950 2682 sepeliri».
967 2601 1054 2682 (Gap.

43 2696 82 2758 Sc'
94 2698 263 2762 Eccleucm
281 2721 357 2764 mon
376 2702 530 2782 citatum.)
546 2701 769 2764 Reconciliatio
783 2701 819 2760 tit
831 2701 872 2762 ab
886 2700 1054 2780 Episcopo,

43 2795 93 2856 vel
106 2799 290 2878 presbytero
301 2801 352 2861 cui
361 2800 394 2861 id
404 2819 518 2861 munus
528 2799 725 2878 delegatione
738 2797 911 2877 episcopali
924 2796 1054 2858 deman·

44 2892 154 2954 datum
176 2900 233 2972 est,
258 2902 380 2959 servato
401 2898 463 2959 ritu
485 2897 652 2977 praefinito.
678 2896 879 2958 Innocentius
904 2895 946 2956 lll
970 2912 1053 2974 prae·

44 2991 168 3071 scripsit
189 2999 225 3054 ut
246 2993 271 3054 si
293 3013 426 3075 corpora
447 2995 788 3057 excommunicatorum
802 3011 857 3073 per
870 2992 1054 3054 violentiam

44 3087 233 3167 aliquorum,
245 3091 298 3152 vel
310 3091 372 3153 alio
386 3112 471 3168 casu,
482 3093 516 3152 in
531 3091 711 3154 coemeterio
723 3090 933 3154 eeclesiastico
945 3096 1052 3158 tumu-

67 3233 70 3241 ’
90 3243 113 3289 l.
122 3239 230 3290 Parisiis
240 3243 390 3293 coemeteria
399 3244 461 3292 urbi
469 3242 625 3306 adjacentia,
634 3253 693 3299 uuae
705 3239 738 3290 ad
749 3239 914 3302 sepulturam
925 3252 1051 3303 quorum·

45 3327 158 3379 cumque
176 3315 274 3366 ciuium
291 3317 423 3369 destinata
439 3323 510 3379 sunt,
525 3323 617 3368 carent
632 3314 826 3367 benedictione.
842 3316 975 3376 Attamen,
991 3327 1052 3364 cum

44 3391 128 3440 omnis
153 3391 315 3443 christianus
336 3393 364 3443 in
386 3393 574 3444 communione
593 3390 713 3441 lldelium
734 3389 887 3451 defunctus,
906 3389 1003 3439 debeat
1022 3389 1051 3439 in

45 3467 195 3516 coemeterio
212 3468 351 3519 benedicto
365 3469 480 3533 sepeliri,
493 3467 617 3520 sacerdos
634 3466 682 3530 qui
698 3465 811 3529 alicujus
824 3465 943 3514 defuncti
955 3477 1050 3526 eorpus

43 3540 75 3589 ad
86 3542 252 3605 sepulturam
264 3545 413 3604 comitatur,
425 3546 455 3593 nt
467 3543 606 3606 exsequias
618 3541 642 3592 ei
656 3541 707 3590 rite
719 3541 813 3601 solvet,
827 3540 927 3590 lessam
940 3539 977 3589 illi
990 3538 1049 3592 desae
1122 3599 1124 3604 ¹

44 3617 153 3668 tinctam
164 3619 323 3668 benedicere
331 3633 393 3670 uon
405 3619 512 3680 omittit,
524 3621 666 3682 antequam
676 3616 759 3667 humo
770 3615 911 3668 mandetur
925 3615 1048 3675 cadaver.

45 3693 155 3754 (llitunle
170 3695 264 3756 Paris,
279 3695 311 3744 de
324 3695 480 3760 Ensequiis).
