2568 4272
93 276 190 324 ART.
209 275 263 324 v11.
286 273 471 323 lueromrls
490 274 693 324 inaccrescit
714 276 746 324 lli
767 275 955 324 annullans.
994 269 1046 326 tls

53 391 280 472 Hujusmodi
294 392 546 454 ordinationibus
558 392 788 473 providebatur
799 393 893 454 simul
907 393 1046 456 auctori·
1063 423 1065 428 ι

0 490 52 551 ti
83 491 341 572 Episcoporum
365 497 397 553 et
422 491 584 553 securitati
609 492 883 553 monasteriorum.
908 492 1048 554 Abbatcs

10 589 109 651 bere
139 591 351 672 eligebantur
366 609 386 651 a
404 590 649 670 congregatione
668 591 814 668 fratrum,
832 607 929 670 quarn
950 592 1048 653 semel

7 687 97 749 lecti
115 690 291 770 regebant
304 690 395 771 juxta
405 690 531 769 regulas
546 689 889 770 suipropriilnstituti3
901 689 1048 771 Episcopi

0 791 119 848 utem
151 789 330 850 servabant
347 788 601 869 jurisdictionem
623 788 832 868 spiritualem.
853 790 928 851 Haec
952 807 1048 850 causa

1 887 57 946 uit
74 905 149 947 cur
168 887 279 967 plnres
293 886 483 948 sanctissimi
497 887 647 967 praesules
662 888 718 968 qni
729 887 921 949 monasteria
936 906 1047 948 erexe-

12 989 89 1060 ant,
109 986 219 1046 enixe
240 985 471 1065 postulaverint
485 1005 505 1048 a
521 988 637 1070 Sancta
652 986 732 1048 Sede
752 987 903 1049 horumce
918 1005 1046 1049 monas·

12 1085 181 1145 ariorum
204 1083 451 1164 exemptionem,
477 1090 632 1164 quatenus
655 1085 773 1164 regulae
798 1086 961 1147 immutari
983 1078 1047 1147 non

10 1187 165 1257 ιοεεθιιι,
183 1201 243 1245 nec
254 1182 340 1244 bona
356 1182 501 1259 alienari,
518 1185 718 1246 nectendam
733 1183 902 1264 disciplina
917 1184 1047 1264 aliquod

2 1283 255 1343 detrimentum
267 1281 415 1362 experiri,
434 1301 453 1343 a
468 1283 532 1343 suis
545 1283 578 1343 in
596 1283 785 1362 Episcopatu
800 1283 1046 1345 successoribus.

62 1381 109 1442 ll.
131 1381 292 1454 Quamvis
302 1381 373 1460 lege
389 1381 552 1442 communi
570 1381 672 1442 omnis
682 1381 860 1460 jurisdictio
873 1381 1048 1462 spiritualis

7 1485 243 1542 reservaretur
264 1479 431 1560 Episcopo,
454 1498 636 1542 concessum
661 1479 832 1559 aliquando
856 1480 917 1540 fuit
939 1497 1048 1541 mona-

13 1577 93 1652 cbis,
134 1577 332 1639 anctoritate
360 1571 557 1658 Aponolica,
586 1584 622 1639 ut
647 1584 831 1641 exercerent
853 1579 886 1639 in
911 1579 1047 1657 gratiam

13 1674 289 1737 christifidelium
303 1693 428 1737 sacrum
442 1676 663 1751 ministerium,
678 1677 778 1756 eujus,
791 1676 928 1757 exempli
938 1694 1045 1750 causa,

14 1773 249 1853 probationem
261 1773 453 1836 deducemus
465 1791 505 1835 ex
514 1774 681 1854 privilegio
692 1775 766 1836 dato
777 1775 1048 1836 nonnullisabba-

13 1872 108 1947 tibus,
118 1876 168 1934 et
189 1872 380 1954 quibasdam
395 1871 464 1934 aliis
479 1873 679 1950 regularibus
694 1873 811 1935 eximia
829 1875 947 1939 virtute
962 1891 1045 1953 pra-

19 1969 97 2047 ditis,
117 1971 242 2051 quibus
262 1971 316 2034 SS.
336 1970 506 2034 Pontifices
529 1971 703 2033 identidem
728 1972 797 2034 hec
815 1971 860 2033 ita
878 1972 1042 2033 indefinite

16 2068 225 2131 indulserunt
245 2087 253 2132 :
273 2093 288 2125 ιι
311 2070 517 2132 concedimus
539 2071 597 2131 tibi
620 2071 795 2151 predicare
817 2071 954 2134 verbum
976 2071 1044 2146 Dei,

24 2189 37 2222 ιι
50 2169 155 2230 sancti
172 2169 261 2230 Petri
274 2169 462 2232 auctoritate
477 2173 510 2230 et
522 2173 633 2230 nostra
644 2171 667 2230 ¹.
685 2191 701 2226 e

73 2268 325 2348 Frequentiores
343 2285 420 2342 vero
442 2273 610 2330 evaseruut
634 2268 885 2348 exemptionesa
902 2274 1045 2350 ternpore

25 2383 80 2443 quo
95 2365 236 2426 formari
248 2366 446 2446 incoeperunt
459 2367 723 2446 congregationes
731 2368 790 2428 sub
798 2385 862 2430 uno
874 2369 1046 2448 praeposito

25 2464 164 2538 generali
183 2481 190 2525 :
204 2463 399 2544 impossibile
414 2465 543 2544 quidem
557 2465 668 2528 luisset
681 2466 849 2546 providere
863 2467 979 2528 unitati
993 2485 1043 2528 re·

28 2561 160 2642 giminis,
181 2563 207 2622 si
222 2563 413 2624 monasteria
427 2564 460 2623 in
473 2564 569 2624 variis
586 2564 757 2643 provinciis
772 2570 888 2642 erecta,
906 2571 938 2626 et
949 2583 1043 2644 regu·

27 2659 102 2720 lares
114 2661 312 2741 ubicumque
326 2668 529 2723 versarentur
539 2663 687 2742 explendi
695 2680 820 2725 sacrum
834 2664 1045 2725 ministerium

31 2776 129 2835 cansa,
145 2761 374 2822 remansissent
394 2761 451 2822 sub
464 2761 684 2841 jurisdictione
699 2763 899 2842 singulorum
913 2763 1043 2842 Episco-

30 2875 145 2933 porum.
168 2861 312 2938 Insuper,
338 2877 395 2939 per
417 2859 638 2922 immediatam
664 2859 1042 2942 subjectionemsanctae

32 2955 106 3032 Sedi,
126 2958 288 3020 efficacius
306 2957 535 3038 providebatur
549 2957 723 3040 disciplinae
743 2960 898 3038 religiosae
913 2962 1042 3040 regula-

32 3052 113 3116 rium.
124 3057 359 3136 Exemptiones,
371 3055 650 3137 immunitatesque
661 3057 758 3137 ajure
769 3059 954 3139 episcopali,
968 3077 1041 3120 cum

35 3151 114 3214 valde
132 3155 320 3234 prodessent
339 3154 424 3216 bono
444 3156 606 3216 communi
628 3156 786 3232 ordinum,
807 3157 956 3218 omnibus
971 3159 1042 3218 fne-

35 3255 98 3310 runt
115 3269 205 3334 aeqae
225 3253 385 3338 probatae3
401 3271 459 3315 nec
480 3259 566 3316 ortas
585 3253 827 3316 reclamationes
847 3259 878 3318 et
897 3257 1043 3336 querelas

38 3337 175 3428 stemus,
202 3357 374 3431 antequam
394 3351 622 3414 ‚Mendicantes
651 3352 848 3414 obtinuerint
878 3354 1069 3433 privilegia,

78 3537 98 3582 l.
110 3534 256 3599 Marculphi
271 3534 455 3586 Formuloram
465 3534 540 3592 lib.l
556 3535 588 3584 de
601 3533 750 3599 Prioiteqio.
763 3537 824 3587 Not.
840 3536 875 3586 ad
889 3537 937 3588 lib.
950 3539 962 3588 1
976 3539 1045 3590 Mar·

44 3605 274 3672 calphi-Belmina,
287 3610 453 3676 Capitulum
465 3625 556 3674 rapum
566 3613 735 3674 Francorum,
746 3616 766 3662 t.
783 3613 816 3672 Il,
829 3613 879 3664 col.
893 3616 937 3664 371
951 3618 978 3665 et
989 3617 1044 3668 886.

42 3706 66 3716 -
77 3683 188 3736 Eccmen
201 3687 353 3736 historicum
369 3685 414 3738 lib.
430 3685 546 3736 Mariani
563 3685 715 3748 Verboeven,
730 3701 787 3752 cap.
804 3703 829 3738 rx
844 3692 870 3739 et
886 3703 920 3740 rr.
934 3718 964 3726 -
976 3691 1044 3741 'lho-

45 3761 137 3822 nassin,
147 3767 215 3827 part·
227 3763 249 3824 l,
262 3763 308 3814 lib.
323 3763 369 3826 lll,
383 3777 443 3827 cap.
456 3775 514 3814 xxvi
527 3761 559 3813 ed
573 3777 623 3812 xm.
