2582 4278
251 305 324 360 122¹
615 301 892 368 classicianus,
944 365 948 370 ‚

227 483 230 487 .
307 428 343 488 ln
360 425 467 491 Galliis
483 424 623 506 capitula
636 424 847 488 Ecclesiarmn
862 423 1095 490 cathedralium
1111 441 1175 486 non
1191 431 1251 486 sunt

248 534 415 586 numerato.
433 523 603 586 Pensiones
617 542 636 584 a
651 521 1024 602 garberniocivilisolutae
1039 521 1148 600 locum
1158 526 1252 586 tenent

249 622 379 684 totidem
391 621 635 700 praebendarum
648 621 952 699 didipalarumsFae
961 619 1094 700 proinde
1111 618 1252 699 eritllpis

250 739 330 799 copo
352 737 468 796 augere
487 737 655 781 numerum
674 717 929 796 canonicatuum,
951 718 1009 781 sub
1028 735 1070 780 ea
1085 717 1252 780 conditione

249 817 411 896 premissa
426 817 511 896 qnod
526 817 677 897 procedat
692 835 764 878 curn
779 835 908 878 assensu
921 815 1062 894 capituli,
1077 819 1111 877 et
1124 815 1207 894 quod
1219 814 1253 874 in·

249 933 343 994 super
362 914 541 993 prebenda
556 913 798 976 constituantur.
819 915 888 976 Non
907 913 1036 995 expedit
1055 918 1165 974 tamen
1184 931 1254 972 exse·

250 1011 498 1090 quiercotionem
506 1011 680 1085 titulorum,
691 1011 751 1086 nisi
759 1011 927 1074 accesserit
935 1029 1113 1075 consensus·
1120 1009 1253 1088 principis

250 1110 426 1182 saecularis3
440 1108 519 1170 alias
532 1129 597 1172 non
606 1109 800 1172 sufficienter
809 1109 1055 1172 removebuntur
1064 1106 1254 1170 difficultates

249 1225 321 1286 quae
336 1208 434 1269 scrius
448 1207 536 1268 ocius
550 1207 730 1282 obvenient,
747 1207 774 1268 si
787 1207 1029 1270 deliberationes
1041 1205 1177 1286 capituli
1187 1204 1254 1265 dele-

248 1311 361 1366 rantur
375 1305 416 1365 ad
432 1305 631 1382 gnbernium,
649 1323 713 1366 non
728 1304 855 1383 quidem
864 1304 936 1384 jure
948 1303 1103 1366 canonico
1119 1302 1152 1362 id
1163 1319 1255 1362 conce

250 1403 355 1476 dente,
373 1401 428 1462 sed
437 1400 531 1480 juxta
545 1401 760 1465 ordinationes
772 1402 897 1478 civiles3
913 1423 944 1464 v.
959 1421 1003 1482 g„
1021 1387 1152 1480 quando
1166 1398 1254 1477 agitur

250 1500 289 1560 de
309 1499 515 1578 deputatione
534 1499 644 1562 vicarii
659 1499 852 1580 capitularis,
871 1499 923 1562 vel
942 1485 1039 1562 etiam
1058 1499 1099 1560 de
1118 1496 1253 1576 regimine

252 1597 408 1656 honorum
421 1597 655 1676 temporalium.

310 1695 363 1756 111.
380 1695 458 1758 Gom
468 1693 706 1758 canonicatibus
716 1694 759 1758 ed
769 1695 896 1758 docerer
907 1694 1254 1771 nullaaunexasitprae·

246 1792 365 1868 honde,
386 1791 509 1854 facilior
527 1797 574 1854 est
591 1812 746 1857 novorum
764 1793 930 1866 titulorum
947 1793 1150 1855 creatioalle
1164 1797 1253 1851 tamm
1274 1807 1275 1824 ³

249 1889 379 1951 vilescat
392 1889 560 1966 institutio,
580 1908 619 1952 ea
637 1897 685 1952 est
704 1891 872 1971 disciplina
888 1890 1037 1964 Ecclesiae
1054 1895 1091 1951 ut
1110 1906 1202 1970 parce
1213 1884 1254 1946 ad·

251 1988 381 2049 modum
391 1991 497 2048 elnon
507 1987 618 2050 nisiad
630 1989 829 2062 muneranda
840 1987 975 2068 alicujus
987 1984 1251 2068 personemerita,

250 2084 302 2146 rel
321 2083 464 2161 divinum
483 2085 604 2146 cultum
624 2086 805 2166 augendum
820 2091 852 2148 et
869 2086 1144 2165 amplificandum,
1161 2080 1254 2144 titulus

252 2182 456 2246 canonicatus
477 2182 645 2244 tribuatur.
671 2207 688 2240 (ι
707 2186 776 2246 Non
796 2183 880 2245 ultra
898 2184 1029 2246 modum
1046 2181 1159 2262 augeri
1176 2178 1253 2240 dehet

252 2299 434 2342 «numerus
453 2280 679 2342 canonicorum
697 2281 739 2342 ad
756 2281 891 2352 honores,
910 2281 1003 2342 aiunt
1019 2284 1131 2344 Patras
1148 2272 1253 2342 concilii

252 2401 268 2434 u
282 2377 527 2455 Burdigalensis
552 2397 604 2440 an.
630 2379 720 2452 1850,
745 2384 777 2440 et
802 2398 839 2440 eo
861 2380 954 2442 titulo
976 2379 1093 2441 debent
1113 2374 1274 2457 praecipuei

254 2499 269 2530 «
284 2475 423 2554 capitulo
438 2475 616 2554 aggregari,
634 2475 689 2554 qui
703 2475 801 2537 choro
812 2477 962 2540 interesse
976 2475 1110 2555 possint,
1127 2479 1158 2535 et
1168 2469 1254 2534 Erote
1273 2451 1274 2502 l

254 2593 269 2626 «
285 2570 338 2634 siae
353 2571 530 2635 cathedrali
544 2572 706 2634 inservire.
722 2594 737 2630 o
756 2573 831 2654 (Tit.
845 2591 885 2648 rr,
902 2591 971 2652 cap.
987 2571 1068 2652 v111.)
1079 2573 1115 2634 In
1128 2564 1253 2632 Ecclesiis

252 2668 487 2730 cathedralibus
505 2670 628 2730 noviter
645 2671 767 2745 erectis,
785 2690 908 2733 necnon
927 2671 960 2732 in
977 2669 1104 2732 statutis
1121 2663 1254 2746 capitula·

251 2765 338 2826 ribus
351 2784 460 2827 recens
476 2768 672 2846 approbatis,
693 2768 810 2830 Sancta
825 2768 1007 2848 Apostolica
1023 2767 1120 2828 Sedes
1135 2758 1253 2845 providit

227 2881 229 2888 ·
252 2882 292 2924 ne
312 2865 483 2953 plusquam
501 2865 613 2943 viginti
634 2872 818 2940 crearentur
837 2866 981 2928 canonici
999 2864 1179 2936 honorarii;
1202 2859 1253 2918 iffl0

252 2962 427 3023 cathedrali
439 2983 542 3043 nuper
556 2969 669 3031 erecta
682 2966 793 3028 decem
806 2965 962 3027 duntaxat
973 2963 1129 3027 concessit
1141 2962 1168 3034 1;
1183 2951 1254 3036 quod
1272 3013 1273 3038 ᾗ

252 3059 328 3120 satis
353 3060 472 3123 indicat
495 3081 592 3142 quam
616 3063 779 3126 moderate
799 3062 1036 3143 procedendum
1063 3061 1113 3136 sit,
1139 3058 1171 3120 in
1192 3050 1273 3132 ipsis

251 3157 350 3221 etiam
364 3155 510 3222 Ecclesiis
525 3177 661 3239 quarum
675 3165 793 3224 statuta
807 3160 888 3222 nihil
904 3178 999 3239 super
1015 3177 1054 3220 ea
1068 3177 1102 3219 re
1115 3148 1252 3236 prefinit-

252 3264 327 3319 runt
337 3259 361 3319 ².

300 3395 325 3440 1.¹
336 3391 367 3440 In
380 3391 476 3440 litteris
491 3391 644 3454 apostolicis
667 3391 765 3456 quibua
787 3381 899 3458 erigitur
917 3391 982 3442 eccl.
1000 3387 1157 3441 camedralis
1172 3379 1251 3436 Vallis·

253 3463 382 3514 Gnidonis
394 3465 504 3529 (Laral),
519 3465 556 3514 ita
568 3467 694 3516 statuitur
706 3467 740 3518 de
752 3468 889 3520 canonicis
899 3465 1049 3518 honorariis
1064 3479 1071 3516 ι
1089 3483 1102 3510 α
1111 3465 1159 3516 Fas
1168 3462 1219 3511 asto
1227 3452 1252 3503 ut

255 3558 267 3582 o
280 3539 432 3602 aliquorum
441 3540 632 3591 canonicorum
639 3541 846 3594 honorariorum
854 3555 984 3593 numerus
992 3540 1114 3602 addatur,
1123 3537 1167 3602 qui
1176 3540 1250 3584 tamen

254 3633 267 3660 o
280 3613 458 3665 titulariorum
475 3617 665 3668 canonicorum
682 3631 826 3668 numerum
846 3619 957 3667 minime
974 3618 1096 3676 excedat,
1113 3612 1250 3670 nullamque
1271 3675 1272 3688 ἶ

256 3702 372 3738 «vocem
386 3692 589 3756 gestioncmque
599 3693 626 3742 in
641 3693 760 3756 capitulo
776 3693 902 3744 habeant.
922 3713 934 3738 o
950 3693 1001 3742 An,
1013 3693 1083 3741 1855.
1271 3697 1272 3700 ’

300 3765 490 3817 attaminatio
510 3769 700 3820 canonicorum
714 3769 920 3821 honorariorum
939 3767 1108 3832 praerequirit
1121 3758 1247 3817 Ecclesiam
1271 3749 1272 3822 l
