2632 4260
238 205 271 257 24
606 205 682 254 rius
702 205 733 252 ll.
754 205 884 254 cunulel.

237 325 329 388 Retio
342 323 438 404 hujus
451 321 626 402 disciplinae
640 321 700 384 fuit
713 341 754 384 ne
770 321 877 386 clerici
893 327 1086 402 vagarentur
1099 341 1157 403 per
1169 322 1250 384 dios·

237 441 335 496 ceses,
350 441 370 486 n
384 440 442 484 sno
465 418 622 500 Episcopo
641 418 890 500 independenter
906 437 914 482 :
930 418 992 482 hnc
1010 419 1141 501 insuper
1158 419 1250 482 disci·

236 521 325 602 plina
352 518 513 601 provisum
541 517 601 579 fuit
628 517 870 580 necessitutibus
898 518 1129 599 temporalibus
1157 517 1252 580 cleri-

237 638 356 683 corum.
411 643 412 648 ¹

297 718 432 794 Titulus,
448 735 537 780 more
549 717 717 795 hodierno,
731 716 920 797 intelligitur
930 717 1051 780 bonum
1061 715 1251 796 temporale,

236 817 484 880 ecclesiasticum
497 833 552 878 seu
566 815 802 895 patrimoniolo,
813 816 901 898 quod
915 815 956 878 sit
964 815 1011 878 ito
1024 814 1139 878 clerico
1154 832 1254 876 esser-

236 922 302 978 tum
318 920 354 978 ut
368 916 483 978 exindo
500 913 619 976 habeut
635 932 702 995 ,quo
720 914 886 995 providere
908 913 1008 995 possit
1026 931 1091 977 sure
1109 913 1254 975 honestae

236 1014 469 1078 sustentationi.

295 1116 363 1177 Duo
378 1113 617 1193 distinguuntur
630 1112 732 1175 tituli:
744 1111 960 1176 ecclesiasticos
972 1111 1093 1174 scilicet
1105 1108 1251 1192 etpctri·

235 1211 383 1274 rnociolis.
1311 1210 1312 1214 ’

298 1311 422 1374 Titulus
450 1309 566 1374 dicitur
593 1309 827 1390 patrimonialis
855 1311 911 1392 qui
934 1309 1077 1373 consistit
1099 1308 1133 1369 in
1158 1303 1254 1369 bonis

235 1408 340 1485 certis,
360 1407 529 1471 stabilibus
546 1413 578 1472 et
591 1409 761 1491 frugiferis,
782 1409 911 1472 aliunde
934 1427 1031 1490 quum
1049 1406 1090 1468 ab
1111 1405 1254 1468 Ecclesia

235 1507 507 1590 provenientibus,
522 1527 593 1590 quse
604 1507 725 1588 judicio
740 1508 889 1589 Episcopi
903 1510 1092 1570 censeantur
1106 1505 1253 1566 sulficere

235 1608 277 1670 ud
291 1625 467 1686 congruum
481 1608 745 1670 sustentationem
760 1607 876 1670 clerici.

295 1704 418 1768 Titulus
435 1705 666 1768 ecclesiasticus
686 1705 900 1769 subdividitur
910 1705 944 1769 in
956 1705 1086 1768 titulum
1100 1699 1252 1784 beneficit,

235 1803 291 1886 qui
306 1809 355 1866 est
365 1805 418 1886 jus
432 1810 624 1886 perpetuum
637 1804 834 1886 percipiendi
847 1806 968 1868 fructus
985 1824 1025 1868 ex
1036 1801 1131 1868 bonis
1147 1798 1256 1864 Eccle-

234 1903 288 1966 siae
301 1908 432 1984 propter
446 1903 586 1966 officium
601 1903 732 1985 uliquod
747 1903 910 1986 spirituale
931 1903 1083 1966 canonice
1097 1898 1251 1964 constitu·

234 2007 321 2076 tum,
337 2000 418 2062 etin
437 2001 566 2064 titulum
584 2001 783 2084 paupertatis,
805 2002 861 2084 qui
880 2001 1003 2084 positus
1021 1999 1115 2063 estin
1129 1999 1252 2079 profes-

234 2097 323 2160 sione
339 2099 497 2180 religiosa,
514 2100 545 2162 vi
559 2100 650 2182 cujus
667 2101 722 2182 qui
736 2105 811 2164 voto
830 2099 985 2163 solemnio
999 2098 1182 2171 emiserunt,
1200 2093 1256 2156 vcl

234 2214 274 2258 ex
287 2197 464 2260 redditibus
475 2199 646 2275 bonorum,
657 2199 683 2261 si
698 2219 761 2281 quo
773 2199 886 2279 religio
898 2197 1071 2280 possident,
1080 2193 1132 2258 vel
1142 2213 1182 2257 cx
1191 2191 1255 2275 piis

233 2295 377 2360 fidelium
389 2297 610 2379 elecmosynis,
623 2299 734 2360 omnio
744 2297 926 2361 communio
936 2296 1067 2372 habent,
1083 2293 1199 2376 quibus
1210 2291 1254 2354 ad

137 2461 140 2468 ,
232 2395 332 2457 vitem
346 2396 495 2458 olendum
506 2395 663 2474 indigent.

295 2492 401 2555 Titulo
417 2493 629 2557 ecclesiastico
644 2494 832 2576 adjiciendos
847 2500 921 2557 sunt
935 2494 1034 2558 veluti
1052 2489 1254 2556 subsidiariae

233 2590 366 2672 species,
395 2609 498 2654 mcccc
522 2593 701 2670 communiis,
731 2594 886 2658 servitium
908 2592 1053 2656 Ecclcsr‘ae
1078 2597 1110 2654 et
1136 2588 1251 2650 meiero.

236 2687 408 2752 Communis
419 2707 526 2752 meuse
539 2691 633 2754 titulo
648 2692 847 2769 ordinentur,
864 2691 919 2773 qui
929 2709 1017 2755 moro
1029 2688 1254 2767 religiosorum

233 2787 267 2850 in
281 2788 443 2851 communi
456 2789 531 2854 vitae
541 2790 710 2872 disciplina
719 2792 881 2872 degenteS,
896 2796 952 2853 out
963 2789 1053 2854 nulls
1064 2791 1255 2868 nuncupant

233 2891 319 2962 volu,
336 2892 392 2948 snt
402 2886 560 2970 simplicis
574 2895 711 2952 tanturn.
726 2891 776 2953 Ad
789 2889 823 2952 id
836 2907 911 2952 vcro
929 2886 1102 2968 requiritur
1118 2891 1153 2948 ut
1167 2883 1253 2947 Gon·

235 2983 392 3063 gregatio,
407 3004 464 3047 sen
477 2986 662 3050 institutum
676 2987 838 3068 peculiare
858 2985 1032 3050 obtinuerit
1049 2981 1255 3065 privilegium

233 3082 299 3166 ιδ.
319 3082 400 3147 Sede
417 3084 441 3145 ¹.
458 3117 498 3130 -
516 3084 623 3148 Titulo
643 3085 763 3148 servitii
777 3083 922 3148 Ecclcsr'cc
938 3084 979 3146 ad
996 3100 1103 3146 socrus
1122 3080 1255 3142 ordines

233 3188 477 3261 promoventur,
502 3183 655 3265 quicum
685 3184 857 3260 beneficio,
883 3184 1016 3264 aliisque
1040 3179 1134 3243 bonis
1156 3178 1255 3240 certis

233 3284 373 3358 corconi,
395 3281 504 3361 alege
527 3283 691 3346 communi
714 3283 937 3365 dispensantur
956 3281 997 3342 sb
1019 3279 1188 3361 Episcopo,
1212 3295 1255 3340 ex

281 3457 304 3506 l.
319 3455 358 3508 ct.
369 3456 475 3510 Busssm
486 3457 641 3524 Apostolicae
650 3457 727 3510 Sedis
737 3461 779 3524 (m
792 3461 848 3522 796,
863 3458 917 3522 1v.)
931 3457 987 3508 lloo
996 3454 1168 3522 privilegium
1183 3453 1255 3506 obti-

232 3545 316 3584 nuere
330 3529 420 3596 plures
432 3534 543 3588 ordines
551 3539 579 3587 ct
587 3536 862 3604 congregationem.
879 3549 917 3606 g.,
928 3534 1017 3586 Patres
1026 3531 1254 3595 societatis-lesu,

233 3619 283 3675 pro
298 3608 353 3660 sois
365 3608 495 3662 tratribus
512 3612 559 3676 qui
576 3616 639 3665 voto
652 3617 760 3665 tuntum
773 3612 905 3675 simplicio
921 3611 1060 3669 emittunt3
1076 3610 1255 3671 congregotio

234 3684 455 3750 presbyterorum
466 3688 610 3749 Minnionis,
624 3694 684 3754 etc,
702 3693 774 3741 etc...
