2632 4260
151 254 218 302 tur.
241 252 276 300 ll.
300 251 497 302 oooulrlottus
517 251 682 308 usoolslrn
706 251 743 298 tu
764 249 1004 300 euolutttoutn.
1054 245 1086 296 33

76 373 114 434 cit
132 377 259 451 tempus
282 368 368 449 quod
388 367 527 431 elabitur
550 369 590 430 ab
613 387 677 430 una
703 367 901 430 ordinatione
923 368 964 430 ad
992 367 1086 430 aliam

74 469 216 552 proxime
228 469 486 546 subsequentem.
503 470 537 528 2⁰
550 469 575 530 A
591 465 791 547 susceptione
805 464 959 547 postremi
969 465 1087 529 ordinis

73 568 110 630 ad
124 567 389 629 subdiaconatum
410 567 606 635 intercedere
626 566 721 628 debet
736 564 874 646 spatium
888 564 983 626 unius
998 565 1085 640 anni,

72 667 128 728 nisi
138 666 310 743 necessitas,
321 674 375 727 out
389 663 507 726 utilitas
521 663 676 739 Ecclesiae,
686 663 810 744 judic-io
824 663 983 746 Episcopi,
997 663 1088 726 aliter·

71 774 219 846 exposcat.
236 764 307 826 3⁰A
321 763 549 826 subdiaconatu
560 762 601 824 ad
612 762 828 837 diaconatum,
841 767 872 824 et
884 781 904 824 a
916 761 1085 824 diaconatu

71 863 108 924 ad
121 862 391 942 presbyteratum,
406 861 603 922 intercedere
624 861 718 922 dehet
740 879 822 924 unus
837 859 950 920 saltem
968 878 1081 923 annus.

71 960 160 1042 (sess.
178 975 359 1039 xxr11,oap.
377 976 422 1033 ιιι,
438 974 509 1034 xm,
525 975 587 1033 ιιι,
607 955 643 1018 de
661 957 813 1038 Reform.)
834 957 867 1018 Si
882 958 1086 1020 conteruntur

70 1063 171 1120 textus
184 1057 324 1132 concilii,
340 1055 499 1118 videbitur
512 1056 652 1118 deudam
666 1073 734 1118 esse
748 1055 908 1120 difficilius
922 1055 1086 1137 dispensa·

69 1157 185 1217 tionem
200 1155 445 1218 interstitiorum
460 1154 501 1216 ab
516 1154 629 1216 ultimo
645 1154 755 1216 ordine
770 1153 886 1214 minori
900 1153 941 1214 ab
954 1153 1084 1214 subdiu·

69 1260 230 1330 conatum,
251 1260 283 1316 et
302 1273 322 1316 a
340 1253 510 1316 diaconatu
533 1252 574 1314 ad
594 1253 862 1333 presbyteratum,
882 1268 978 1331 quam
1002 1251 1085 1314 inter

69 1353 145 1414 ulios
160 1352 301 1416 ordines.
318 1351 405 1414 Mens
419 1351 545 1412 concilii
557 1369 623 1414 non
635 1356 682 1412 est
694 1355 728 1411 ut
742 1350 918 1430 Episcopus
927 1368 986 1430 pro
1002 1350 1086 1412 arbi-

69 1451 125 1513 trio
136 1451 300 1532 dispenset
307 1451 339 1512 in
348 1450 447 1531 priori
460 1468 546 1523 casu,
557 1450 611 1511 sed
623 1448 821 1512 solummodo
833 1448 859 1510 si
869 1448 901 1510 id
914 1467 1084 1529 exposcere

69 1550 297 1624 necessitatem,
320 1553 375 1610 aut
392 1547 563 1610 utilitatem
577 1547 736 1621 Ecclesiae,
756 1546 964 1626 judicaverit;
980 1545 1085 1626 major

70 1648 223 1730 siquidem
243 1647 389 1727 probatio
415 1646 592 1708 necessaria
606 1651 664 1720 est,
678 1651 714 1710 ut
728 1645 798 1726 quis
820 1664 853 1708 se
867 1645 994 1708 vinculo
1009 1663 1082 1725 per-

69 1753 160 1826 petuo
190 1746 314 1825 obliget
339 1763 398 1826 per
425 1744 700 1823 subdiaconatum,
721 1745 772 1808 vel
801 1745 843 1806 ad
871 1743 1082 1808 sacerdotium

70 1849 303 1925 promoveatur.
1111 1851 1112 1854 ¹

123 1943 271 2008 Facultas
283 1943 487 2022 dispensandi
500 1960 595 2021 super
607 1942 784 2004 interstitiis
797 1942 934 2022 pertinet
952 1941 994 2002 ad
1007 1959 1081 2022 pro·

68 2041 169 2122 prium
181 2042 373 2122 Episcopum
389 2041 495 2104 cleriei
515 2040 694 2115 ordinandi,
711 2041 776 2104 sive
790 2041 857 2120 ipse
872 2040 1015 2102 conferat
1028 2058 1079 2102 or·

68 2141 164 2217 dines,
175 2140 240 2200 sive
254 2139 308 2200 det
321 2139 443 2202 litteras
460 2138 700 2214 dimissoriales;
717 2139 845 2218 quando
856 2144 964 2200 autem
976 2139 1082 2218 agitur

68 2239 103 2299 de
114 2237 316 2300 ordinatione
329 2237 533 2316 regularium,
542 2237 612 2300 haeo
619 2237 754 2298 facultas
764 2235 916 2316 competit
924 2236 1079 2318 Episcopo

67 2334 238 2411 ordinanti,
259 2353 324 2398 non
336 2334 481 2400 Praelatis
500 2334 709 2414 regularibus,
726 2334 773 2396 ita
795 2338 903 2395 temen
917 2338 953 2395 ut
973 2335 1080 2413 quoad

66 2453 174 2495 causas
197 2434 441 2513 dispensationis
466 2434 640 2513 Episcopus
668 2433 790 2495 deferre
814 2432 930 2494 debeat
957 2430 1078 2512 judicio

64 2532 191 2594 Praelati
208 2531 374 2611 regularis.
391 2533 438 2594 Ite
452 2531 571 2612 pluries
581 2532 777 2594 declaratum
786 2530 898 2592 fuissse
911 2549 930 2592 a
945 2531 978 2594 S.
995 2531 1077 2592 Gon-

66 2629 247 2710 gregatione
262 2631 359 2693 refert
372 2629 559 2692 Benedictus
573 2630 652 2706 XIV,
665 2629 858 2692 Institutione
880 2645 968 2693 tvm.
985 2629 1077 2692 Ratio

67 2735 108 2790 est
121 2730 207 2809 quod
223 2728 393 2792 concilium
406 2727 625 2792 Tridentinum
634 2728 820 2790 facultatem
831 2727 1035 2808 dispensandi
1043 2727 1076 2788 in

65 2827 236 2890 interstitiis
244 2828 391 2890 ordinum
400 2827 569 2890 committit
576 2827 697 2908 judicio
706 2825 852 2906 Episcopi
860 2843 867 2900 ;
876 2825 1003 2886 nomine
1016 2844 1075 2886 au·

65 2931 123 2986 tem
140 2925 288 3008 Episcopi
302 2944 367 2987 non
381 2925 513 2986 veniunt
537 2925 666 2988 Praelati
691 2925 866 3007 regulares.
879 2957 919 2970 -
936 2923 1073 3012 Reiffer-

65 3023 637 3098 sfflmmffilmmmffl.

117 3123 155 3184 ΙΙ.
170 3121 370 3183 Prohibitum
386 3126 444 3199 est,
462 3140 501 3184 ne
516 3123 586 3201 quis
601 3122 712 3184 eodem
727 3121 790 3196 die,
805 3121 856 3184 vel
866 3121 989 3184 duobus
1002 3139 1075 3183 con·

64 3220 153 3280 tinnis
175 3220 299 3294 diebus,
325 3220 403 3282 duos
428 3238 535 3281 sacros
554 3219 681 3282 ordines
703 3219 861 3300 suscipere
887 3224 1070 3300 praesumat.

63 3318 133 3396 Gap.
149 3317 291 3392 Litteras,
310 3319 358 3391 13,
382 3335 421 3379 ne
440 3319 634 3380 Taurommrs
648 3335 889 3393 ouurnnrronuu,
911 3317 965 3381 lib.
982 3318 995 3379 1
1016 3319 1073 3380 Do·

62 3422 134 3480 oret.
758 3409 763 3426 '

116 3516 164 3576 An
179 3514 375 3594 prohibitum
385 3515 426 3576 sit
438 3516 534 3576 etiam
550 3517 693 3578 conferre
707 3516 819 3578 eodem
833 3514 885 3575 die
900 3513 1069 3576 subdiaco-

60 3617 165 3674 natum
175 3632 248 3674 curu
260 3614 447 3692 minoribus,
458 3613 492 3674 in
505 3615 753 3676 controversiain
762 3612 858 3688 venit,
871 3613 946 3696 quia
956 3598 1070 3673 desunt

60 3715 160 3772 textus
173 3711 229 3791 qui
243 3711 277 3772 id
292 3729 437 3790 expresse
451 3711 653 3774 interdicant.
669 3711 855 3800 Goelestinus
875 3713 916 3774 lll
932 3708 1069 3791 graviter
1118 3717 1120 3722 ’
