2588 4276
160 224 227 272 aar.
249 224 291 271 1v.
310 223 452 272 laureato
473 213 622 274 cruentuli
643 226 674 274 ΙΝ
695 227 788 276 STA'lU
808 231 973 282 nnlleloso
1024 231 1076 284 255

59 340 262 403 stabilitatem
282 345 356 402 voto
380 335 610 420 spoponderint
632 342 666 402 in
689 344 802 406 ordine
827 346 942 411 laxiori
965 368 972 411 :
1000 355 1070 430 pari

55 440 127 519 jure
144 439 238 499 datur
258 437 379 498 clericis
399 437 512 500 eadem
528 439 672 514 facultas,
693 459 758 502 non
776 444 922 506 obstante
935 452 1074 527 ‚promis-

57 539 143 600 sione
161 535 361 612 obedientiae,
376 554 484 616 quam,
499 536 539 596 ad
554 553 700 599 normam
715 558 886 616 canonum,
905 561 963 606 suo
984 548 1074 627 Epis·

61 654 137 716 copo
149 635 378 714 prestiterunt.
927 693 930 698 ,

115 733 184 794 Dixi
205 732 389 812 reputurit'cr
410 731 577 813 loquendo,·
598 734 675 814 quia
696 737 760 797 duo
782 743 856 800 sunt
876 759 967 802 casus
990 743 1073 804 exci-

59 832 160 914 piendi
176 852 184 893 :
201 831 364 903 nimirum,
377 834 409 890 l⁰
421 831 447 890 si
460 832 602 893 Ecclesia
617 833 841 896 detrimentum
854 855 950 915 grave
965 841 1069 919 patia-

57 937 106 992 tur
121 949 158 991 ex
177 929 359 991 dimissione
372 927 562 1008 presbyteri;
578 933 609 990 2⁰
624 930 651 990 si
667 931 798 993 clericus
818 937 958 1010 gratuito
973 937 1068 999 luerit

61 1029 206 1090 educatus
228 1026 286 1088 suh
309 1026 488 1088 conditione
509 1027 595 1108 quod
613 1028 647 1088 in
667 1028 797 1090 dioecesi
816 1040 1069 1096 commoraturus

61 1126 96 1188 sit
105 1127 161 1187 suh
177 1124 331 1204 regimine
343 1124 502 1204 Episcopi.

111 1225 200 1286 Circa
215 1223 354 1303 priorem
374 1241 493 1298 casum,
513 1223 581 1285 haec
600 1224 880 1287 animadvertimus
904 1230 961 1288 :1⁰
973 1229 1070 1290 Juxta

60 1323 257 1386 Benedictum
274 1322 352 1394 XIV,
375 1343 391 1377 «
413 1320 507 1380 certis
525 1321 559 1382 in
581 1321 718 1396 cesione,
737 1322 895 1404 justisque
918 1326 1070 1404 exigenti·

64 1423 142 1482 <rhus
166 1419 280 1494 causis,
306 1417 463 1499 Episcopo
483 1420 645 1498 competit,
670 1425 706 1480 ut
727 1440 819 1482 suum
840 1422 990 1484 clericum
1012 1443 1067 1486 sae-

63 1520 224 1580 insularem
258 1516 363 1577 ordini
389 1517 529 1605 regulari
557 1517 752 1598 adscriptum
780 1525 924 1600 repetere
953 1521 1064 1601 possit.

60 1642 72 1675 (ι
83 1620 155 1692 Hoc,
178 1615 294 1694 inquit,
319 1613 417 1676 tradit
440 1614 632 1676 clarissimus
656 1635 816 1679 canonum
840 1618 953 1680 doctor
974 1621 1066 1682 Inno-

60 1739 72 1772 «
85 1715 205 1776 centius
217 1714 258 1775 lv
274 1713 306 1772 in
322 1731 392 1790 cap.
409 1711 501 1787 Lucet,
518 1711 608 1790 cujus
623 1712 693 1774 haec
708 1719 781 1775 sunt
792 1716 890 1776 verbe
905 1735 912 1777 :
930 1714 1065 1778 Clericus

60 1835 72 1871 n
81 1821 177 1894 potest
196 1812 327 1872 transire
341 1809 383 1870 ud
395 1807 582 1889 relz'pz'onem,
599 1830 660 1870 nou
673 1813 772 1892 petito
793 1811 925 1886 licentra,
947 1816 1064 1880 eteomst

59 1936 71 1967 «
83 1908 324 1985 contruds‘eotur;
339 1906 524 1968 crederemus
544 1918 642 1970 tumea
659 1909 740 1990 quod
749 1920 850 1990 posset
864 1911 1062 1994 (Episcopus)

59 2033 70 2065 l
83 2027 145 2070 eum
166 2014 313 2088 repetere,
334 2006 365 2066 si
382 2023 420 2066 es
442 2008 573 2066 transitu
592 2026 645 2066 suo
661 2007 764 2087 pomo
784 2007 923 2070 Ecclesia
940 2028 1062 2089 procem

57 2107 239 2167 «sustineret
251 2105 418 2185 jucturam.
437 2105 520 2165 Satis
539 2104 636 2182 igitur
657 2105 820 2183 provisum
839 2110 886 2166 est
905 2107 1061 2187 Episcopo

57 2227 69 2260 n
83 2205 134 2284 qui
153 2205 274 2265 lactum
299 2202 405 2264 clerici
427 2201 484 2278 sui,
511 2202 553 2262 ad
576 2203 737 2282 regularia
758 2210 873 2276 eastra,
895 2222 928 2264 se
948 2204 1059 2277 invite,

56 2326 68 2358 n
83 2301 223 2380 digressi,
236 2301 424 2380 impugnare
439 2299 525 2360 velit.
543 2303 606 2361 »2⁰
622 2301 810 2378 contingere
825 2300 912 2361 haud
923 2319 995 2362 raro
1007 2321 1062 2381 po·

53 2406 105 2461 test
116 2399 292 2461 Ecclesiam
305 2415 434 2476 gravem
450 2397 610 2475 jacturam
624 2399 692 2478 pati
707 2415 746 2459 ex
759 2398 938 2460 desertione
953 2397 1059 2460 clerici

52 2497 80 2558 in
96 2497 258 2560 nonnullis
274 2493 470 2574 regionibus,
487 2495 544 2554 ubi
564 2497 659 2574 pauci
673 2496 847 2557 admodum
864 2500 938 2558 sunt
959 2513 1062 2558 sacer·

51 2595 140 2671 dotes,
151 2593 335 2676 paucissimi
345 2609 420 2653 vero
436 2592 551 2672 quibus
561 2593 755 2655 difficiliores
765 2594 1058 2656 administrationes

52 2693 198 2755 committi
211 2697 281 2754 tuto
295 2689 428 2770 possint.

100 2791 243 2855 Vidimus
262 2807 358 2868 supra
376 2807 505 2868 gravem
530 2790 748 2851 necessitatem
772 2791 981 2870 temporalem
998 2810 1055 2871 pa-

50 2895 165 2950 rentum
185 2905 253 2950 esse
273 2887 427 2947 motivum
445 2886 610 2948 differendi
630 2887 679 2949 vel
704 2887 799 2949 etiam
824 2889 990 2949 omittendi
1006 2889 1056 2948 in·
1089 2945 1091 2950 .

51 3006 182 3067 gressum
199 2985 375 3064 religionis3
396 2983 507 3063 quidni
526 2985 629 3062 gravis
650 2987 819 3047 necessitas
837 2986 980 3048 dioeeesis
992 2990 1061 3048 non'

49 3085 185 3147 habentis
199 3084 401 3165 presbyteros
412 3099 545 3144 numero
554 3083 744 3145 sufficientes
754 3084 795 3145 ad
809 3085 951 3164 regimen
963 3103 1056 3163 paro·

49 3183 193 3258 chiarum,
213 3183 265 3244 vel
283 3180 408 3243 nonnisi
428 3198 528 3240 unum
548 3186 604 3242 aut
616 3182 751 3242 alterum
769 3201 866 3262 quem
881 3182 1054 3260 Episcopus

49 3301 225 3361 promovere
246 3280 352 3342 valeat
368 3279 409 3339 ad
427 3278 568 3340 officinm
589 3279 760 3341 vicariatus
777 3278 946 3358 generalis,
973 3279 1051 3341 alte-

48 3380 138 3444 riusve
163 3377 330 3440 ministerii
347 3376 456 3455 magni
480 3379 644 3452 momenti,
670 3397 733 3440 non
758 3383 960 3457 reputaretur
988 3396 1054 3439 mo-

49 3475 1051 3554 tivumvaldefundatumdifferendiingressumreligionis‘lEpis·

49 3594 135 3656 copus
154 3577 206 3637 cui
225 3574 393 3638 commissa
414 3572 473 3634 fuit
497 3592 573 3634 cura
596 3575 786 3654 providendi
814 3572 1051 3634 necessitatibus

48 3692 103 3738 sue
123 3672 277 3750 diaecesis,
298 3671 397 3752 judex
417 3675 465 3734 est
484 3673 731 3750 opportunitatis
749 3679 781 3734 et
800 3670 995 3734 necessitatis
1011 3670 1050 3732 de
