2568 4272
222 261 275 314 282
559 267 636 318 PARS
656 267 690 315 ll.
712 269 899 316 ascalonus.

146 425 148 428 .
223 389 388 462 peccatum
411 382 540 446 lethale.
566 383 849 461 Schmalzgrueber
877 383 970 444 docet
994 383 1027 443 id
1050 383 1222 446 constituere

224 481 390 542 materiam
402 500 530 558 gravem
546 481 696 542 adversus
708 486 818 542 votum
832 481 1042 560 paupertatis,
1055 480 1139 559 quod
1153 483 1223 541 sulli-

224 583 310 639 ceret
322 580 362 638 ad
378 578 634 640 constituendum
649 584 815 657 peccatum
832 597 928 656 grave
948 579 979 638 in
1002 577 1137 638 materia
1149 579 1220 638 furti.

126 714 128 718 s
222 675 267 755 (S.
281 676 420 753 Liguori‚
432 685 466 734 n⁰
478 679 526 736 tl.
543 675 838 753 Scbmalzgrueber,
850 693 889 736 or.
899 677 1004 738 Srnru
1019 691 1221 752 coercuerim,

224 781 258 831 n⁰
270 773 333 852 38.)
348 773 516 834 Probabile
526 779 573 832 est
588 773 766 850 graviorem
777 775 942 834 materiam
953 772 1071 851 requiri
1084 773 1110 832 si
1118 772 1224 850 religio·

221 888 276 930 sus
291 889 359 936 rem
370 871 402 930 in
419 889 491 930 suos
505 889 581 931 usus
595 871 645 930 vel
660 871 1128 950 alterius,religiosiimpendat‚
1144 887 1223 948 quan

225 968 250 1028 si
265 973 417 1029 extraneo
439 969 572 1029 dederit.

283 1069 352 1127 476.
371 1101 405 1112 -
421 1068 459 1127 ll.
472 1067 603 1139 Quando
619 1086 682 1128 non
696 1068 735 1127 de
750 1063 882 1144 singulis
892 1067 1048 1146 religiosis
1058 1053 1222 1138 individuis,

221 1163 278 1224 sed
290 1164 329 1224 de
345 1165 414 1242 ipso
430 1171 585 1225 conventu
601 1149 735 1243 quaestid
747 1171 901 1238 movetur,
920 1173 1079 1244 quatenus
1097 1169 1224 1224 teneatur

223 1267 591 1340 servarepaupertatem,
605 1262 832 1322 recurrendum
846 1263 905 1322 erit
918 1264 958 1324 ad
969 1262 1097 1340 regulas
1111 1261 1221 1322 ordinis.

283 1358 770 1438 Omnibusordinibusreligiosis
780 1361 902 1420 licitum
912 1360 1089 1420 esthabere
1098 1359 1222 1430 domum,

221 1454 390 1536 capellam,
407 1457 582 1516 sacristiam
599 1463 630 1518 et
645 1459 788 1518 bortum.

284 1561 468 1640 Gapuccinis
484 1568 514 1622 et
537 1563 710 1623 Minoribus
735 1564 850 1624 strictae
870 1564 1080 1625 observantiae
1108 1563 1222 1623 vetitum

196 1646 198 1650 Α
221 1658 403 1720 esthabere
419 1660 595 1720 immobilia
615 1661 779 1740 frugifera,
797 1680 920 1722 annuos
939 1661 1094 1732 redditus,
1113 1666 1145 1721 et
1157 1660 1224 1720 bona

221 1756 351 1817 stabilia
364 1757 596 1836 inperpetuum
607 1759 655 1818 vel
670 1759 701 1818 in
713 1759 845 1836 longum
855 1764 991 1838 tempus,
1005 1759 1046 1818 ad
1057 1757 1225 1818 subvenien-

221 1841 300 1914 d'um
316 1855 379 1914 suis
395 1856 642 1917 necessitatibus.
660 1859 796 1917 Possunt
812 1863 917 1918 tamen
942 1857 1060 1916 hebere
1074 1854 1221 1916 fundatio-

223 1969 280 2010 nes
291 1959 322 2012 et
336 1971 448 2012 census
463 1971 585 2013 annuos
601 1972 659 2032 pro
675 1955 820 2033 expensis
835 1954 938 2015 cultus
954 1955 1063 2028 divini,
1080 1971 1151 2033 quae
1161 1951 1226 2013 scili·

223 2053 274 2110 cet
288 2049 444 2111 exclusive
463 2050 643 2112 adhibenda
659 2051 721 2112 sint
734 2070 793 2130 pro
809 2071 866 2112 sua
880 2053 1030 2114 Ecclesia.

285 2155 410 2216 Gaeteris
425 2156 587 2218 ordinibus
602 2158 699 2217 etiam
714 2158 967 2218 mendicantibus
980 2156 1152 2218 concilium
1167 2155 1224 2215 Tri·

222 2253 387 2312 dentinum
403 2254 721 2315 indulsitimmobilia
735 2256 888 2334 frugifera
902 2262 933 2316 et
943 2271 1066 2315 annuos
1083 2255 1223 2325 redditus;

223 2351 307 2411 unde
322 2352 379 2411 sub
393 2370 430 2412 eo
447 2358 588 2430 respectu
599 2351 667 2430 jam
683 2371 746 2412 non
762 2361 808 2413 est
820 2353 999 2414 ‘discrimen
1017 2353 1102 2412 inter
1114 2352 1226 2412 ordines

223 2449 437 2509 mendicantes
453 2457 484 2509 et
504 2450 593 2525 alios,
610 2450 669 2509 etsi
683 2450 778 2528 primi
797 2451 957 2512 retineant
975 2468 1092 2510 nomen
1118 2447 1225 2509 Mendi-

222 2550 366 2620 cuntiara,
382 2547 505 2606 ratione
521 2565 585 2606 suae
596 2547 756 2624 primaevae
766 2548 984 2608 institutionis.
1119 2531 1121 2540 ¹

246 2686 249 2690 ·
282 2654 391 2713 Patres
417 2653 582 2714 Societatis
595 2655 670 2714 lesu
693 2673 757 2714 non
776 2661 918 2729 utuntur,
951 2657 983 2714 in
1001 2655 1066 2714 suis
1088 2653 1224 2714 domibus

224 2749 383 2828 professis,
399 2751 564 2828 privilegio
578 2751 664 2830 quod
680 2751 848 2812 concilium
864 2752 949 2812 Trid.
968 2752 1124 2812 concessit
1135 2749 1225 2812 domi-

222 2846 574 2908 bus-mendicantium¹.

283 2956 351 3012 477.
374 2986 414 2996 —
438 2953 566 3030 Regulae
586 2948 667 3031 juris
690 2954 866 3016 communis
890 2955 928 3015 de
952 2962 1140 3036 paupertate
1162 2955 1223 3017 reli-
1276 2923 1277 2974 ¹

223 3049 322 3128 glosa,
342 3057 487 3128 respectu
503 3055 567 3111 tum
580 3050 811 3131 religiosorum,
829 3059 897 3113 tum
909 3059 1132 3130 conventuum,
1147 3055 1226 3116 attin·
1276 3141 1277 3172 1

216 3156 301 3226 gunt
316 3149 417 3208 solum
434 3149 560 3209 ordines
572 3150 742 3212 solemnes.
760 3151 849 3223 Quod
866 3150 907 3210 ad
920 3151 998 3211 alias
1016 3152 1224 3232 congregatio-
1276 3175 1277 3258 g

222 3264 278 3305 nes
289 3246 411 3320 attinet,
429 3247 577 3306 standum
593 3253 640 3308 est
654 3247 900 3327 uniuscujusque
911 3250 1164 3328 congregationis
1175 3255 1226 3308 sta·
1276 3259 1277 3320 t

223 3345 313 3418 tutis3
335 3344 543 3422 obligationes
565 3345 649 3404 enim
664 3346 886 3424 religiosorum
902 3352 932 3407 et
948 3346 1023 3425 jura
1040 3348 1223 3426 superiorum
1276 3368 1277 3428 r

220 3443 351 3502 omn-ino
366 3442 506 3522 pendent
518 3461 537 3502 a
549 3442 667 3520 regulis
677 3444 877 3522 specialibus
894 3445 1083 3505 auctoritate
1097 3445 1224 3522 legitima
1276 3433 1277 3522 l

220 3525 417 3617 approbatis
429 3538 522 3618 juxta
535 3555 614 3618 quas
627 3546 703 3601 vota
724 3542 838 3602 emissa
852 3546 936 3604 sunt.
1276 3547 1277 3620 l

260 3718 292 3764 't.
307 3717 335 3766 C.
351 3683 457 3780 Suareb,
469 3721 488 3768 t.
505 3719 547 3780 IV,
563 3718 609 3770 lib.
625 3720 646 3780 l,
660 3719 692 3770 de
711 3713 840 3771 Varietate
852 3721 1089 3785 religionumcap.
1104 3735 1155 3775 rur.

689 3976 697 4002 Ι
