2582 4278
225 244 284 324 tro
589 273 662 323 raas
679 272 714 322 11.
736 273 864 322 anunm.

112 461 116 470 Δ
218 375 404 466 indicando,
432 396 562 453 caeteros
585 408 650 452 non
676 389 834 451 excludat.
862 391 945 467 Ergo
972 387 1093 468 quoties
1114 386 1185 448 hacc
1204 393 1231 450 ct

220 489 337 550 similia
355 488 509 568 gravioris
523 487 678 549 momenti
698 487 815 548 debent
829 487 861 547 in
877 491 1033 548 conventu
1052 485 1114 563 agi,
1129 485 1233 546 vocari

219 592 347 666 oportet
370 588 526 659 absentes,
552 590 649 646 modo
675 603 740 646 non
764 585 805 645 sit
826 584 1001 664 periculum
1024 583 1059 644 in
1080 601 1183 658 mora,
1206 576 1234 644 ei
1280 637 1281 652 ,

219 685 366 746 absentes
380 703 444 746 non
459 683 571 764 procul
587 683 715 762 degant,
732 682 787 743 scd
800 682 862 743 sint
878 682 911 742 in
926 681 1053 743 dioeccsi
1070 685 1126 742 aut
1140 680 1233 741 finiti·

219 765 279 842 mis
294 782 382 858 locis,
400 783 479 844 adeo
492 786 527 842 ut
542 781 662 860 absque
677 780 864 842 difficultate
879 780 936 841 liat
949 779 1137 841 convocatio
1154 779 1178 838 ¹.

231 865 234 870 Δ
277 881 419 943 Diximus
442 882 475 940 3ο
502 877 575 940 Nisi
596 879 812 962 ,imperantem
845 880 986 940 ccnom‘m
1016 887 1070 940 aut
1099 875 1234 939 natarali

219 985 378 1039 teneantur
387 995 399 1038 .·
408 999 437 1040 v.
451 996 482 1056 g.
497 978 523 1038 si
536 976 632 1056 quiin
647 977 884 1056 suspensionem
900 975 1122 1038 denuntiatam
1137 963 1236 1036 inc'ur·

219 1076 328 1150 rcrint,
344 1076 395 1136 vel
414 1076 441 1136 si
455 1081 560 1136 mente
583 1075 668 1154 capti
687 1075 761 1152 siut,
778 1075 816 1135 de
839 1091 902 1154 quo
922 1073 1001 1134 nihil
1025 1073 1168 1153 amplius
1181 1089 1234 1133 no·

220 1174 364 1235 tandum.

279 1271 471 1332 Convocatic
486 1269 675 1350 regulariter
689 1271 775 1331 iacta
786 1269 922 1350 imponit
936 1268 1097 1332 canonicis
1113 1267 1234 1346 obliga·

219 1367 337 1430 tionem
360 1367 567 1430 conveniendi
590 1367 622 1427 iu
646 1367 752 1429 locum
776 1369 981 1447 assignatum,
1007 1366 1067 1428 nisi
1094 1365 1235 1446 legitima

219 1484 315 1528 causa
329 1471 530 1526 excusentur.

279 1565 349 1624 422.
367 1597 406 1612 -
417 1565 473 1625 111⁰
494 1562 601 1625 Utinm
621 1563 730 1625 vetoris
749 1562 905 1644 praenotes
922 1562 1048 1625 admitti
1063 1560 1236 1625 debebatis

144 1649 146 1651 ⁵
218 1670 365 1723 concentu
379 1659 587 1742 capitularii·
666 1703 670 1723 ,

277 1761 301 1820 l.
319 1759 460 1821 vicarius
473 1758 629 1837 generalis
644 1757 710 1839 qui,
723 1751 763 1820 bx
774 1759 866 1820 dictis
877 1776 984 1838 supra,
993 1758 1047 1838 jas
1056 1757 1161 1820 habet
1170 1775 1237 1820 con·

219 1856 354 1918 vocandi
367 1857 553 1936 capitulum,
564 1875 623 1937 pro
638 1857 773 1935 negotiis
786 1875 857 1936 quae
871 1858 1050 1919 referuntur
1062 1856 1104 1917 ad
1117 1856 1237 1918 bonum

219 1954 367 2040 generale
385 1953 539 2027 dioecesis,
555 1955 588 2015 in
611 1955 726 2034 quibus
748 1955 967 2034 expostulatur
988 1953 1172 2030 consilium,
1189 1951 1236 2014 vel

219 2069 389 2112 consensus
406 2051 642 2129 canonicorum,
657 2051 754 2114 habct
767 2052 863 2112 etiam
875 2052 928 2132 Jus
939 2050 1132 2132 praesidendi
1145 2049 1237 2112 coetui

218 2148 386 2227 capitulari
396 2150 465 2211 loco
479 2149 639 2229 Episcopi,
651 2155 683 2210 et
696 2149 939 2229 suffragantium
949 2155 1025 2211 vota
1035 2146 1234 2229 exquirendi.

218 2247 324 2309 Unum
339 2246 379 2306 ab
394 2245 494 2308 altero
510 2247 654 2327 sequitur
662 2247 755 2326 juxta
766 2247 967 2327 disciplinam
981 2246 1187 2309 canonicam.
1285 2301 1286 2308 ,

279 2345 317 2407 ΙΙ.
333 2344 476 2407 vicarius
493 2345 649 2425 generalis
663 2362 728 2408 non
743 2344 837 2406 debet
851 2344 1049 2425 regulariter,
1066 2361 1132 2424 qua
1148 2343 1232 2419 talis,

217 2442 366 2504 interesse
379 2443 513 2505 coetibus
526 2443 767 2522 capitularibus,
783 2443 839 2504 ubi
851 2447 1005 2504 tractatur
1017 2442 1186 2520 negotium
1199 2440 1238 2502 ad

218 2539 388 2618 ipsummet
405 2541 579 2621 capitulum
601 2547 765 2620 spectans3
782 2546 887 2621 potest
900 2559 986 2615 vero,
1004 2540 1030 2600 si
1041 2539 1087 2600 ita
1101 2556 1237 2600 consue·

218 2637 327 2697 tudine
342 2637 392 2697 vel
413 2639 539 2700 statutis
559 2639 806 2700 determinatum
822 2639 871 2700 sit.
889 2639 928 2700 Et
948 2638 1078 2717 quidem
1091 2637 1117 2697 si
1131 2641 1236 2698 atten-

218 2734 313 2795 datur
330 2734 371 2794 ad
383 2733 435 2814 jus
450 2754 628 2810 commune,
645 2737 784 2799 vicarius
797 2755 861 2798 non
876 2736 1047 2797 canonicus
1063 2734 1238 2796 admitten-

219 2830 278 2892 dus
292 2849 355 2892 non
379 2837 436 2906 est,
456 2833 532 2912 quia
556 2835 668 2913 regula
692 2833 850 2914 generalis
873 2835 935 2898 fert
954 2851 1018 2895 non
1043 2833 1122 2895 alios
1141 2849 1239 2913 quam

218 2929 362 2989 membra
385 2929 528 3008 capituli,
555 2937 586 2992 et
614 2932 784 3011 dignitates
808 2932 841 2993 in
864 2932 989 2994 casibus
1013 2948 1111 3011 supra
1131 2930 1239 3005 dictis,

219 3027 387 3088 convenire
400 3027 433 3087 in
447 3033 601 3090 tractatus
620 3031 834 3112 capitulares-t
852 3049 947 3112 porro
962 3030 1097 3092 vicarius
1113 3029 1239 3108 episco-

219 3123 312 3205 palis,
329 3144 392 3204 qua
406 3125 490 3201 talis,
504 3145 569 3187 non
583 3133 632 3189 cst
646 3130 685 3190 de
699 3129 819 3208 gremio
834 3127 976 3209 capituli.

279 3223 512 3287 Consuetudine
536 3230 653 3300 tamon,
679 3227 730 3288 vel
752 3226 887 3300 statutis,
910 3243 964 3286 res
987 3225 1079 3287 aliter
1099 3204 1239 3286 ordinari

219 3321 333 3400 potuit.
356 3343 370 3378 o
382 3320 416 3384 Si
430 3328 598 3384 concurrat
610 3323 815 3398 consuetudo,
829 3323 874 3384 ait
886 3323 918 3385 G.
935 3324 1043 3404 Petra,
1061 3329 1097 3386 ut
1110 3323 1239 3404 Episco-

223 3441 239 3474 «
259 3437 320 3499 pus
334 3437 389 3481 seu
405 3419 542 3482 vicarius
555 3420 744 3484 interveniat
760 3421 793 3483 in
808 3422 957 3485 omnibus
972 3422 1120 3505 capitulis
1141 3420 1238 3483 etiam

269 3581 292 3628 l.
307 3577 552 3644 Schmalsgrucbm
567 3581 596 3632 in
616 3583 726 3634 titulum
742 3597 774 3634 ns
795 3597 836 3634 ms
856 3597 914 3644 oua
933 3599 1007 3636 srurr
1020 3597 1036 3634 a
1049 3596 1138 3634 suoru
1149 3593 1236 3644 rurs,

220 3659 257 3702 ιν·
265 3654 353 3715 13-17ς
371 3681 401 3692 ·-
416 3657 491 3708 Card.
504 3661 591 3720 Petra,
603 3659 655 3710 loc.
668 3659 723 3723 cit,
737 3659 774 3711 nl·
792 3662 866 3713 39-43
876 3677 884 3726 ;
895 3687 926 3699 -
942 3657 1059 3721 Gohard,
1077 3659 1116 3710 Tr.
1133 3657 1177 3708 dea
1188 3657 1235 3707 Bc·

221 3727 326 3790 adfines,
340 3732 406 3792 tom,
417 3732 449 3794 tl,
465 3747 525 3798 pag.
542 3736 598 3784 729.
