2568 4272
247 268 316 316 aar.
337 267 359 318 1.
379 267 467 316 oaruo
488 269 524 316 nr
544 267 696 317 onsecruu
715 246 880 316 rnsroinu.
1018 263 1069 319 ³57

107 384 198 446 Hinc
211 383 537 463 sequituromittenda
546 402 610 445 non
626 402 692 444 esse
706 383 739 444 in
753 383 978 463 cujuscumque
989 387 1072 448 servi

30 481 102 542 Dei
122 482 217 542 obitu
228 485 377 543 consueta
388 481 535 542 Ecclesiae
546 481 650 543 officia
663 499 721 560 pro
734 481 899 542 defunctis.
913 483 986 544 Haec
1000 503 1071 563 per-

32 578 163 640 soluta
176 579 270 639 fuisse
287 584 411 640 constat
424 580 457 640 in
485 579 649 642 funeribus
675 578 773 640 sancti
787 579 952 655 Dominici,
968 587 1059 643 sanct

33 676 218 737 Francisci
238 682 269 738 et
290 677 424 738 aliorum
448 677 502 756 qui
526 676 642 737 eximia
664 677 838 737 sanctitatis
862 677 953 756 signa
978 678 1071 740 dede·

34 779 139 834 rant.
454 827 457 834 .
778 765 779 772 ἵ

109 873 187 932 509.
203 907 242 916 -
256 873 295 932 11.
312 872 428 934 Sancta
439 872 535 934 Sedes
550 891 615 934 non
629 871 814 952 aggreditur
830 891 959 934 causam
973 873 1071 935 beati·

36 968 213 1030 ficationis
235 987 397 1031 servorum
411 970 479 1041 Dei,
495 969 555 1031 nisi
569 970 765 1050 praecesserit
782 971 870 1032 fama
884 971 922 1032 de
941 971 1069 1034 illorum

37 1067 224 1126 sanctitate
240 1066 323 1127 etde
340 1066 395 1126 iIIa
416 1068 591 1128 constiteriI
611 1085 668 1145 per
685 1085 867 1147 processum
884 1067 1067 1145 juridicum.

42 1184 59 1221 u
74 1165 150 1224 Per
167 1164 286 1224 famam
299 1169 405 1226 autem
420 1164 606 1239 sanctitatis,
623 1165 668 1226 ait
679 1165 866 1226 Benedictus
881 1167 957 1239 XIV,
974 1167 1070 1228 intel-

39 1285 56 1318 «
76 1260 200 1340 ligitur
219 1263 394 1323 communis
415 1262 606 1324 existimatio
628 1263 666 1324 de
688 1263 870 1343 integritate
891 1265 964 1325 vitae
980 1270 1012 1325 et
1031 1265 1070 1325 de

44 1359 271 1436 «virtutibus,
287 1379 351 1421 nou
370 1358 540 1441 utcumque
558 1361 613 1420 sed
631 1379 689 1440 per
702 1361 901 1423 contiuuatos
917 1367 1005 1423 actus
1022 1383 1071 1423 su-

44 1483 60 1514 «
77 1476 149 1538 pra
164 1476 364 1520 communem
379 1459 510 1520 modum
525 1459 659 1520 aliorum
678 1459 865 1538 proborum,
882 1461 1037 1521 exerciIos
1052 1479 1071 1520 a

45 1580 60 1610 u
75 1574 179 1617 servo
194 1557 265 1631 Dei;
280 1576 403 1618 necnon
418 1558 457 1618 de
474 1557 635 1636 miraculis
650 1558 719 1637 ejus
734 1557 959 1619 intercessione
974 1577 994 1617 a
1005 1561 1070 1620 Deo

46 1677 62 1710 α
78 1655 241 1730 obtentis;
267 1655 312 1716 ita
331 1661 366 1715 ut
381 1660 534 1735 concepta
553 1655 665 1716 saltem
681 1655 713 1714 in
733 1674 797 1716 uno
817 1656 888 1716 loeo
907 1673 1070 1733 argaeum

47 1751 267 1828 «devotione,
293 1752 474 1832 apiurihus
497 1752 674 1828 invocetur,
697 1757 729 1813 et
758 1753 898 1832 plurium
927 1753 1069 1833 gravium

47 1871 64 1905 «
79 1849 230 1910 virorum
236 1850 356 1929 judicio
367 1852 481 1930 dignus
493 1851 689 1912 existimetur
700 1856 736 1910 ut
745 1869 802 1930 per
811 1852 959 1912 Sanctam
968 1853 1070 1930 Apos-

47 1969 64 2002 «
80 1947 219 2008 tolicam
234 1949 348 2010 Sedem
358 1949 391 2008 in
403 1949 509 2010 aihum
524 1950 705 2024 Remorum,
721 1950 772 2010 vel
784 1939 984 2024 Sanctorum,
996 1949 1073 2011 refe·

51 2063 66 2102 u
80 2049 189 2106 ratur.
205 2069 219 2099 »
238 2044 296 2120 (ue
311 2045 575 2127 Beatz'ficctr'one...
594 2045 647 2107 lib.
666 2048 703 2119 lI,
721 2063 790 2126 cap.
807 2045 930 2127 xxxix.)

112 2141 255 2215 Quando
270 2144 459 2206 sufficienter
473 2144 609 2224 probata
624 2149 670 2206 est
681 2145 766 2204 fama
779 2144 955 2206 sanctitatis
970 2150 1001 2204 et
1014 2144 1071 2204 mi-

48 2239 247 2314 raculorum,
266 2242 383 2302 Sancta
393 2242 488 2302 Sedes
499 2241 591 2320 jubet
605 2246 640 2300 ut
650 2240 759 2302 sedulo
772 2240 952 2319 inquiratur
962 2241 1000 2302 de
1011 2260 1071 2300 aon

48 2336 151 2414 cultra·
167 2338 287 2398 scilicet
306 2356 347 2398 an
364 2338 566 2399 observatum
580 2338 677 2399 fuerit
691 2339 852 2400 decretum
867 2338 987 2400 Urbani
1002 2338 1070 2399 VIII

49 2433 88 2494 de
104 2453 173 2514 quo
187 2453 293 2513 supra.
311 2435 344 2497 Si
358 2435 460 2496 cuitus
474 2435 619 2514 publicus
632 2436 775 2497 redditur
789 2453 880 2496 servo
892 2435 948 2496 Dei
960 2439 1071 2494 contra

48 2533 241 2611 praescripta
261 2531 356 2611 hujus
376 2533 618 2604 constitutionis,
642 2552 692 2594 res
713 2533 745 2593 in
765 2550 918 2613 suspenso
940 2536 1070 2592 manent

50 2629 156 2692 donec
173 2635 287 2691 cuncta
301 2631 341 2691 ad
350 2649 496 2691 normam
507 2629 588 2708 juris
601 2631 731 2692 reducta
741 2631 812 2692 sint.
829 2655 845 2686 «
857 2633 946 2691 Nune
960 2629 1070 2707 regula

50 2749 66 2782 «
81 2728 186 2804 viget,
207 2727 250 2786 ait
263 2727 451 2788 BeuedIetns
472 2728 549 2802 XIV,
567 2732 602 2788 ut
620 2728 724 2789 cultus
738 2729 918 2808 praeteritus
941 2733 1068 2788 senten-

52 2847 68 2880 «
83 2825 140 2886 tiae
154 2825 428 2886 confirmationem
441 2845 505 2886 non
517 2825 681 2904 impediat,
698 2827 724 2886 si
739 2832 811 2888 ante
825 2824 914 2886 Illam
927 2825 1070 2886 sublatus

53 2947 68 2975 «
83 2922 137 2996 sit,
150 2923 198 2983 uti
207 2922 340 3000 contigit
348 2922 381 2983 iu
389 2941 485 2984 causa
494 2924 595 2984 saneti
604 2924 763 2986 Francisci
774 2924 896 2986 Salesii.
907 2947 922 2979 »
935 2923 1016 3003 (Lib.
1028 2923 1067 2998 Il,

51 3035 111 3100 cap
127 3017 208 3100 xm.)

112 3117 292 3178 InsIItuitur
306 3117 436 3196 iusuper
450 3114 585 3182 examen
600 3119 761 3180 doctrinae.
780 3119 903 3197 ScrIpta
915 3135 985 3198 qum
1000 3116 1072 3177 reli-

53 3215 159 3292 querit
172 3233 280 3275 servus
294 3216 351 3276 Dei
365 3215 604 3276 committuntur
617 3218 688 3277 Sao.
706 3215 960 3294 Congregatmni,
979 3218 1011 3274 et
1025 3233 1071 3274 se-

52 3331 127 3373 vero
141 3313 281 3374 examini
292 3313 521 3387 subducuntur,
536 3317 572 3374 ut
584 3318 738 3392 appareat
748 3332 824 3373 num
837 3312 961 3391 aliquas
972 3311 1071 3372 conti·

54 3414 150 3470 noant
165 3409 397 3488 propositiones
412 3416 522 3472 contra
540 3410 648 3488 fidem,
664 3410 715 3470 vel
734 3429 856 3484 mores;
874 3416 930 3470 aut
947 3429 966 3470 a
980 3427 1068 3469 com·

55 3507 142 3566 muni
163 3525 256 3567 seusu
275 3513 307 3568 et
322 3507 550 3570 consuetudine
564 3508 713 3568 Ecclesia
728 3508 858 3569 alienas.
885 3509 1006 3585 Scopus
1022 3524 1070 3566 re-

56 3603 183 3665 visionis
199 3610 246 3664 est
259 3605 436 3684 expendere
451 3610 558 3666 utrum
577 3623 685 3666 servus
702 3606 758 3667 Dei
776 3605 894 3684 aliquid
909 3604 1071 3683 scripserit

57 3703 139 3779 quod
164 3703 322 3764 defectum
343 3703 518 3782 prudentIae
539 3701 732 3781 christianae,
761 3709 817 3764 aut
838 3702 1069 3782 oppositionem
