2588 4276
212 245 280 290 aar.
300 241 322 290 1.
343 241 431 290 orico
451 225 591 289 orninun'
611 241 845 290 nsuorosoauu.
987 236 1042 292 aas

26 365 53 422 et
62 376 253 438 pauperum,
262 358 340 420 alias
355 353 397 420 ad
411 355 653 419 seminariorum
667 356 903 420 directionom1.
919 357 1040 437 Hujus·

26 457 104 518 modi
118 462 197 516 sunt
212 475 220 518 :
236 454 440 534 congregatio
450 453 695 536 presbyterorum
709 455 860 518 Mc'ssionc's
873 475 929 518 sau
945 459 1039 520 Laza-

26 554 180 630 ristarum,
194 573 212 614 a
227 558 336 614 sancto
348 552 543 614 vincentios
557 552 668 629 Paulo,
682 551 779 632 quam
791 553 972 615 Alexander
982 555 1037 616 vll

26 651 210 732 approbavit
222 669 259 712 ao
270 649 566 724 confirmenteum
576 650 742 712 emissione
758 657 904 714 votorum
919 651 1043 730 simpli-v

25 750 100 812 cium
113 749 327 829 paupertatis,
345 754 418 822 etc,
435 766 494 810 neo
510 767 575 810 non
591 748 784 821 stabilitatis,
802 765 841 812 ea
855 749 1037 812 conditione

26 849 60 910 ad
77 853 219 907 mentem
235 846 336 907 sancti
353 846 541 920 fundatoris,
560 871 575 901 c
591 851 626 906 ut
645 846 730 908 dicta
750 847 952 926 congregatio
973 865 1038 909 non

27 950 223 1006 «censeatur
239 948 410 1023 propterea
430 943 463 1003 in
483 961 617 1005 numero
637 943 783 1005 ordinum
802 943 1035 1022 religiosorum,

28 1066 41 1100 c
54 1042 105 1102 sed
119 1041 163 1102 sit
177 1042 219 1103 da
231 1059 364 1122 corpore
380 1040 457 1102 cleri
471 1041 640 1102 saecularis.
653 1063 669 1098 n
683 1075 722 1086 -
737 1042 947 1120 Congregatio
961 1040 1037 1104 Oro·-

27 1139 99 1214 ton'i,
115 1159 219 1220 quam
234 1139 377 1200 fundavit
392 1139 425 1200 S.
444 1139 609 1218 Philippus
623 1139 697 1199 Neri
713 1140 832 1213 Romae,
849 1144 881 1200 et
898 1140 948 1200 vir
966 1139 1037 1202 reli-

29 1239 110 1318 gione
118 1236 325 1310 venerabilia,
336 1237 428 1299 Gard.
441 1235 653 1298 doBerulloin
663 1235 781 1310 Galliis,
794 1237 836 1298 ad
843 1236 931 1300 verbi
940 1236 1041 1299 divini

28 1334 291 1415 pradicationem,
312 1339 344 1396 et
361 1351 535 1414 puerorum
553 1334 587 1394 in
607 1333 720 1395 litteris
739 1333 982 1396 institutionem.
999 1367 1037 1382 -

31 1433 232 1511 congegatio
255 1431 563 1512 Redemptora'sturum
581 1449 602 1492 a
621 1438 731 1493 sancto
748 1431 912 1510 Alphouso
933 1433 973 1493 do
991 1432 1045 1494 bi-

32 1530 118 1608 guori.
141 1563 185 1574 —
205 1529 413 1609 Congregatio
435 1531 569 1591 fratrum
589 1515 740 1590 doctrinm
764 1529 944 1602 christiana
965 1547 1036 1610 qua·

31 1627 151 1688 fundata
167 1632 218 1688 est
230 1645 249 1686 a
263 1626 436 1702 venerabili
450 1625 486 1688 de
500 1625 532 1688 tc
543 1623 637 1688 Solle.
653 1659 693 1672 «-
708 1625 890 1709 [nstitutum
899 1628 953 1690 SS.
967 1629 1038 1690 Gor·

32 1725 105 1784 dium
123 1724 157 1786 in
175 1723 289 1798 Galba,
300 1724 425 1805 vulgari
438 1724 567 1786 nomine
582 1725 621 1786 de
639 1723 750 1804 Picpus
767 1723 981 1802 appellatum3
996 1759 1037 1770 —

33 1823 233 1901 congregatio
248 1809 357 1885 Sancti
376 1821 514 1903 Spiritus
530 1827 562 1884 et
582 1820 778 1884 Immacututi
791 1819 901 1883 Cordis
915 1821 1035 1896 Maria,

34 1920 109 1998 cujus
115 1921 270 1982 fundator
280 1925 328 1982 est
335 1919 525 1982 venerabilis
533 1921 573 1982 fr.
584 1920 626 1982 M.
639 1918 833 1982 Lt'bcrmcnn.
845 1953 885 1964 -
897 1920 1042 1982 Societas-

33 2017 285 2098 Presbyterorum
299 2015 468 2080 Semtnurc'r‘
477 2014 511 2079 S.
524 2015 655 2098 Sntpnn·
666 2016 804 2092 Parisiis,
820 2017 871 2078 cui
881 2017 1037 2096 originem

34 2114 106 2176 dedit
126 2118 207 2179 J.-J.
232 2115 317 2178 Oliar
333 2117 480 2178 sacerdos
494 2115 612 2196 pietate
629 2133 705 2194 erga
724 2114 956 2176 sanctissimum
977 2115 1041 2176 Sa*

34 2219 221 2274 aramentum
240 2218 271 2274 et
284 2215 416 2276 Beatam
435 2213 609 2292 Virginem,
629 2230 665 2274 ac
682 2212 750 2274 zelo
764 2211 958 2273 informandi
972 2213 1037 2273 olc-

34 2325 92 2368 mm
124 2310 298 2391 disciplinis
327 2310 442 2385 sacris,
471 2309 669 2389 conspicuus.
701 2310 790 2371 Hanc
822 2308 1034 2382 sodalitatem,

36 2408 232 2484 approbatam
254 2407 341 2480 olim,
361 2407 400 2468 ab
420 2426 503 2468 anno
520 2407 609 2482 1664,
632 2424 651 2466 a
668 2406 760 2468 Card.
777 2405 879 2484 Gbigi,
896 2405 1001 2483 legato
1018 2424 1037 2468 u

35 2500 379 2581 lotereAlexandriVll,
391 2503 592 2566 confirmavit
603 2503 678 2564 Pius
693 2505 742 2577 IX,
764 2521 816 2564 an.
838 2503 928 2565 1863.
945 2503 1037 2562 Pres-

35 2599 124 2678 byteri
136 2603 246 2664 Sancti
261 2601 393 2682 Sulpitii
407 2607 572 2664 remanent
593 2601 710 2666 cclero
734 2601 879 2663 seculari
899 2605 931 2662 et
949 2600 1044 2662 nulla,

35 2703 97 2759 vota
110 2701 270 2762 emittunt.

84 2842 180 2905 Nous.
197 2839 368 2921 Loquendo
379 2840 418 2901 de
428 2839 583 2902 Institutis
596 2839 751 2920 religiosis
766 2841 905 2902 virorum
917 2858 980 2900 non
991 2859 1038 2901 re-

37 2941 201 3000 censuimus
213 2939 339 3000 ordines
349 2945 380 3000 at
387 2938 649 3016 congregationes
660 2937 960 3000 sanctimonialium.
975 2937 1039 2998 Siu-

37 3035 105 3110 gulis
114 3039 179 3098 lere
190 3037 354 3099 ordinibus
363 3036 504 3098 virorum
514 3037 708 3116 respondent
718 3037 844 3098 ordines
852 3034 1038 3098 Monislium

38 3122 1039 3212 quaeDeoserviuntsubregulisS.Basilii,S.Beuedicti,&Fran-

37 3229 108 3306 cisci‚
118 3235 149 3296 S.
160 3223 329 3308 Dominici,
338 3231 581 3293 Carmelitarum
594 3237 653 3294 etc.
664 3233 744 3294 Sunt
751 3232 846 3309 etiam
852 3231 959 3310 plures
968 3247 1040 3292 con·

40 3332 224 3407 gregationes
238 3330 416 3402 saculares,
440 3330 487 3390 uti
506 3329 602 3407 Gong.
625 3328 804 3391 Puellarum
821 3326 1002 3401 Choritutis,
1021 3345 1040 3386 a

40 3424 64 3485 S.
74 3428 233 3490 Vincentio
244 3429 390 3505 aPaulo;
401 3425 549 3489 Sororum
560 3424 624 3492 SS.
637 3425 755 3505 Cordis,
768 3426 915 3513 Sororum
923 3421 1044 3504 Paupe-

78 3619 98 3667 t.
110 3621 140 3670 ln
153 3633 208 3684 quo
223 3618 336 3670 Ordines
350 3617 469 3684 religiosi
484 3619 590 3683 proprie
604 3617 667 3670 dicti
680 3618 909 3684 distinguantura
923 3615 1041 3680 Congre-

42 3693 178 3754 gaticnibus
190 3695 374 3759 sacularibus,
387 3693 491 3746 dicotur
504 3693 574 3746 infra
586 3694 629 3758 (u0
642 3695 708 3758 445).
