2604 4274
122 279 190 330 ΑΜ.
213 283 259 331 lll.
283 284 470 332 sensualem
488 285 526 332 lu
546 284 796 334 csbnuul'llortslt
817 285 984 333 FESTORUM.
1024 278 1076 332 379

36 419 60 451 α
96 399 385 462 celebrabuntur...
408 401 526 462 Eadem
545 401 665 481 pariter
684 401 841 462 Sanctitas
861 403 926 464 Sua
946 401 1077 463 mandat

41 521 64 549 ι(
99 501 140 558 ut
156 498 405 560 anniversarium
424 499 636 561 Dedicationis
657 499 848 579 templorum
861 517 933 578 quae
947 500 980 558 in
993 499 1076 576 ejus-

47 615 69 650 «
104 595 177 656 dem
196 596 364 658 Gallicana
383 597 567 676 reipublicae
585 597 743 658 territorio
759 603 864 658 erecta
876 602 959 670 sunt,
976 597 1009 657 in
1022 596 1076 658 do·

49 713 70 749 n
103 693 222 754 minica
246 712 328 774 quae*
348 699 492 755 octavam
514 694 691 756 festivitatis
714 695 862 755 Omnium
891 696 1078 757 Sanctorum

43 813 65 845 «
101 791 247 869 proxime
266 797 426 870 sequetur,
452 792 485 853 in
503 783 624 854 cunctis
641 792 788 853 Ecclesiis
810 791 978 854 Gallicanis
998 792 1079 854 cele-

45 913 66 944 «
100 890 222 951 bretul‘.
242 913 257 945 u
788 957 790 962 Ι

121 988 154 1046 1⁰
169 987 332 1048 Parocbus
344 987 530 1048 denuntiare
545 989 639 1050 debet
651 988 737 1068 plebi
749 989 817 1050 dies
825 988 1077 1067 festossuppres-

43 1102 121 1160 sos,
145 1089 242 1163 atque
263 1084 386 1144 hortari
405 1103 458 1145 eos
476 1086 652 1164 prasertim
678 1087 733 1166 qui
756 1086 871 1147 uictum
892 1103 1004 1165 parere
1018 1083 1079 1145 sibi

42 1181 171 1242 labore
183 1201 335 1242 manuum
344 1183 473 1244 minime
484 1188 652 1262 coguntur,
663 1189 698 1244 ut
705 1183 743 1244 iis
754 1183 865 1244 diebus
878 1185 1078 1244 sacrosancto

45 1280 165 1342 Missa
180 1281 502 1356 sacrificiointersint;
517 1282 633 1361 dequo
649 1282 724 1344 Pius
738 1281 793 1346 vll
808 1281 900 1342 enixe
915 1279 1080 1342 admonuit

46 1384 206 1457 pastores
222 1379 410 1439 animarum.

121 1479 156 1537 2⁰
178 1478 277 1538 Debet
299 1495 422 1538 sacrum
441 1479 556 1555 lacere,
578 1482 610 1539 et
624 1477 790 1557 providere
808 1482 844 1536 ut
868 1481 916 1538 tot
929 1477 1030 1538 Missae
1046 1477 1078 1538 in

48 1574 203 1635 Ecclesia
224 1574 401 1654 parochiali
419 1576 619 1636 celebrentur
646 1581 725 1656 quot
750 1575 934 1636 necessariae
957 1579 1031 1635 sunt
1045 1581 1080 1634 ut

49 1673 143 1734 votis
157 1674 189 1734 S.
204 1673 367 1733 Pontificis
377 1673 484 1734 fideles
497 1673 661 1734 commode
675 1673 856 1734 satisfacere
868 1678 998 1752 queant.
1011 1675 1078 1734 lmo

52 1770 166 1846 debet,
180 1776 334 1851 quantum
346 1769 536 1851 possibilitas
546 1771 694 1850 suppetit,
706 1771 786 1832 festa
796 1771 955 1831 celebrare
968 1769 1080 1830 eodem

53 1867 243 1930 divinorum
260 1869 436 1930 officiorum
451 1869 561 1929 ordine
576 1874 607 1929 et
621 1868 684 1928 ritu
705 1886 770 1948 quo
783 1872 1013 1928 consueverunt
1028 1887 1082 1928 an-

55 1973 127 2040 tea,
143 1967 272 2045 quando
290 1968 422 2044 urgebat
442 1970 650 2046 preceptum,
666 1967 784 2039 ,Fertur
803 1965 1001 2028 cardinalem
1022 1965 1080 2026 Ga·

58 2081 160 2142 prara
175 2064 341 2125 consilium
362 2064 483 2125 dedisse
506 2082 564 2142 per
582 2063 702 2124 litteras
722 2063 898 2142 encyclicas
918 2082 969 2122 an.
989 2063 1067 2122 1806

56 2169 96 2223 ut
110 2163 307 2223 abstinerent
322 2163 469 2241 deinceps
485 2181 504 2223 a
518 2162 652 2222 solemni
670 2161 785 2222 horum
805 2163 958 2221 festorum
972 2161 1035 2220 ritu
1050 2165 1082 2220 et

59 2261 243 2322 officiorum
259 2267 365 2334 cantu,
383 2261 458 2339 quia
471 2261 609 2321 subortae
624 2260 752 2320 fuerant
766 2277 860 2337 super
873 2258 935 2318 huc
949 2257 1082 2317 difficul-

61 2365 148 2420 tates
169 2364 313 2437 exparte
329 2358 597 2436 guberniieivilis.
616 2360 694 2420 Cum
718 2375 792 2417 vcro
810 2357 929 2418 eoedem
945 2355 1080 2416 difficul-

60 2461 147 2518 tates
171 2457 266 2517 hodie
287 2475 349 2517 non
374 2456 559 2531 subsistant,
587 2473 648 2516 nec
667 2453 953 2535 pertimescendum
978 2451 1018 2512 sit
1043 2471 1082 2512 ne

61 2555 176 2616 fideles
185 2555 218 2614 in
234 2573 373 2616 errorem
388 2554 581 2614 inducantur
594 2553 678 2614 eirca
692 2553 923 2630 obligationem
936 2549 1084 2612 servandi

63 2654 147 2713 testa
163 2669 340 2731 suppressa,
354 2651 444 2712 valde
453 2652 630 2731 optandum
639 2656 720 2711 esset
732 2650 853 2710 utnihil
864 2649 1085 2728 immutaretur

64 2751 104 2810 de
120 2750 184 2810 ritu
199 2750 342 2823 solemni,
360 2755 515 2828 quantum
529 2749 642 2810 saltem
651 2747 807 2828 permittit
820 2753 921 2808 status
931 2745 1083 2826 paraecia-

61 2867 147 2925 rum,
164 2848 340 2927 praesertim
350 2847 377 2908 si
391 2865 463 2927 spes
476 2847 629 2925 affulgeat
642 2846 750 2906 fideles
765 2844 959 2906 attrahendi.

124 2946 160 3004 3⁰
176 2947 314 3006 Tenetur
330 2946 471 3023 insuper,
486 2944 598 3005 iisdem
619 2944 731 3004 diebus
750 2943 837 3004 iestis
853 2943 908 3022 qui
923 2942 1083 3021 suppressi

64 3044 224 3118 dicuntur,
236 3043 398 3121 applicare
408 3042 535 3104 Missam
544 3060 602 3120 pro
615 3042 735 3120 populo
745 3040 869 3121 (nosse,
882 3045 906 3101 t.
918 3041 942 3115 l,
954 3060 987 3118 p.
997 3039 1081 3118 442.)

127 3141 205 3202 Gum
214 3141 270 3200 illa
281 3139 434 3218 obligatio
444 3140 545 3218 possit
555 3138 727 3217 aliquando
740 3157 820 3198 onus
829 3155 924 3218 grave
934 3136 1082 3196 inducere

67 3239 214 3317 parochis
236 3238 406 3311 nonnullis,
427 3243 458 3298 et
476 3238 606 3316 insuper
627 3235 788 3297 molestias
811 3235 958 3296 fidelibus
978 3251 1083 3294 creare

67 3337 122 3415 qui
134 3337 246 3396 missas
261 3335 321 3396 sibi
330 3335 431 3396 suisve
448 3335 633 3414 parentibus
646 3333 802 3413 applicari
817 3336 981 3411 exoptant,
994 3349 1024 3391 v.
1038 3351 1081 3410 3.,
1126 3381 1129 3386 ,

68 3452 126 3512 pro
139 3433 340 3508 nubentibus,
358 3452 417 3513 pro
437 3432 593 3512 exsequiis
613 3432 847 3507 defunctorum,
871 3431 903 3490 S.
922 3428 1019 3490 Sedes
1033 3428 1085 3488 his

68 3529 278 3592 incommodis
292 3531 428 3610 benigne
437 3529 604 3608 providere
619 3528 793 3590 consuevit.
811 3526 958 3588 Pluribus
970 3543 1084 3604 nempe

70 3629 230 3708 Episcopis
241 3628 394 3689 concessit
406 3627 590 3689 facultatem
605 3625 819 3706 dispensandi,
836 3613 1084 3685 utdicbusfes'ti-

72 3727 117 3786 vis
133 3726 318 3806 hujusmodi
331 3725 463 3805 parochi
479 3723 635 3804 recipiant
648 3725 884 3804 eleemosynam
906 3721 991 3800 apio
1007 3719 1083 3782 olie-
