2588 4276
263 301 332 349 tat.
353 301 374 348 l.
397 298 485 349 onitu
505 299 638 348 onnlrttnr
656 299 893 350 nstletosonutr.
1035 293 1090 372 180,

67 431 135 478 rem
148 416 289 494 agebant
303 415 361 476 sub
374 415 527 495 regimine
537 415 701 495 propheta
712 413 763 476 cui
777 434 810 477 se
821 414 992 495 discipulos
1002 433 1087 478 com·
1182 469 1183 480 .

69 513 233 574 miserant.
256 514 386 575 lllorum
410 513 528 576 mentio
547 514 697 592 frequens
716 512 852 574 habetur
871 513 904 574 in
925 511 1012 574 libris
1030 513 1087 576 Re·

68 629 156 692 pom,·
174 611 259 672 unde
281 611 468 672 concludere
490 616 538 672 est
561 611 632 672 illos
654 613 791 673 formam
812 610 886 673 vitae
908 610 1086 673 communis

44 713 47 718 '
68 728 139 770 cum
154 728 213 770 suo
232 709 393 788 superiore
405 708 523 771 iniisse.

126 805 358 883 liechabitae,
335 813 379 867 s1c
393 806 579 868 nominatia
591 805 720 868 Rechab
724 809 835 885 ,patre
844 805 1008 869 Jonadab
1000 824 1084 886 ipso-

69 923 136 966 rum
148 903 352 979 institutoris,
364 904 547 966 societatem
560 921 754 966 acommum
744 902 889 964 vivendi
904 905 998 966 modo
1014 903 1089 965 alia.

70 1021 141 1064 nam
156 1002 350 1075 formabant,
381 999 472 1080 cujus
489 1000 558 1063 heac
585 1007 654 1062 erat
670 999 838 1080 disciplina
854 1016 861 1060 :
878 1002 909 1061 Ιο
933 1007 969 1063 ut
993 1001 1085 1063 absti-

70 1104 181 1161 nerent
199 1119 219 1160 a
239 1099 325 1171 vino,
354 1099 465 1172 sicera,
493 1102 524 1161 et
552 1098 639 1159 omni
668 1098 732 1159 alio
758 1097 880 1177 liquore
905 1098 960 1178 qui
988 1098 1096 1178 possit.

70 1195 241 1270 inebriare;
253 1199 286 1258 2⁰
296 1201 331 1257 ut
338 1195 518 1258 habitarent
529 1195 640 1276 procul
651 1195 691 1257 ab
702 1195 792 1272 urbe,
805 1214 869 1256 non
881 1195 914 1255 in
924 1195 1084 1274 domibus,

71 1295 123 1356 scd
136 1295 171 1355 in
183 1295 342 1367 tentoriis;
359 1293 391 1354 3⁰
404 1299 517 1355 utnon
530 1298 670 1355 sererent
684 1294 892 1366 frumentum,
904 1311 962 1354 nec
978 1293 1087 1368 uncas

71 1391 262 1470 plantarent.
277 1394 351 1453 Haec
364 1389 509 1469 religiose
523 1392 690 1453 observata
702 1409 769 1452 esse
785 1379 922 1452 testatur
934 1390 1100 1453 Jercmias.

73 1487 151 1568 (cap.
165 1505 250 1550 xxxv
254 1491 317 1570 ,6).
332 1489 462 1550 Videtur
475 1488 668 1551 Rechabitas
679 1487 835 1549 exstitisse
846 1505 946 1567 usque
960 1488 999 1549 ad
1013 1493 1089 1548 tem·

73 1604 129 1666 pus
151 1585 323 1647 eversionis
343 1586 454 1666 templi
475 1605 494 1648 a
517 1585 830 1662 Nabuchodonosor3
855 1586 895 1646 ab
919 1603 957 1646 ea
981 1603 1008 1646 ae
1009 1589 1087 1658 tate,

74 1689 142 1764 post
151 1685 288 1745 reditum
304 1684 408 1762 gentis
420 1683 561 1747 ludaicae
581 1683 763 1746 aservitute
778 1682 983 1764 Babylonica,
999 1681 1089 1798 nulla

75 1781 108 1842 lit
120 1780 249 1844 illorum
262 1782 392 1844 mentio

130 1879 252 1941 Essenu
261 1897 414 1958 majorem
423 1876 564 1941 habuere
580 1877 761 1958 analogiam
777 1897 849 1940 cum
865 1878 1028 1940 ordinibus
1042 1895 1091 1940 rc·

77 1977 203 2058 ligiosis,
235 1977 389 2056 siquidem
419 1977 688 2039 abrenuntiabunt
713 1975 862 2056 conjugio
889 1982 926 2036 et*
947 1974 1088 2037 dominio

78 2076 208 2156 privato,
230 2093 266 2136 ac
281 2075 437 2155 superiori
456 2075 539 2136 inter
554 2073 693 2136 seniores
714 2075 814 2135 electo
834 2073 1036 2150 obediebant,
1053 2078 1090 2134 ut

81 2172 170 2233 vitam
197 2171 478 2250 contemplativam
505 2176 648 2250 agerent.
677 2172 721 2232 De
748 2169 886 2230 Esseniis
913 2169 1104 2248 loquuntur·

81 2269 179 2344 Philo,
194 2268 364 2348 losephus,
384 2287 420 2330 ac
439 2267 534 2330 etiam
549 2265 679 2329 Plinius.
696 2265 847 2328 Nonnulli
862 2267 943 2327 inter
957 2267 1090 2328 Sanctos

82 2367 184 2428 Patres
197 2366 348 2445 suspicati
358 2370 432 2426 sunt
444 2365 613 2428 Philonem
625 2365 768 2427 locutum
778 2382 844 2426 esse
858 2363 897 2425 de
912 2361 1107 2426 christianis

84 2481 155 2543 quos
172 2463 301 2526 ludaeos
322 2463 502 2542 reputabat,
525 2463 601 2542 quia
621 2482 662 2525 ex
683 2468 776 2541 gente
796 2461 930 2524 Judaica
949 2464 1040 2520 erant
1059 2464 1093 2520 et

83 2562 155 2623 ritus
175 2563 285 2641 plures
305 2560 460 2624 Mosaicos
480 2560 687 2622 retinuerant.
714 2558 891 2621 Verisimile
917 2562 965 2619 est
985 2556 1108 2636 plures.

10 2687 11 2690 ¹
70 2659 170 2722 luisse
185 2658 329 2720 Essenios
349 2662 423 2719 ante
444 2662 475 2720 et
495 2663 568 2738 post
583 2656 754 2732 Christum,
773 2662 804 2718 et
822 2656 940 2717 multos
959 2673 998 2717 eu
1015 2653 1107 2729 illis,¹

83 2757 119 2818 ad
128 2758 221 2818 fldem
233 2756 438 2818 christianam
450 2771 617 2818 conversos
633 2753 733 2816 sancti
744 2753 843 2816 Marci
851 2752 1091 2834 praedicatione,

9 2913 10 2916 ,
83 2871 167 2918 suum
181 2855 309 2918 vivendi
323 2855 454 2915 modum
471 2853 503 2914 in
519 2853 751 2916 christianismo
766 2853 932 2914 retinuisse
945 2856 977 2913 et
990 2851 1108 2930 perse·-

9 2981 11 3020 ξ
83 2953 188 3016 sisset.

135 3053 174 3116 ll.
198 3053 309 3112 Plures
325 3043 505 3131 scriptores,
519 3067 644 3128 magnae
656 3049 784 3129 quidem
795 3039 1001 3122 auctoritatis,
1014 3046 1093 3109 exis·

83 3150 191 3212 limant
210 3155 327 3211 statum
350 3147 534 3229 religiosum
550 3167 569 3208 a
586 3147 780 3227 temporibus
797 3146 979 3227 apostolicis
998 3145 1094 3207 incoe·

9 3241 10 3258 ¹
82 3240 1092 3327 pisse,imoipsosmethpostolosverosluissereligiosos‚tlhrist0

9 3363 10 3368 ¹
84 3346 218 3408 addictos
233 3345 324 3406 votis.
341 3347 428 3406 luter
446 3343 610 3420 religiosos
634 3343 730 3404 etiam
750 3342 960 3402 adnumerant
973 3339 1093 3418 primos

84 3443 186 3506 fideles
209 3462 289 3522 quos
308 3441 442 3504 historia
466 3459 556 3502 sacra
577 3441 683 3516 refert,
707 3440 739 3500 in
761 3438 847 3500 Actis
867 3435 1109 3520 Apostolorum,

87 3543 187 3603 omnia
197 3561 255 3603 sua
264 3539 350 3602 bona'
358 3539 547 3613 vendidisse,
557 3543 593 3599 ut
602 3538 731 3600 daretur
739 3536 876 3617 pretium
887 3533 1092 3616 pauperihus,
1107 3586 1112 3596 .

122 3750 144 3800 l.
156 3747 194 3799 Cf.
209 3745 316 3809 Suarcz,
329 3743 362 3796 de
376 3744 521 3810 Reliquae,
538 3743 585 3795 lib.
600 3743 644 3805 ΙΙΙ,
659 3757 717 3807 cap.
732 3755 760 3804 n,
774 3743 814 3792 n¹·
828 3743 910 3793 tl·l2.
992 3706 993 3711 ἵ

906 3842 948 3894 ΙΙ.
