2588 4276
224 227 275 282 182
584 234 662 283 PARS
682 233 716 281 ll.
737 233 867 282 Glallliltil.
1259 102 1262 314 i

220 348 1218 433 mortuisior,velfuqodispersi,autoquuorinpeclrinentodetentil

280 447 427 522 Quamvis
447 467 484 510 ea
505 448 544 511 sil
567 448 749 510 constitutio
774 447 911 528 cujusvis
935 450 1059 529 collegii
1077 457 1113 512 ut
1131 455 1216 516 tribus

218 546 331 608 saltem
350 547 500 610 membris
520 546 669 626 componi
690 546 814 622 debeat,
835 547 889 627 jus
908 553 1017 609 tamen
1038 550 1165 630 capituli
1182 571 1218 614 se
1261 561 1262 610 l

218 645 282 706 mel
296 645 354 706 rite
370 645 466 706 erecti
491 644 644 706 retinetur
662 643 696 704 in
714 643 928 723 paucioribus,
944 647 996 707 vel
1011 647 1107 709 etiam
1124 649 1216 712 inuno
1258 687 1262 732 ,3

217 742 365 824 (110380).
388 742 467 804 Hinc
486 741 628 821 sequitur
646 742 727 803 duos
749 741 804 822 qui
821 743 903 804 forte
923 745 1141 820 remanserint,
1164 746 1217 809 imo
1260 802 1261 811 ,

216 859 317 902 unum
331 840 396 920 qui,
421 840 543 902 coeteris
564 839 711 900 omnibus
729 839 958 914 deficientibus,
975 841 1061 904 solus
1075 851 1217 923 superstes
1258 916 1261 931 .

215 939 322 1014 fuerit,
344 957 439 1018 agere
460 955 551 1018 posse
570 937 699 1016 negotia
718 937 860 1016 capituli.
883 959 898 996 u
924 939 957 1001 Si
983 958 1093 1001 omnes
1119 948 1218 1021 prater
1261 935 1262 938 ’

217 1061 233 1098 u
255 1056 354 1098 unum
369 1037 407 1098 de
420 1036 559 1124 capitulo
575 1040 681 1098 essent
692 1035 873 1116 incapaces,
890 1036 935 1098 ait
949 1036 1045 1100 Card.
1062 1040 1165 1114 Petra,
1180 1059 1217 1101 re·
1258 1059 1261 1137 q

216 1157 232 1192 α
254 1134 422 1214 manetjus
436 1153 533 1214 penes
555 1152 664 1208 unum,
683 1133 794 1194 utlate
809 1139 840 1195 et
860 1134 1089 1213 magistraliter
1102 1138 1216 1198 Rotain
1258 1140 1262 1203 1

215 1255 231 1292 ι(
254 1232 455 1312 Mojoricensi
470 1233 593 1303 nauel..
616 1233 656 1292 29
678 1237 770 1292 mart.
795 1231 912 1294 1700...
933 1238 966 1293 et
981 1233 1063 1294 ratio
1089 1235 1216 1314 estquis
1260 1222 1262 1301 l

213 1353 229 1388 u
253 1349 326 1393 cum
335 1331 389 1411 jus
403 1330 444 1391 ait
459 1347 556 1410 penos
573 1329 713 1408 singulos
728 1329 767 1390 de
787 1329 933 1407 collegio,
948 1349 1012 1392 non
1027 1331 1076 1392 uti
1090 1331 1218 1410 singulos
1261 1335 1262 1414 l

215 1452 231 1486 c
253 1429 309 1490 scd
329 1429 378 1490 uti
394 1428 566 1503 universos,
582 1445 620 1488 eo
637 1427 706 1506 ipso
727 1427 814 1508 quod
828 1433 991 1506 nequeunt
1001 1427 1049 1488 illi
1066 1427 1133 1510 (qui
1145 1429 1218 1491 inca·
1261 1423 1262 1426 '

216 1551 231 1582 κ
252 1544 347 1606 paces
364 1531 437 1586 sunt
455 1525 496 1587 ob
517 1524 647 1604 aliquod
662 1524 850 1585 canonicum
868 1524 1147 1608 impedimentum)
1161 1546 1215 1589 esse

153 1633 155 1636 ’
214 1648 230 1682 «
252 1623 395 1684 membra
415 1622 551 1701 collegii,
572 1641 630 1702 per
645 1621 698 1700 jus
718 1640 783 1683 non
806 1621 1009 1684 decrescendi
1032 1626 1214 1686 remanetiu

215 1745 231 1780 c
253 1721 359 1783 aliis...
375 1723 455 1783 Nam
473 1721 657 1783 etsiverum
681 1719 722 1780 sit
735 1738 834 1780 unum
848 1739 913 1781 non
933 1722 1127 1785 constituere
1139 1723 1213 1803 capi·

214 1843 231 1878 u
252 1819 392 1882 tulum...
410 1824 517 1880 tamen
531 1819 565 1880 in
581 1836 655 1880 casu
676 1836 741 1898 quo
756 1835 866 1878 omnes
885 1819 941 1879 alii
960 1824 1034 1880 sunt
1047 1820 1213 1900 incapaces,

216 1939 232 1976 u
252 1916 451 1996 remanetjus
461 1917 688 1996 oollegiipenes
696 1933 807 1977 unum.
819 1938 835 1972 »
849 1915 1045 1994 (Commeat,
1057 1919 1092 1979 in
1103 1937 1114 1980 1
1127 1923 1214 1981 const.

212 2017 244 2080 S.
263 2014 379 2082 Leonis
396 2015 514 2094 Magni,
538 2020 613 2076 sect.
636 2031 674 2088 11,
695 2013 734 2074 11¹·
759 2014 809 2087 33,
834 2015 884 2089 36,
899 2020 922 2075 t.
944 2016 967 2090 l,
983 2035 1057 2096 pag.
1084 2019 1135 2092 37,
1161 2015 1216 2095 38.)-

212 2113 302 2174 Gard.
320 2112 362 2174 de
373 2115 459 2175 Luca
473 2113 616 2174 eamdem
635 2111 769 2191 protulit
784 2112 994 2174 sententiam:
1018 2111 1033 2170 u
1048 2114 1173 2177 vacatis
1183 2115 1214 2174 de
1262 2111 1264 2146 l

214 2235 230 2280 ιι,
239 2267 241 2272 ,
250 2212 335 2274 iacto
349 2229 406 2290 pro
417 2210 531 2289 majori
545 2216 635 2290 parte
648 2209 895 2285 canonicatibus,
906 2211 957 2271 vel
968 2211 1172 2274 existentibus
1183 2212 1215 2272 de
1261 2153 1264 2308 l

215 2327 231 2368 u
248 2308 320 2388 jure
331 2307 489 2371 canonicis
499 2307 668 2388 impeditis,
680 2325 735 2368 seu
744 2306 863 2368 habitis
871 2325 930 2386 pro
940 2326 1003 2368 non
1015 2310 1213 2381 exstantibus,

213 2432 229 2464 «
249 2413 328 2486 puta
341 2425 399 2486 per
412 2424 561 2469 censuras
574 2405 624 2466 vel
639 2404 703 2465 alia
711 2403 953 2483 impedimenta,
967 2410 1044 2467 tunc
1057 2412 1160 2469 totum
1169 2425 1213 2468 ca·

212 2527 229 2563 u
249 2505 384 2584 pitulum
399 2503 615 2566 consolidatur
628 2501 662 2562 in
678 2521 742 2564 non
756 2502 930 2581 impoditis,
942 2503 1038 2564 etiam
1052 2503 1087 2564 in
1103 2503 1214 2584 paucis,

215 2623 230 2660 u
251 2601 391 2681 quinimo
407 2601 505 2663 etiam
519 2600 552 2662 in
564 2619 628 2662 uno
640 2619 705 2662 non
718 2599 883 2680 impedito.
897 2624 912 2656 »
928 2599 1102 2681 (Ducurrur
1114 2603 1145 2663 iu
1157 2620 1214 2680 pou·

210 2697 260 2762 cil.
276 2698 412 2761 Trideut.
434 2716 520 2774 xxxi,
535 2714 570 2760 n⁰
585 2703 620 2775 43
634 2715 724 2771 xmo,
738 2695 778 2758 ns.
797 2701 848 2775 24,
861 2697 926 2779 25.)

270 2797 398 2871 Quodsi
412 2802 518 2858 tamen
531 2796 705 2876 capitulum
715 2795 965 2857 sitinterdictum
975 2795 1026 2856 vel
1036 2814 1212 2877 suspensum

210 2893 251 2956 ob
265 2893 429 2968 delictum,
447 2893 590 2962 canonici
605 2893 659 2972 qui
672 2893 763 2954 istius
778 2892 885 2978 delicti
898 2892 1069 2973 participes
1083 2913 1147 2956 non
1156 2895 1213 2954 iue-

208 2997 294 3064 runt,
317 3011 381 3056 non
399 2993 507 3056 ualent
525 3009 619 3070 agere
638 2990 766 3052 nomine
792 2987 932 3069 capituli.
957 2990 1079 3054 Dicitur
1101 2991 1134 3052 in
1158 3009 1213 3052 una

208 3090 367 3153 decisione
400 3093 487 3154 Rota
514 3109 521 3154 :
549 3113 565 3148 u
593 3088 693 3152 Licet*
711 3088 885 3168 capitulum
911 3095 1116 3152 conservetur
1129 3094 1160 3150 et
1177 3089 1212 3150 sit

210 3213 227 3247 c
248 3190 506 3270 repraesentabile
525 3206 696 3269 perunum
716 3187 872 3272 duntaxat
888 3187 1089 3266 canonicum,
1104 3207 1210 3272 ropra-

210 3311 226 3345 «
248 3295 390 3351 serutatur
403 3295 511 3350 tamen
526 3287 571 3368 (in
584 3286 646 3347 hoc
663 3283 750 3365 casu)
765 3289 919 3364 tanquam
934 3304 1049 3367 corpus
1068 3289 1210 3350 infectum

210 3409 226 3443 «
248 3393 280 3450 et
293 3386 435 3450 inhabile
451 3387 492 3448 ad
505 3383 717 3447 exercendum
730 3386 820 3444 actus
832 3380 1102 3461 jurisdictionales
1118 3405 1126 3449 :
1141 3385 1212 3446 alias

209 3507 226 3542 «
247 3484 400 3547 darentur
413 3484 446 3545 in
470 3483 581 3545 eadem
601 3479 744 3544 Ecclesia
763 3479 826 3541 duo
841 3480 992 3560 capitula,
1008 3483 1211 3545 alterumsus·
1262 3551 1263 3556 γ

209 3605 226 3640 «
247 3602 381 3663 pensum
400 3587 433 3644 et
457 3580 669 3654 interdictum,
690 3584 722 3640 et
745 3577 880 3639 alterum
906 3597 1008 3660 neque
1031 3595 1208 3661 suspensum
1262 3595 1263 3656 ξ

210 3706 225 3740 «
247 3699 349 3762 nequo
363 3680 577 3754 interdictum,
594 3676 680 3758 quod
694 3681 928 3740 monstruosum
946 3684 1036 3743 esset.
1048 3703 1065 3738 »
1077 3676 1208 3770 (Deculo
