2642 4270
219 276 289 325 aar.
311 277 357 324 111.
377 275 618 325 anurnrsratrlo
638 273 782 326 BONORUE
802 277 959 326 accusatu.
1045 270 1093 325 601

513 517 670 564 susciten.

142 689 212 749 643.
236 722 276 732 -
296 686 541 765 Legislationem
566 685 690 748 civilem
710 686 749 747 de
768 685 921 764 regimine
940 687 1097 748 bonorum

34 791 38 800 '
79 767 502 847 ecclesiasticorum'referrc
522 789 738 864 opportunum
758 783 915 858 duximus,
937 788 972 843 ut
992 783 1099 845 clerici

78 883 223 944 ediscant
237 901 307 961 quae
322 881 428 942 in-hac
442 886 531 961 parte
542 885 661 943 statuta
673 886 761 956 sunt;
780 885 875 962 utque
883 886 1096 961 praecaveant,

79 980 136 1060 qui
150 980 278 1060 publico
290 979 464 1040 massano
475 979 593 1040 aaaron
607 982 691 1054 sunt,
709 979 748 1039 aa
761 979 877 1056 agendi
889 954 1011 1040 ratione
1025 998 1096 1058 qua

77 1077 114 1139 in
139 1077 306 1139 discrimen
333 1078 505 1138 adduceret
534 1077 619 1139 bona
641 1077 830 1155 temporalia
848 1077 1005 1138 Ecclesiae.
1034 1078 1097 1139 Sed

79 1176 334 1242 animadvertere
346 1175 440 1236 simul
451 1173 617 1235 debuimus
632 1175 776 1235 eamdem
789 1175 1021 1252 legislationem
1032 1193 1096 1236 non
1114 1189 1122 1212 ¹

78 1273 268 1346 consentire,
279 1273 337 1333 sub
345 1272 440 1333 variis
448 1273 654 1352 respectibus,
663 1290 735 1332 curn
748 1272 894 1333 libertate
910 1272 1057 1335 Ecclesia
1066 1278 1097 1334 et

78 1371 197 1432 sanctis
212 1371 397 1431 canonibus.
408 1369 581 1431 Concilium
591 1373 801 1432 Laterenense
812 1371 837 1442 Ι,
850 1387 982 1444 canone,
994 1373 1026 1431 4⁰
1037 1374 1097 1432 sta·

77 1469 141 1530 tuit
160 1491 176 1525 a
196 1473 231 1530 ut
249 1467 332 1543 laici,
357 1467 500 1548 quamvis
524 1467 674 1545 religiosi,
698 1466 821 1528 nullam
847 1467 1036 1546 disponendi
1056 1467 1096 1528 de

82 1592 99 1622 «
114 1567 208 1627 rebus
223 1565 440 1626 ecclesiasticis
454 1565 638 1626 facultatem
651 1565 802 1638 habeant,
818 1564 873 1624 sed
888 1565 1030 1624 omnium
1042 1584 1096 1626 ne·

83 1689 99 1719 ι(
115 1663 273 1744 gotiorum
295 1661 582 1724 ecclesiasticorum
603 1681 710 1723 euram
732 1661 850 1722 haheat
871 1663 1044 1742 Episcopus
1062 1684 1094 1726 n.
1143 1723 1145 1728 ,

79 1761 250 1841 Gregorius
263 1763 290 1822 X
305 1759 402 1821 edidit
417 1760 520 1837 legem
534 1759 570 1819 in
580 1759 713 1821 coneilio
728 1760 932 1838 lugdunensi
944 1779 1007 1840 qua
1021 1778 1095 1841 pro-

78 1860 217 1920 hibitum
231 1858 290 1918 fuit
305 1881 320 1914 «
332 1858 495 1919 universos
506 1863 537 1918 et
548 1858 689 1936 singulos
702 1858 856 1919 Praelatos
865 1858 1020 1918 Ecclesias
1035 1858 1096 1919 sibi
1187 1921 1189 1925 ,

84 1979 99 2016 u
114 1955 308 2029 commissas,
332 1956 418 2017 bona
438 1955 627 2034 immobilia,
654 1973 710 2016 scu
732 1955 806 2034 jura
826 1955 978 2034 ipsarum,
1007 1955 1095 2017 laicis

83 2077 99 2114 u
113 2039 309 2127 submittere,
323 2053 489 2132 subjicere,
503 2051 553 2115 vel
566 2071 757 2134 supponere,
769 2053 889 2133 absque
905 2053 1035 2133 capituli
1047 2054 1096 2115 sui

85 2174 100 2211 a
112 2171 265 2214 consensu
276 2157 307 2213 et
319 2151 507 2231 Apostolicae
518 2152 608 2214 Sedis
621 2151 777 2214 licentia.»
792 2151 880 2232 (Cap.
896 2150 963 2213 Hoc
975 2153 1092 2214 eonsul-

81 2251 202 2328 tisst'mo,
219 2253 248 2324 E,
261 2267 299 2310 nr
313 2252 415 2311 Eurus
430 2251 518 2312 Ecca.
535 2266 595 2312 nou
609 2265 802 2324 inieramus,
818 2249 851 2309 in
865 2250 931 2329 rr).

140 2351 208 2409 Non
229 2348 428 2426 exposcimus
446 2347 574 2427 quidem
589 2349 625 2407 ut
639 2347 824 2408 immutetur
840 2347 920 2408 ratio
939 2348 1094 2428 generalis

80 2444 322 2508 administrandi
343 2446 428 2507 bona
449 2444 661 2506 ecelesiastica
682 2463 739 2524 per
757 2444 909 2505 fabricam
930 2464 937 2506 :
961 2463 1094 2524 magnas

79 2550 163 2606 certe
183 2543 333 2604 utilitates
346 2537 473 2621 praefert
487 2542 601 2603 modus
617 2542 676 2602 iste
692 2543 852 2620 gestionis,
873 2543 974 2620 quiin
990 2543 1093 2605 consi·

78 2642 157 2703 lium
177 2641 311 2702 advocat
325 2640 408 2701 viros
424 2639 555 2701 selectos
571 2658 587 2701 e
603 2639 771 2719 parochia;
792 2640 919 2718 expedit
933 2641 1095 2703 titularem

78 2740 342 2802 sollicitudinibus
362 2737 605 2818 temporalibus3
623 2737 717 2798 simul
734 2737 831 2798 etiam
847 2746 988 2800 removet
1002 2740 1043 2800 ab
1057 2759 1094 2803 eo

78 2857 206 2900 omnem
226 2838 447 2917 suspicionem,
469 2853 524 2896 seu
544 2835 736 2915 cupiditatis
756 2853 808 2896 seu
832 2835 1045 2914 negligentiae,
1061 2839 1094 2900 in

77 2937 312 3016 dispensatione
327 2936 495 2995 bonorum.
513 2933 698 3008 Consiliarii,
712 2951 770 3013 pro
784 2951 840 2994 sua
853 2934 1048 3013 experientia
1061 2935 1094 2996 in

77 3033 214 3112 negotiis
233 3032 413 3106 mundanis,
435 3049 585 3109 magnam
606 3032 806 3092 securitatem
822 3037 986 3111 praestant,
1009 3033 1095 3110 quod

77 3132 249 3209 unicuique
263 3130 470 3209 perspicuum
485 3135 541 3190 est.
559 3131 622 3190 Nec
635 3128 731 3188 etiam
746 3129 886 3189 dicemus
905 3129 1094 3208 gubernium

76 3229 169 3292 civile
186 3229 312 3309 penitus
331 3227 488 3288 abstinere
508 3226 634 3298 debere,
651 3243 691 3285 ne
706 3244 739 3286 se
754 3225 878 3303 ingerat
892 3227 925 3287 iu
940 3226 1092 3288 adminis-

68 3328 252 3388 trationem·
268 3327 426 3402 bonorum
446 3323 671 3404 temporalium
691 3323 848 3398 Ecclesiae,
872 3326 977 3388 ullove
998 3325 1094 3387 modo

76 3427 152 3487 huic
168 3422 434 3486 administrationi
448 3423 609 3502 advigilat,
626 3427 682 3484 aut
700 3423 739 3484 de
759 3422 816 3483 illa
837 3427 934 3484 curet.
952 3424 1029 3484 Cum
1045 3441 1094 3484 as·

75 3523 248 3602 sumpserit
264 3523 342 3583 onus
364 3521 543 3602 supplendi,
564 3539 603 3582 cx
623 3520 751 3601 publico
771 3519 882 3583 aerario
902 3521 1093 3601 municipio·

76 3641 150 3682 rum
165 3625 197 3681 et
210 3620 405 3699 reipublicae,
425 3637 495 3698 quae
515 3619 693 3680 necessaria
712 3623 784 3680 sunt
805 3617 1028 3679 instaurationi
1042 3637 1092 3680 sa·

77 3738 204 3782 orarum
223 3718 353 3796 aedium,
375 3717 554 3798 sumptibus
576 3717 680 3779 cultus
699 3717 828 3797 publici,
854 3722 887 3778 et
907 3716 1093 3778 elericorum

916 3833 951 3888 34
