2642 4270
202 229 254 284 552
451 234 539 284 ‘elas
558 234 606 284 111.
627 235 684 284 RES
704 236 951 294 uouisslssrloc..

261 353 300 416 11.
322 351 616 420 Probabilissimum
629 357 676 414 est
687 353 836 416 clericum
844 354 898 434 jus
909 353 1028 416 habere
1041 355 1220 420 adhibendi

204 455 234 514 in
253 471 328 515 usus
346 452 506 531 profanos,
526 451 621 512 modo
641 450 800 528 honestos,
819 453 980 532 superflua
998 453 1161 515 bonorum
1182 473 1220 517 ex

202 549 414 614 «tralationibus
422 554 452 610 et
462 547 1040 630 fundationibus,quaeipsiohveniunt
1050 552 1220 615 occasione

111 667 113 670 ’
202 647 370 711 functionis
389 665 497 721 sacrae,
518 652 596 726 pula
615 646 833 734 celebrationis
852 648 1030 724 Missarum,
1053 649 1219 730 concionis

186 747 188 754 ’
202 762 309 834 sacrae,
326 745 510 808 assistentiae
525 744 634 820 choro,
650 745 953 832 autlfuneralibus.,.

260 847 308 907 lta
330 842 584 906 communissima
608 842 762 905 doctores.
794 845 915 906 «Ratio
937 850 994 923 est,
1018 847 1062 908 ait
1083 847 1221 912 Reicere.

209 966 223 1004 c
243 942 335 1018 stuel,
358 941 433 1022 quia
457 939 577 1003 clericis
598 940 684 1002 bona
703 941 914 1018 industrialia,
938 949 974 1004 ut
993 963 1076 1022 pure
1099 963 1221 1006 merces

208 1067 222 1098 a
242 1041 398 1116 laborum,
423 1039 542 1118 absque
561 1037 626 1100 ullo
647 1037 764 1100 iutuitu
785 1039 931 1101 beneficii
951 1040 1085 1118 dautur;
1109 1041 1220 1124 atqcue

206 1165 220 1194 α
242 1136 453 1218 cooperariis
464 1135 596 1198 mercede
611 1154 684 1216 suc,·
695 1136 757 1212 vel,
774 1137 801 1198 si
819 1155 883 1198 non
901 1143 936 1198 ut
955 1157 1076 1201 merces
1088 1139 1219 1215 laboris,

210 1236 355 1300 «saltem
385 1235 500 1296 dantur
528 1235 594 1296 sine
617 1235 706 1296 omni
730 1235 827 1313 tacito
852 1235 903 1297 vel
933 1253 1083 1316 expresso
1116 1237 1218 1300 dantis

205 1361 220 1390 «
241 1340 336 1416 pacto
347 1339 402 1397 eut
414 1351 509 1394 onere
521 1351 574 1394 eas
588 1332 621 1394 in
636 1351 745 1394 cauam
756 1331 825 1412 pias
842 1334 1005 1414 erogandi,
1020 1334 1117 1413 juxta
1134 1353 1214 1397 com·

209 1457 223 1490 c
244 1450 373 1495 munem
396 1449 523 1492 sensum
545 1429 704 1504 fidelium,
731 1431 786 1510 qui
811 1431 920 1510 utique
948 1431 981 1492 in
1009 1431 1071 1494 hoc
1100 1437 1214 1512 puncto

177 1591 179 1594 ,
206 1555 221 1587 c
243 1530 380 1592 maxime
397 1528 518 1590 attendi
533 1527 666 1590 dehet.»
685 1526 733 1609 (ln
746 1527 796 1590 tit.
813 1546 852 1590 ne
868 1530 1004 1592 Pucuuo
1017 1546 1215 1604 cmucoruu,

205 1636 240 1688 11⁰
255 1629 304 1704 13,
321 1627 376 1688 lib.
393 1627 434 1688 lll
449 1624 586 1706 Decret.)
1205 1681 1210 1684 .

264 1727 299 1790 Si
313 1725 444 1787 clericus
453 1743 518 1786 uon
529 1723 662 1786 haberet
670 1724 846 1786 dominium
856 1725 987 1805 plenum
998 1725 1031 1787 in
1040 1725 1112 1788 haec
1122 1726 1215 1802 bona,

205 1825 237 1886 id
251 1822 443 1906 proveniret,
462 1821 567 1883 velex
584 1826 673 1901 perte
690 1821 832 1884 fidelium
849 1823 1040 1886 donatorum
1056 1823 1113 1902 qui
1132 1823 1214 1886 obla·

208 1924 307 1984 tiones
319 1920 378 1982 sub
390 1938 485 1982 onere
497 1919 688 1992 conferrent,
701 1919 752 1981 vel
764 1938 802 1982 ex
814 1925 905 2000 parte
915 1920 1075 1996 Ecclesiae,
1090 1939 1164 2002 quoe
1177 1920 1218 1983 sic
1301 1983 1302 1988 ,

207 2020 375 2085 statuisset.
390 2021 460 2080 Non
470 2019 517 2079 1⁰¹²
531 2034 539 2078 ε
553 2017 661 2078 fideles
671 2017 725 2097 qui
735 2018 892 2097 stipendia
904 2017 1024 2081 clericis
1035 2019 1113 2080 dant
1126 2037 1216 2081 occa·
1301 2027 1302 2090 ὲ

206 2119 293 2181 sione
302 2116 384 2179 sacri
394 2114 569 2188 ministerii,
580 2114 749 2176 intendunt
756 2134 820 2177 suae
829 2116 1017 2194 obligationi
1026 2117 1215 2191 satisfacere,

201 2227 270 2284 Jron
284 2234 360 2278 vero
380 2213 520 2294 cogitant
536 2212 575 2273 de
590 2230 685 2276 onere
700 2212 776 2293 ipsis
790 2213 985 2294 imponendo
1000 2215 1155 2293 erogandi
1168 2233 1216 2276 sn·
1301 2225 1302 2236 ¹

197 2315 329 2393 perflue
344 2313 377 2374 in
396 2311 466 2392 pios
483 2328 557 2372 usus
576 2325 584 2370 :
603 2308 669 2371 imo
684 2308 717 2371 id
731 2310 837 2372 oneris
852 2312 1039 2390 plerumque
1055 2311 1216 2392 imponere
1301 2317 1302 2356 l

199 2431 271 2476 uon
285 2414 425 2491 possent,
441 2407 564 2489 quoties
581 2406 699 2468 sedicet
712 2407 790 2468 dant
803 2407 887 2470 intre
902 2408 1019 2470 limites
1034 2408 1216 2470 auctoritate

208 2508 418 2572 ecclesiastica
430 2505 605 2586 assignatos
616 2525 626 2582 ;
642 2524 716 2568 nam
729 2505 834 2568 clerici
841 2505 895 2586 jus
907 2505 1029 2568 habent
1039 2505 1073 2568 in
1086 2504 1156 2568 haec
1169 2505 1216 2568 sti·

208 2607 334 2686 pendia.
353 2608 423 2667 Non
437 2605 499 2666 llum
520 2621 527 2664 :
548 2603 671 2664 nullum
687 2604 850 2666 decretum
865 2603 980 2666 citatur
998 2623 1062 2684 quo
1082 2603 1215 2668 Ecclesia

199 2701 394 2783 imposuerit
411 2701 532 2764 clericis
547 2720 625 2764 onus
639 2701 679 2764 de
694 2720 756 2782 quo
771 2702 887 2781 agitur.
907 2703 1083 2764 Canonistae
1102 2700 1214 2781 passim

208 2800 349 2862 referunt
363 2817 435 2860 cum
449 2800 544 2862 laude
560 2801 686 2880 regulas
696 2818 786 2881 quas,
799 2817 909 2864 versus
923 2799 1019 2860 finem
1029 2798 1141 2862 saeauli
1153 2806 1215 2863 vlu·

208 2904 336 2961 sanctus
345 2897 601 2977 Ghrodegandus,
613 2898 787 2978 Episcopus
796 2897 954 2972 Metensis,
965 2897 1054 2959 dedit
1063 2896 1216 2960 canonic'u

198 2995 333 3078 ‘quibus
353 2995 437 3057 iuter
455 2999 569 3058 castere
588 3018 604 3052 «
626 2995 739 3074 cuique
756 2995 981 3058 canonicorum
997 2994 1133 3056 liberam
1151 2993 1216 3056 fecit

211 3117 228 3152 c
248 3099 436 3175 potestatem
446 3090 632 3172 accipiendi,
645 3096 677 3154 et
687 3092 720 3154 in
734 3111 813 3173 quos
825 3093 922 3155 vellet
934 3111 1010 3154 usus
1022 3091 1216 3172 expendendi

211 3214 227 3248 c
250 3192 467 3273 eleemosynas
487 3209 557 3270 quae
578 3208 636 3271 pro
657 3209 715 3252 sua
734 3190 794 3251 sibi
813 3190 908 3253 Missa
928 3190 1153 3252 offerebantur.
1175 3190 1217 3250 Ex
1301 3195 1302 3212 ¹

197 3285 230 3378 ζα
249 3289 319 3352 aliis
344 3288 558 3352 monumentis
582 3288 746 3370 perspicue
772 3289 905 3350 infertur
930 3289 1026 3368 quod,
1051 3289 1215 3368 postquam

214 3409 229 3448 c
249 3390 347 3452 choro
361 3386 619 3450 interessentihus
634 3391 719 3448 certa
730 3387 945 3448 emolumenta
958 3385 1109 3449 constitui
1123 3401 1217 3465 coepe

212 3510 228 3545 «
248 3492 334 3565 runt,
351 3486 406 3567 qui
419 3486 474 3547 illa
488 3485 683 3560 lucrabatur,
700 3485 811 3548 eadem
826 3489 859 3547 et
872 3503 929 3547 sun
942 3484 1092 3561 faciebat,
1108 3501 1216 3564 expen-

212 3604 231 3646 ,α
251 3584 408 3665 debetque
425 3583 522 3646 libere
538 3572 571 3645 in
585 3583 733 3664 proprios
747 3603 833 3658 usus,
850 3602 922 3646 cum
936 3582 1064 3644 illorum
1077 3579 1218 3642 dominus

200 3679 228 3762 J«
251 3688 332 3744 essel
354 3673 449 3762 pleno
469 3681 552 3762 jure,
577 3681 845 3762 quemadmodum
869 3688 944 3744 sunt
964 3681 1061 3746 hodie
1080 3675 1217 3742 canonici
1301 3693 1302 3756 ξ
