2642 4268
135 221 203 269 Aur·
224 218 259 265 ΙΙ.
280 213 471 276 neutricum,
493 215 699 264 suunirlouus
719 216 755 264 ΕΤ
774 217 948 265 tenesmis.
997 207 1048 263 505

17 341 92 400 Die
112 343 220 399 temen
239 337 277 396 23
296 333 551 412 Martulebs.
574 333 782 411 congregatio
800 334 922 396 censuit
937 334 1051 396 reseri-

18 438 177 498 bendum
194 451 202 496 :
219 433 308 494 Posse
316 430 456 512 permitti
464 429 612 511 prudenti
620 430 748 492 ot‘bz'tcio
760 431 907 512 Episcopi
918 431 1051 512 aliquam

18 532 308 597 remunerationem
315 529 429 590 intuitu
439 528 551 590 loboris
559 538 585 590 et
596 529 783 604 incommodi,
795 529 915 591 esclusa
922 529 1055 611 quolibet

21 633 223 712 eleemosyna
241 648 296 710 pro
315 627 640 712 applicau'oneldisse.
657 628 715 712 'Est
732 632 816 688 certe
834 627 925 689 labor
941 627 1056 688 extrin-

22 749 129 791 secus
150 735 181 788 et
201 725 343 806 pluribus
362 725 554 806 presbyteris
573 725 659 786 haud
677 723 748 786 leve
765 725 1002 786 incommodum
1023 724 1056 784 in

24 828 208 890 iteratione
219 824 326 886 Sancti
338 818 500 886 sacrificii.
516 823 606 884 Ratio
617 823 779 902 precipue
789 842 845 885 eur
854 823 1057 884 interdictum

27 928 77 987 sit
94 923 236 1004 recipere
252 922 314 983 duo
335 921 491 1000 stipendia
506 921 632 1000 quando
649 921 781 982 iteratur
799 924 831 983 Sa
849 920 1056 996 Sacrificium,

29 1031 85 1087 est
101 1021 279 1104 periculum
294 1019 395 1098 turpis
410 1019 490 1079 lucri
507 1020 592 1098 quod
607 1017 752 1080 nonnulli
766 1019 945 1101 sacerdotes
959 1019 1060 1080 inten-

31 1125 164 1184 derent.
202 1119 288 1200 (Cap.
327 1114 466 1197 Sufficit,
495 1118 544 1190 53,
578 1117 649 1178 dist.
681 1135 703 1191 1,
738 1134 777 1178 uu
803 1117 1058 1180 Cousucsnrlouu.

32 1223 87 1284 ef.
107 1221 214 1281 Const.
230 1216 391 1278 Benedicti
405 1216 472 1277 XIV
485 1213 572 1292 Quod
585 1215 732 1295 expensis,
747 1215 797 1276 die
813 1218 848 1275 tl
866 1234 939 1296 aug.
957 1214 1061 1296 iris.)

102 1319 175 1378 586.
189 1349 227 1362 -
237 1315 290 1377 lV⁰
303 1313 409 1402 Utrecm
418 1312 587 1394 Episcopus
596 1311 753 1396 disponere
757 1313 852 1394 possit
862 1322 972 1394 utpurs
983 1313 1063 1374 oblu-

36 1419 158 1482 tionnm
180 1413 249 1476 ulcis
272 1411 358 1474 redon
379 1430 470 1492 quom
490 1409 647 1487 Erotem,
671 1421 725 1474 out
745 1411 884 1474 Paroeto
905 1412 955 1473 cui
972 1411 1062 1491 facte

35 1512 135 1577 sunt?
182 1548 188 1559 ·
836 1585 841 1600 .
992 1556 1005 1562 .,
1059 1575 1061 1580 .

103 1616 130 1676 Ι.
155 1609 302 1692 Episcopi
313 1609 431 1670 debent
441 1608 792 1688 regulariterdimittere
803 1611 980 1672 oblationes
991 1610 1065 1671 lido-

40 1711 125 1773 lium
143 1707 291 1772 Ecclesiis
308 1705 555 1786 parochialibus,
575 1707 726 1770 Parachis
742 1713 775 1770 et
792 1708 929 1784 vicariis,
949 1707 1064 1789 quibus
1132 1716 1135 1722 '

42 1813 138 1871 lecte
157 1813 240 1880 sunt,
258 1811 382 1867 servato
400 1805 509 1866 ordine
527 1805 560 1866 in
580 1804 734 1867 solutione
750 1806 932 1886 questionis
949 1827 1064 1887 prece-

43 1907 151 1969 dentis
176 1905 324 1966 indicato.
352 1903 455 1978 Ratio,
481 1910 512 1964 et
533 1902 838 1982 regulegenerales
859 1923 898 1967 ex
917 1907 990 1988 jure
1014 1909 1066 1970 de-

45 2002 219 2087 promptae,
235 2004 268 2063 id
287 2003 434 2084 probant.
458 1991 489 2062 1⁰
509 2003 664 2064 standum
680 2009 726 2066 est
744 2003 912 2067 intentioni
931 2007 1064 2085 cognite

46 2111 102 2167 aut
127 2103 269 2182 legitime
291 2105 492 2180 praesumpte
517 2103 718 2175 donatorum,
744 2102 799 2183 qui
823 2103 861 2164 de
885 2104 949 2166 suis
972 2107 1066 2166 rebus

46 2203 169 2265 cedunt
187 2205 283 2283 prout
302 2197 360 2260 sibi
379 2198 481 2260 visum
501 2199 597 2260 luerit
616 2217 623 2260 ι
646 2218 753 2279 porro,
773 2200 906 2264 intentio
925 2202 1065 2288 fidelium

47 2307 108 2376 est,
130 2305 167 2361 ut
186 2319 256 2380 que
277 2317 341 2360 sue
359 2297 516 2378 parochie
537 2297 725 2376 largiuntur,
747 2297 780 2358 in
796 2285 882 2360 illius
901 2320 992 2362 usum
1010 2302 1067 2362 im-

47 2399 251 2480 pendanturj
275 2392 448 2456 inserviant
471 2395 620 2456 nimirum
641 2395 790 2475 impensis
812 2397 914 2458 cultus
936 2400 1067 2481 publici,¹

49 2491 513 2568 sustentatidniministrorum,
524 2493 733 2555 sublevemini
743 2513 928 2574 pauperum.
942 2501 973 2557 2⁰
985 2498 1069 2558 Titu-

49 2593 135 2656 lares
159 2591 295 2673 cujusvis
317 2591 463 2652 Ecclesie
485 2589 602 2662 habere
626 2581 742 2653 debent
764 2612 855 2653 suum
879 2594 1067 2656 beneficium

50 2694 120 2755 sine
136 2690 356 2764 diminutione,
374 2695 409 2750 ut
428 2690 488 2752 lert
506 2689 616 2752 titulus
631 2687 723 2770 juris,
741 2709 914 2772 nempeflxu
928 2691 1000 2754 libri
1015 2695 1067 2769 111,

52 2790 145 2872 eujus
163 2789 232 2850 hec
249 2794 296 2849 est
312 2788 475 2868 inscriptio
494 2804 501 2849 :
521 2790 568 2850 Ur
584 2774 985 2854 eccunsnsncisnusrrcm
1001 2809 1069 2854 siue

52 2897 256 2951 beniuumouu
283 2903 521 2964 consensurum
543 2892 575 2948 at
594 2905 669 2948 vero
688 2887 770 2948 inter
788 2889 909 2950 fructus
927 2889 1072 2952 beneficii

54 2988 284 3067 computantur
295 2982 469 3046 oblationes
483 2989 651 3060 consuete,
668 2985 731 3046 ille
745 2987 919 3066 presertim
932 3008 1011 3068 quas
1024 3007 1073 3050 ca-

55 3083 192 3148 noniste
207 3089 321 3145 vocant
334 3081 412 3144 June
423 3082 516 3158 stole,
531 3102 602 3163 que
614 3069 890 3146 scilicet-Perocho
903 3087 1075 3149 obveniunt

57 3187 100 3248 ob
114 3183 242 3245 titulum
257 3181 360 3262 ipsum
373 3181 600 3261 parochialem.
612 3183 644 3241 3⁰
655 3181 833 3244 Genonibus
847 3188 1001 3246 statutum
1014 3192 1071 3262 est,

58 3289 106 3354 ut,
128 3308 142 3338 u
158 3298 230 3343 cum
244 3279 390 3360 paroecie
409 3280 551 3342 limitate
566 3279 693 3359 fuerint,
710 3279 907 3360 singularum
921 3285 1076 3361 paroecia-

61 3409 77 3439 «
94 3400 166 3442 rum
182 3383 353 3460 proventus
371 3377 494 3446 inusus
508 3379 655 3440 Ecclesie
673 3379 820 3440 cederent
839 3382 1030 3444 necessarios
1045 3388 1077 3444 et

62 3507 76 3538 α
97 3477 254 3559 stipendia
270 3474 487 3537 ministrorum
503 3502 532 3539 ».
549 3477 627 3538 Hinc
648 3475 808 3539 concludit
822 3470 1022 3545 Innocentius
1037 3479 1078 3542 ΙΙΙ

61 3579 255 3661 Episcopum
270 3593 333 3636 non
348 3561 486 3656 potuisse
502 3577 642 3638 conferre
658 3575 731 3637 viris
745 3573 899 3656 religiosis
914 3579 1078 3666 obventio-²

63 3692 121 3740 nes
140 3673 273 3754 alicujus
287 3673 435 3738 Ecclesie
455 3670 657 3756 parochialis,
674 3681 832 3738 reservata
852 3669 1080 3768 susteptetione

173 3822 250 3860 runi.
265 3819 319 3860 teu.
335 3822 387 3854 ceu·
402 3823 429 3853 n·
905 3796 940 3852 29
1071 3787 1075 3792 ⁵
