2632 4260
198 183 232 241 42
562 182 636 231 PARS
656 181 690 230 11.
714 179 842 228 carmel.
881 200 883 202 ·

200 331 220 362 a
236 307 300 366 Nec
321 301 525 364 subdiaconis
545 298 739 362 connubium
762 295 890 358 carnale
916 294 1170 367 conceditur‚·ut
1189 297 1222 354 et

202 428 218 460 a
235 402 290 484 qui
301 397 422 463 liabent
437 398 500 460 sint
516 404 671 478 tanquam
686 414 750 458 non
768 394 932 468 habentes,
955 397 986 453 et
1006 391 1062 472 qui
1080 409 1145 452 nou
1164 391 1221 451 ha·

202 527 219 558 «
235 502 311 562 bent
325 502 535 581 permaneant
549 495 737 576 singulares.
756 493 845 568 Quod
860 492 934 552 siin
949 491 1011 552 hoc
1024 489 1148 565 ordine,
1165 487 1224 568 qui

203 624 219 655 «
236 597 368 679 quartus
382 617 402 658 a
414 589 518 676 capite
530 600 590 673 est,
608 594 742 673 dignum
755 596 802 652 est
812 589 975 661 custodiri,
989 585 1227 668 quantomagis
1310 581 1311 642 l

204 721 220 752 «
236 697 268 756 in
283 697 399 776 primo,
416 695 466 756 vel
482 693 633 767 secundo,
649 689 784 751 tertiove
804 688 996 749 servandum
1016 687 1076 748 cstl
1096 709 1111 740 »
1129 684 1224 765 (Gap.

126 835 128 838 -
202 793 354 868 Omnium,
382 793 409 866 l,
437 791 507 852 dist.
536 789 652 870 xxxii.)
676 789 880 849 Successores
903 787 935 848 S.
961 784 1073 846 Leonis
1097 799 1227 844 summo

203 891 307 952 studio
322 889 569 968 invigilaverunt
589 886 781 948 accuratiori
795 883 1008 954 observationi
1022 871 1117 961 hujus
1129 879 1227 958 legis,

204 1008 287 1069 quae,
300 988 373 1048 licet
382 987 478 1076 paulo
492 986 626 1058 tardiuS,
642 985 675 1045 in
686 983 833 1044 omnihus
845 981 973 1043 tandem
983 979 1130 1042 Ecclesiis
1143 995 1229 1058 prae-

204 1086 315 1147 valuit.
767 1129 770 1142 .
1140 1083 1146 1092 “
1310 1125 1311 1154 ,

265 1183 373 1244 Multae
382 1181 561 1259 gravissimi
572 1177 724 1241 momenti
734 1197 837 1239 causae
848 1175 1231 1238 Ecclesiaminduxerunt

208 1281 249 1342 ad
277 1277 564 1341 constabiliendam
594 1277 795 1356 disciplinam
826 1275 1028 1338 continentiae
1056 1271 1229 1334 clericalia.

202 1379 239 1438 l⁰
255 1375 438 1460 Exemplum
457 1375 573 1437 Christi
587 1385 615 1438 ct
628 1363 850 1457 Apostolorum.
871 1399 886 1432 <‹
901 1373 1041 1435 Christus
1056 1373 1164 1450 Virga,
1182 1367 1232 1432 ait
1310 1387 1311 1438 ξ

206 1501 225 1532 a
239 1477 272 1538 S.
289 1476 512 1555 Hieronymus,
528 1474 626 1562 Virgo
640 1473 751 1548 Maria,
768 1473 932 1552 utriusque
949 1491 1041 1534 sexus
1057 1469 1231 1549 virginita-

211 1599 226 1631 «
241 1579 306 1634 tem
321 1573 557 1634 dedicaverunt.
575 1571 730 1650 Apostoli,
751 1573 802 1633 vel
820 1571 968 1650 virgines,
990 1568 1041 1630 vel
1054 1573 1128 1648 post
1148 1585 1234 1646 nup·

213 1667 300 1731 «tias
314 1671 550 1731 continentes...
567 1669 723 1749 assumpti
738 1670 772 1730 in
787 1670 1013 1750 apostolatum,
1031 1667 1235 1746 reliquerunt
1310 1651 1311 1654 ¹

214 1768 385 1829 «officium
409 1767 590 1847 conjugale.
617 1791 632 1825 n
659 1766 790 1849 (Contra
809 1765 1029 1847 lucinianum.)
1054 1768 1088 1826 2⁰
1109 1764 1237 1826 Bonum

209 1865 366 1928 Ecclesia.
384 1865 521 1928 Maxime
543 1867 639 1927 relcrt
661 1867 701 1928 ad
722 1867 965 1930 aedificationem
979 1865 1121 1926 fidelium
1141 1865 1174 1924 et
1189 1861 1235 1922 ad

214 1965 295 2025 sacri
316 1963 482 2024 ministerii
505 1964 705 2041 exercitium,
729 1971 765 2026 ut
787 1965 894 2027 clerici
916 1964 1081 2044 praebeant
1108 1957 1236 2022 cunctis

212 2062 358 2123 fidelibus
373 2060 556 2141 exemplum
572 2061 794 2142 abnegationis
811 2065 1012 2143 voluptatum
1032 2059 1147 2133 caruis,
1167 2075 1236 2136 quo
1310 2061 1311 2068 ’

213 2159 375 2222 efficacius
404 2158 528 2238 praxim
555 2161 759 2244 consiliorum
784 2161 1040 2238 evangelicorum
1067 2173 1234 2219 commcn-

214 2256 290 2316 dent
306 2274 314 2317 ε
331 2262 429 2335 utque
447 2257 506 2317 toti
522 2257 584 2318 sint
598 2258 736 2338 impensi
752 2258 786 2319 in
803 2258 1047 2320 sollicitudinem
1062 2255 1112 2317 sui
1126 2253 1239 2316 minis·
1310 2261 1311 2304 ἲ

211 2354 295 2430 terii,
314 2355 354 2415 ad
368 2355 604 2438 procurandam
620 2357 756 2418 salutem
772 2357 962 2420 animarum.
983 2339 1045 2431 Qui·
1055 2373 1122 2416 cum
1136 2369 1236 2414 uuorc
1310 2375 1311 2412 3

217 2463 270 2526 cst,
287 2454 401 2532 copitot
415 2471 479 2532 qua
494 2460 564 2512 sunt
576 2451 723 2516 mundior
735 2453 847 2516 diuisus
859 2465 912 2530 est,
930 2454 974 2516 ait
989 2455 1021 2514 S.
1038 2451 1170 2513 Paulus.
1310 2449 1311 2456 ’

276 2551 437 2612 seo—11.
449 2549 616 2612 Probabile
622 2553 795 2614 admodum
805 2559 851 2614 est
863 2552 1061 2631 disciplinam
1068 2549 1238 2611 caeliba'tus

221 2647 359 2726 viguisse
384 2649 481 2710 ctiam
500 2651 688 2731 aprimaeva
715 2657 808 2712 aetate
831 2653 917 2732 apud
941 2651 1070 2714 clericos
1097 2647 1238 2710 orienta-

217 2745 262 2806 les
285 2745 365 2807 sicut
384 2749 470 2827 apud
485 2750 716 2825 occidentales3
737 2750 979 2811 sensim'tamen
994 2750 1035 2810 ab
1050 2747 1135 2808 illius
1155 2745 1239 2806 inte·

217 2843 332 2920 gritate
348 2845 427 2905 adeo
451 2846 663 2921 desciverant,
682 2853 718 2908 ut
732 2847 861 2908 illorum
881 2852 1028 2926 respectu
1047 2847 1099 2906 lex
1118 2848 1243 2921 tempe·

219 2940 320 3000 randa
342 2939 470 3001 demum
492 2943 558 3005 visa
578 2944 683 3004 fuerit.
710 2945 742 3007 Si
762 2945 1050 3026 fidesadhibeatur
1077 2938 1241 3002 historicis

217 3036 346 3112 Graecis,
374 3039 551 3100 Socratici
577 3043 767 3117 sozomeno,
789 3042 823 3103 in
847 3043 916 3122 ipso
938 3040 1071 3102 concilio
1095 3038 1239 3109 Nicaeno,
1310 3055 1311 3058 ¹

222 3153 293 3194 cum
308 3133 456 3214 Episcopi
467 3156 622 3200 canonem
634 3140 769 3201 condere
780 3140 897 3201 vellent
910 3159 972 3220 quo
984 3139 1089 3200 clerici
1098 3134 1241 3214 majores

219 3236 404 3292 vetarentur
420 3237 646 3297 commercium
668 3239 835 3318 conjugale
852 3228 971 3299 habere
993 3255 1065 3298 cum
1084 3231 1241 3296 uxoribus

219 3329 280 3388 sihi
290 3336 363 3391 ante
376 3331 611 3395 ordinationem
620 3335 807 3413 conjunctis,
819 3336 946 3397 decreto
958 3335 1079 3396 obstitit
1089 3331 1242 3413 Paphnu-

208 3426 284 3510 tius
304 3429 480 3509 Episcopus
504 3431 684 3511 AEygptius,
707 3451 848 3494 asserens
869 3433 931 3494 hoc
950 3434 1065 3512 jugum
1085 3449 1150 3491 non
1170 3447 1241 3490 esse

223 3522 452 3601 imponendum
475 3528 595 3588 clericis
616 3533 646 3589 et
666 3529 900 3605 sacerdotibus;
918 3531 1112 3592 sufficereut
1133 3527 1189 3606 qui
1205 3526 1240 3586 in
1291 3553 1311 3582 ω

160 3671 163 3682 .
215 3619 343 3688 ¹clerum
352 3622 485 3686 fuissent
496 3626 660 3707 adscripti,
673 3628 767 3708 juxta
780 3634 920 3691 veterem
936 3628 1083 3692 Ecclesia
1097 3625 1240 3689 traditio·
