2582 4278
279 268 347 316 ter.
368 267 389 314 l.
411 267 642 316 summotonus
662 267 860 316 lttsrlruruu.
1043 265 1077 318 93

37 436 40 443 .
76 387 192 451 norihus
211 385 319 446 multis
337 385 547 446 incommodis
568 383 708 446 obnoxia
721 390 784 460 est;
801 385 975 465 plurimum
990 403 1078 446 nam-

75 505 125 564 que
138 485 242 544 obstat
256 501 294 544 ne
307 482 450 560 Juniores
464 482 555 563 pueri
569 482 602 543 in
611 487 736 544 sortem
750 483 879 544 Domini
896 484 1000 546 vocati
1016 486 1077 546 cle·

74 585 190 646 ricalem
202 582 341 643 indolem
356 581 500 643 induant.

122 683 253 742 Domum
265 684 448 740 necesseest
460 685 495 740 61
509 678 630 740 alumni
644 679 817 759 recipiendi
836 680 1069 757 examinentur,

72 789 154 860 atque
166 781 204 840 de
218 778 347 839 illorum
366 777 538 838 idoneitate
560 777 739 839 adsacrum
761 778 969 839 ministerium
985 780 1073 840 sulfi-

73 880 178 938 cienter
203 880 338 938 constet.
366 875 399 937 Si
425 875 464 936 de
492 874 632 954 parvulis
657 881 780 954 agatur,
801 877 971 937 concilium
996 877 1076 936 nihil

72 975 146 1035 aliud
159 975 294 1053 requirit
307 978 422 1053 praeter
441 974 527 1052 quod
541 973 645 1050 legere
658 979 689 1033 et
708 973 844 1035 scrihere
858 980 1074 1053 competenter

73 1073 218 1146 noverint3
237 1071 293 1152 qui
309 1090 383 1132 vero
399 1070 525 1131 admitti
538 1071 702 1150 postulant
715 1071 747 1130 in
764 1073 931 1132 seminario
948 1071 1073 1151 majori,

72 1172 175 1231 dehent
194 1169 422 1230 humaniorum
445 1169 624 1229 litterarum
643 1169 837 1229 curriculum
855 1168 1024 1228 absolvisse
1050 1170 1072 1228 ¹.

121 1269 187 1328 367.
196 1253 286 1329 -'11.
298 1265 515 1329 Destcdiorum
526 1266 642 1327 5611666
653 1274 682 1326 61
695 1266 818 1346 pietatis
833 1266 993 1339 6665611115,
1005 1265 1075 1326 haeo

71 1367 170 1428 eodem
180 1366 310 1426 decreto
320 1364 520 1426 continentur
534 1383 542 1426 ι
556 1387 571 1421 6
588 1365 671 1426 Utin
685 1364 851 1443 disciplina
865 1363 1077 1426 ecclesiastica

75 1463 292 1526 «commodius
319 1463 535 1537 instituantur,
557 1468 688 1524 tonsura
711 1461 818 1522 statim
842 1467 937 1540 atque
966 1460 1077 1521 habitu

75 1589 86 1618 «
99 1561 230 1623 clericali
247 1579 370 1640 semper
383 1565 532 1622 utentur:
551 1561 782 1640 grammatices,
800 1566 922 1633 cantus,
936 1559 1077 1638 computi

75 1685 86 1715 6
98 1660 306 1733 6661651651161,
332 1658 528 1737 aliarumque
551 1658 708 1719 bonarum
738 1658 853 1718 artium
878 1656 1076 1736 disciplinam

78 1782 88 1816 r
96 1758 358 1819 disoentzsaoram
366 1755 922 1834 Scripturam‚librosecolesiasticos‚
930 1753 1078 1814 homilias

75 1881 86 1910 «
99 1861 286 1929 sanctorum,
297 1858 392 1933 atque
407 1859 675 1915 sacramentorum
687 1853 925 1930 tradendorum,
940 1850 1077 1913 maxime
1157 1853 1159 1856 ’

77 1971 160 2032 «6666
175 1954 216 2014 ad
236 1951 449 2014 confessiones
478 1951 653 2012 audiendas
676 1951 867 2012 videbuntur
885 1954 1075 2030 opportuna,

78 2058 127 2111 «et
158 2052 280 2112 rituum
308 2069 345 2112 ac
365 2049 625 2111 oaeremoniarum
654 2051 773 2110 formas
801 2048 954 2110 ediscant.
985 2048 1079 2109 Curet
1138 2068 1141 2078 ’

77 2174 88 2203 6
100 2149 268 2230 Episcopus
290 2153 326 2209 ut
344 2147 474 2226 singulis
494 2147 604 2208 diebus
623 2147 726 2210 Missae
744 2147 898 2209 sacrificio
920 2145 1074 2220 intersint,

79 2269 89 2303 6
109 2266 142 2308 66
166 2247 282 2308 saltem
309 2245 441 2325 singulis
462 2245 623 2306 mensibus
638 2245 849 2306 confiteantur
866 2249 1016 2322 peccata;
1047 2249 1077 2303 61

77 2369 88 2398 c
99 2333 183 2423 juxta
191 2344 381 2406 confessoris
392 2343 581 2404 sententiam
592 2347 718 2402 sumant
728 2359 843 2421 corpus
852 2340 978 2402 Domini
987 2342 1004 2402 J
1008 2386 1015 2400 .
1025 2341 1075 2413 G.;

77 2442 277 2505 «Gathedrali
302 2448 335 2502 et
362 2441 432 2504 eliis
460 2441 522 2503 loci
550 2439 698 2502 1166165115
727 2439 835 2500 diebus
863 2438 949 2499 165115
976 2439 1077 2502 inser-

77 2564 88 2595 6
101 2541 191 2601 viani.
207 2565 223 2596 n

113 2676 133 2724 1.
155 2673 279 2738 Exempli
312 2686 392 2722 causa
423 2673 571 2722 referemus
600 2671 672 2735 quod
707 2671 803 2731 statuit
830 2671 893 2721 Pius
922 2670 955 2719 lx
989 2669 1078 2734 quoad

76 2750 238 2800 seminarium
250 2749 327 2799 Pium
341 2763 348 2797 :
364 2765 377 2794 6
395 2748 463 2798 Cum
479 2747 509 2796 in
523 2747 669 2798 seminario
687 2745 733 2796 Pio
748 2746 900 2797 studiorum
914 2745 1078 2796 curriculum

77 2843 86 2867 s
95 2825 283 2890 aphilosophie
290 2825 398 2874 initium
408 2823 506 2874 ducere
520 2823 625 2885 debeat,
642 2822 732 2872 6165161
745 2822 875 2886 petitores
885 2822 1022 2886 specimen
1033 2835 1078 2870 ex·

78 2900 181 2951 «hibere
194 2904 323 2952 tenentur
333 2900 365 2950 de
378 2899 571 2950 humaniorum
583 2898 743 2958 litterarum,
758 2897 898 2948 rhetorica
909 2895 1080 2959 6511661116-

78 2996 86 3019 «
99 2990 152 3039 guse
165 2977 267 3028 Latinae
289 2976 393 3040 peritia,
409 2988 490 3039 quam
506 2975 605 3037 scripto
622 2974 794 3038 experiantur
809 2977 916 3038 oportet
932 2987 938 3022 :
958 2977 985 3024 1⁰
998 2984 1079 3037 super

78 3069 87 3093 6
98 3056 251 3116 argumento
262 3051 334 3116 quod
348 3065 381 3101 ex
395 3049 541 3114 improviso
554 3050 722 3113 propositum
738 3049 831 3100 Latina
846 3049 934 3100 soluta
948 3049 1080 3119 oratione,

76 3144 88 3170 6
98 3127 203 3178 velutin
214 3128 354 3178 rhetoricis
368 3127 466 3176 scholis
481 3125 537 3176 fleri
554 3126 633 3186 solet,
651 3125 702 3176 6511
718 3125 944 3188 componendum,
967 3126 1081 3174 tractan-

80 3201 157 3252 udum
166 3207 192 3254 et
202 3203 388 3265 scribendum
401 3204 429 3250 20
440 3202 504 3252 item
516 3201 545 3250 in
560 3202 653 3251 Latina
661 3201 737 3265 poesi
747 3215 826 3265 super
839 3203 997 3264 argumento
1008 3198 1079 3262 quod

80 3279 192 3342 «pariter
217 3283 368 3342 extempore
388 3279 438 3329 erit
458 3277 680 3342 proponendum
702 3279 730 3326 3⁰
748 3278 776 3326 in
797 3274 972 3340 extemporali
990 3275 1080 3324 1161166

80 3371 89 3396 «
101 3353 268 3406 translatione
283 3354 395 3418 alicujus
407 3353 546 3404 clarissimi
556 3354 673 3403 auctoris
683 3353 778 3403 Latini.
791 3371 803 3398 s
820 3353 892 3402 Alias
911 3351 1080 3400 conditiones

79 3429 166 3481 indicat
179 3431 273 3482 eadem
284 3428 444 3480 constitutio
459 3443 466 3478 ε
479 3431 584 3478 «Nemo
599 3429 757 3480 admittatur
767 3428 820 3478 nisi
835 3442 868 3478 ex
881 3427 1079 3478 anteacta-evita

80 3523 90 3547 «
100 3506 196 3557 ratione
210 3507 245 3558 ad
259 3506 436 3558 secerdotium
445 3519 473 3555 56
482 3506 574 3556 vocari
585 3507 698 3567 sentiut3
711 3505 758 3568 qui
773 3501 930 3566 hujusmodi
941 3502 1080 3552 vocatione

81 3598 90 3621 6
103 3585 177 3643 66561,
195 3583 317 3646 quemvis
337 3582 423 3632 honos
439 3594 493 3644 prae
513 3579 621 3630 5616561
640 3593 736 3640 mores,
753 3593 783 3628 66
802 3578 843 3628 661
857 3592 932 3642 spem
947 3576 1080 3635 exhibeat,

14 3695 15 3726 ,
82 3673 91 3696 s
104 3655 275 3721 dimittetur..;
285 3672 351 3708 sano
364 3660 494 3722 praeterea
510 3655 564 3705 sint
575 3669 694 3720 corpore,
708 3655 802 3720 lingua
815 3654 926 3705 minime
941 3651 1078 3718 impedita,

83 3735 126 3782 661
141 3733 263 3797 adspectu
277 3746 335 3784 non
348 3732 469 3784 deformi.
482 3731 606 3805 611165,
621 3745 657 3784 vr.
1113 3749 1114 3752 ¹
