2582 4278
97 293 170 341 sliu.
191 293 231 340 1v.
252 291 468 362 obstetricans
487 290 702 340 clslrunoaou
721 291 758 337 ΕΤ
778 288 997 338 clnculcolttm.
1027 279 1077 334 llll

121 385 197 472 lob,
214 442 254 456 -
270 407 362 470 Noto.
381 411 411 468 l⁰
425 391 697 494 Quemadmodum
711 405 851 468 Ecclesia
862 404 964 466 voluit
978 403 1081 483 legem

60 505 243 567 residentiae
258 507 412 568 sancitam
433 507 499 566 lore
515 525 611 585 poena
630 504 783 566 canonica
803 502 980 563 amissionis
995 502 1081 562 lruc·

61 609 153 664 tuum
168 604 362 678 Praebendae,
381 604 426 665 ita
442 609 473 665 et
488 603 609 665 censuit
624 601 791 664 canonicos
802 619 865 660 non
882 599 1078 662 interessen-

59 705 105 761 tes
129 701 247 762 officiis
269 701 357 762 chori
384 701 559 782 privandos
585 719 651 762 csse
677 696 954 760 distributionibus
976 695 1079 775 quoti·

61 797 178 861 dionis.

119 895 274 957 Canonici
287 895 351 974 qui,
369 895 512 976 exceptis
530 894 655 956 casibus
666 893 828 972 dequibus
844 892 984 974 inlra(n⁰
996 890 1080 972 lla),

60 992 189 1053 statutis
211 993 298 1054 boris
313 1013 376 1054 non
391 993 604 1068 interfuerint,
622 993 789 1072 privantur
808 991 876 1069 ipso
888 990 959 1070 jure
974 989 1081 1050 distri·

60 1089 250 1151 butionibus
266 1075 468 1169 quotidianis,
486 1090 563 1170 quin
580 1107 708 1151 necesse
725 1089 765 1150 sit
779 1087 878 1149 ullam
893 1087 1082 1148 sententiam
1177 1081 1180 1089 '

59 1186 273 1262 intervenire;
301 1189 387 1267 quod
411 1173 606 1249 servandum
635 1186 733 1247 edixit
759 1173 927 1246 concilium
955 1183 1083 1246 Triden·
1135 1258 1138 1268 .

62 1283 165 1344 linum
177 1286 284 1366 quavis
299 1287 389 1346 etiam
409 1284 582 1361 collusione,
599 1293 654 1347 out
667 1272 837 1344 remissione
854 1280 1005 1344 eaeluso1.
1022 1283 1083 1342 Per

61 1381 256 1444 collusionem
270 1383 459 1463 intelligitur
472 1388 613 1463 pactum,
628 1369 740 1443 saitem
753 1381 897 1456 tacitum,
913 1398 976 1460 quo
990 1396 1083 1441 cano·

61 1479 220 1542 nisiinter
236 1499 268 1542 sc
283 1467 738 1542 convenirent'distributiones
749 1479 881 1557 singulis
891 1478 1083 1540 obventuras

61 1577 137 1652 iore,
162 1579 230 1640 sive
246 1580 404 1652 absentes,
425 1579 490 1640 sive
507 1583 678 1658 praesentes
698 1577 826 1651 luerint,
849 1571 890 1636 ut'
907 1576 1018 1637 eadem
1042 1574 1082 1636 sit

63 1675 208 1738 omnium
225 1677 377 1740 conditio.
398 1663 812 1739 Remasto‘est'eondonatio
831 1675 926 1752 lacta,
945 1674 977 1735 vi
992 1673 1082 1753 cujus

63 1780 206 1836 servatur
226 1775 360 1849 absenti,
383 1775 528 1854 quamvis
547 1775 613 1836 sine
635 1793 742 1846 causa,
759 1792 817 1834 sua
835 1791 910 1854 pars
930 1771 1081 1834 distribu-

62 1872 197 1935 tionum.
215 1874 389 1935 Goneilium
404 1872 554 1954 prohibet
569 1873 738 1952 quominus
751 1872 817 1932 ulla
828 1871 909 1932 ratio
925 1870 1083 1931 habeatnr

62 1969 154 2050 hujus
171 1970 367 2047 collusionis,
382 1991 438 2034 seu
453 1971 657 2046 remissionis,
674 1970 714 2031 de
728 1989 791 2050 qua
802 1957 994 2031 conventum
1008 1969 1083 2030 fuis-

104 2152 126 2204 i.
142 2153 226 2204 Cone.
237 2152 320 2213 Trid,
339 2157 404 2204 sect.
419 2168 469 2215 xxi,
488 2166 547 2216 cap.
564 2167 602 2214 ιιι,
616 2152 650 2202 de
667 2153 797 2215 lteform.;
813 2155 877 2202 sect.
891 2166 951 2214 xxu,
966 2165 1024 2214 cap.
1042 2165 1081 2222 ιιι,

60 2229 89 2278 de
99 2229 231 2292 Reform.;
247 2233 310 2280 sect.
322 2243 395 2291 xxiv,
408 2243 465 2293 cap.
478 2243 522 2291 xo,
540 2229 572 2280 de
588 2229 701 2289 Reform.
716 2227 875 2278 benedictus
892 2228 956 2288 xlv,
971 2228 1080 2277 lnslitu·

61 2305 126 2356 tione
141 2319 204 2366 cvu,
222 2308 289 2364 §vra
307 2305 341 2354 Ut
352 2304 395 2354 lex
411 2306 563 2353 servaretur
578 2301 728 2363 efficacius,
743 2315 802 2351 mos
817 2301 933 2350 invaluit
944 2302 972 2351 in
988 2300 1081 2351 (letbe-

61 2377 179 2431 dralibus
197 2383 224 2428 et
239 2379 392 2444 collegiatis
412 2379 545 2441 designari
559 2391 647 2427 unum
664 2381 711 2427 aut
728 2378 820 2440 plures
836 2378 1015 2438 Punctalores,
1033 2375 1081 2440 qui

60 2458 153 2506 notent
170 2456 297 2505 absentes
314 2459 400 2505 aton
411 2453 509 2517 officio,
519 2453 564 2503 rel
581 2455 694 2516 aparte,
708 2456 740 2503 ut
751 2445 859 2503 careant
873 2453 981 2515 penitus
992 2450 1082 2503 distri·

59 2531 227 2592 butionibns,
238 2535 285 2581 aut
296 2535 400 2594 partem
413 2532 527 2591 mnium,
545 2541 594 2592 pro
610 2529 716 2579 ratione
735 2528 917 2592 negligentiae,
930 2540 1079 2592 assequan-

60 2609 109 2657 tur.
129 2607 217 2666 Quem
240 2613 320 2656 usum
341 2607 470 2657 innovare
494 2605 580 2655 voluit
601 2604 746 2654 concilium
765 2605 893 2666 Aquense
915 2605 996 2666 (anno
1020 2605 1081 2655 1850

59 2681 205 2746 habitum);
218 2682 363 2741 decretum,
375 2681 505 2732 suadente
522 2681 548 2731 S.
565 2679 789 2744 congregatione,
800 2680 837 2728 ita
848 2679 931 2729 edixit
949 2685 978 2730 ut
993 2693 1082 2730 serve·

59 2761 100 2808 tur
114 2775 128 2805 ι
134 2757 216 2822 juxta
227 2761 345 2807 veterem
354 2756 480 2806 Ecclesiae
489 2755 725 2816 consuetudinem,
740 2754 836 2804 modus
848 2755 892 2804 ille
905 2756 987 2819 vulgo
996 2769 1079 2819 paene·

61 2851 73 2876 ι
85 2837 175 2884 latura
190 2834 287 2896 dictus,
300 2847 353 2897 quo
365 2832 505 2883 constabat
514 2832 548 2882 de
559 2831 753 2882 canonicorum
770 2830 904 2893 insiticio
916 2832 1078 2894 praesentim

63 2909 191 2960 umulcta
212 2912 303 2960 autem
323 2910 359 2959 ab
377 2907 507 2972 Episcopo
529 2907 688 2957 instituatur
706 2920 740 2956 ex
766 2910 849 2970 quote
863 2909 939 2970 pote
960 2907 1082 2958 civilium

62 3001 73 3026 ι
86 2984 251 3048 pensionum
260 2983 293 3033 ad
304 2983 428 3045 formem,
446 2997 493 3034 seu
508 2983 603 3033 sellem
612 2983 692 3048 juxta
704 2986 831 3042 mentem,
846 2981 951 3031 concilii
968 2981 1079 3032 Triden-

61 3058 143 3130 tinis
161 3059 235 3123 (Cep.
254 3073 282 3119 ιι,
299 3059 332 3108 de
352 3057 481 3123 Capitulis
500 3057 704 3118 cathedralibus,
725 3066 757 3106 ιιο
774 3058 808 3118 5.)
821 3083 851 3093 -
867 3057 893 3107 S.
913 3057 997 3108 Sedes
1010 3056 1081 3106 idem

61 3135 221 3198 prescripsit
237 3135 340 3184 Litteris
358 3133 529 3197 Apostolicis,
544 3135 609 3184 anni
626 3135 698 3192 t855‚
718 3129 819 3198 quibus
836 3137 925 3182 erecta
943 3135 984 3182 est
1001 3130 1080 3182 sedes

61 3209 224 3274 Episcopalis
243 3209 430 3271 (luido-Vallis,
446 3209 546 3273 (baral)
565 3212 592 3260 et
606 3210 670 3258 anni
681 3211 750 3268 1859,
766 3207 1004 3272 quibuslicelesic
1018 3206 1075 3258 Rhe

63 3283 325 3349 donensisprovecta
341 3290 382 3335 est
395 3285 429 3335 ad
443 3285 602 3350 dignitatem
617 3283 783 3348 Metropolis.
801 3283 833 3333 Ut
850 3283 1003 3332 obtineatur
1015 3280 1080 3332 linis

64 3374 140 3424 quem
161 3361 278 3411 intendit
296 3362 376 3412 conc.
398 3359 470 3411 Trid.
494 3360 610 3411 alterum
633 3374 667 3410 ex
695 3359 801 3409 duobus
831 3357 926 3407 mediis
955 3355 1081 3408 adbiberi

64 3431 170 3498 potest:
187 3439 235 3485 aut
248 3449 340 3486 omnes
352 3436 475 3486 canonici
490 3439 624 3499 reponunt
643 3437 672 3484 in
686 3433 824 3484 communi
844 3437 948 3496 partem
971 3432 1080 3484 tertium

63 3509 192 3560 redituum
203 3525 260 3561 suaa
272 3511 431 3573 prebenda,
442 3511 514 3561 unde
525 3510 681 3560 efformetur
691 3523 779 3560 massa
790 3509 941 3558 communis
952 3508 980 3558 iu
989 3508 1081 3559 distri·

65 3583 185 3636 bubones
197 3585 386 3650 quotidianas3
400 3589 447 3636 sut
461 3585 561 3650 singuli
574 3587 620 3649 qui
634 3586 759 3636 absentes
770 3587 843 3641 sunt,
857 3583 927 3632 intra
943 3583 1000 3633 dies
1013 3596 1080 3646 pra·

65 3661 132 3711 visos
144 3677 160 3712 a
167 3662 239 3725 jure,
255 3661 363 3712 solvunt
374 3661 503 3711 mulctam
514 3661 707 3724 pecuniariam,
719 3673 779 3722 quae
788 3659 997 3722 correspondeat
1009 3659 1080 3722 parti

68 3734 280 3788 distributionum
294 3737 514 3802 quotidianarum
527 3739 553 3787 et
567 3737 650 3800 prosit
666 3735 852 3800 prementibus.
