2632 4260
130 252 189 300 lll'l.
209 249 243 296 11.
262 245 456 301 salutatorius
475 245 643 303 autumus
663 243 954 296 lu'oautrtrlossu.
1005 233 1040 288 35

66 365 176 432 conferri
190 365 303 428 dehent
315 377 421 440 mene,
436 363 497 427 etsi
515 383 580 426 non
594 363 774 444 requiratur
788 365 824 432 ut
842 362 876 428 id
889 362 947 422 flet
962 361 1047 420 intra

65 469 203 530 Missurum
217 462 386 537 solemnia,
400 465 433 524 20
448 463 516 525 dies
537 462 609 526 lesti
620 463 661 527 de
678 462 794 544 quibus
810 460 916 540 agitur
934 459 958 528 ii
974 462 1047 520 sunt

65 565 107 646 qui
126 561 315 625 celebrantur
334 580 374 624 ex
391 566 563 641 precepto,
580 579 617 626 eo
636 561 722 628 enim
736 579 829 624 sensu
845 577 909 622 vox
922 556 1049 638 festivus

64 662 112 724 dics
122 660 300 738 intelligitur
315 658 535 736 communiter.
556 661 622 724 Hoc
644 665 752 727 tamen
766 658 951 731 nonobstet
968 673 1050 736 quo-

65 761 146 822 minus
154 758 307 822 ordinatio
319 758 404 820 licite
417 758 474 821 flat
490 758 524 820 in
539 757 650 820 Galliis
671 758 782 822 diebus
795 757 882 820 lestis
900 756 957 837 qui
973 754 1049 818 olim

65 859 244 922 servabantur
257 876 278 920 e
291 856 451 932 fidelibus,
464 861 495 918 et
509 856 565 938 qui
577 856 739 920 desierunt
753 875 823 920 esse
837 856 876 918 de
889 857 1051 935 praeeepto

64 956 276 1031 viconcordati,
299 956 375 1037 quia
395 974 484 1019 meus
509 957 634 1021 Sauctae
656 955 745 1020 Sedis
761 954 821 1018 luit
839 956 921 1018 leste
941 953 1052 1016 eadem

25 1103 26 1134 ς
66 1056 165 1117 ratione
181 1074 217 1118 ac
238 1059 337 1118 antea
350 1054 516 1129 celebrari,
530 1054 662 1134 dempta
682 1053 893 1130 solummodo,
907 1055 1053 1132 respectu

66 1154 163 1235 populi,
177 1152 372 1232 obligatione
388 1152 539 1215 audiendi
554 1171 679 1216 sacrum
694 1157 726 1214 et
735 1151 915 1216 abstinendi
927 1151 967 1214 eb
983 1167 1056 1229 ope·

67 1253 132 1312 rbus
149 1251 323 1315 servilibus.
337 1253 370 1312 3ο
388 1253 419 1318 S.
435 1251 747 1330 congregationem
770 1250 870 1316 semel
892 1245 1057 1329 respondit

67 1349 172 1410 blerari
182 1367 274 1428 posse
290 1349 557 1412 consuetudinem
568 1351 854 1415 immemorabilem
874 1345 1058 1412 conferendi

68 1447 168 1508 ordines
188 1448 327 1512 minores
342 1453 414 1528 post
435 1449 601 1511 meridiem
620 1449 707 1512 leriae
730 1450 770 1512 vl
792 1455 866 1511 ante
887 1447 1057 1509 sabbatum

25 1619 26 1626 ἵ
68 1545 201 1623 ordinum,
217 1547 275 1608 sed
286 1547 437 1626 expedire
451 1551 488 1608 ut
501 1547 679 1627 Episcopus
700 1566 767 1612 sese
787 1548 964 1612 conformet
977 1544 1059 1606 Pon·

69 1643 171 1723 tificoli.
191 1645 371 1706 Aunotator
401 1645 596 1707 collectionis
618 1646 826 1708 Gardellianse
853 1644 966 1708 merito
994 1643 1061 1706 uni·

69 1742 215 1806 madvertit
226 1743 262 1804 in
274 1743 434 1823 responsis
448 1743 531 1806 detis
544 1743 598 1824 egi
619 1745 820 1809 solummodo
835 1745 875 1806 de
890 1762 965 1808 casu
982 1761 1059 1804 con-

68 1841 214 1904 suetudinis
234 1841 509 1906 immemorabilis.
523 1841 654 1904 Decreta
667 1843 852 1918 authentico,
869 1851 904 1904 n⁰
915 1843 1007 1917 4363,
1018 1840 1060 1902 ad

69 1940 129 2014 llum,
140 1941 173 2000 ll
189 1946 285 2003 mart.
305 1941 398 2002 1820.

110 2039 155 2100 lll.
179 2039 444 2115 subdiaconatus,
469 2039 656 2106 diaconatus
675 2046 708 2104 et
726 2041 961 2122 presbyteratus
980 2057 1059 2102 oon·

25 2133 26 2136 ’
68 2136 123 2196 leni
143 2137 258 2201 debent
285 2137 427 2205 sabbatis
456 2144 594 2218 quatuor
626 2146 823 2220 temporum,
849 2140 900 2202 vel
927 2138 1062 2202 sabbato

69 2239 164 2312 sancto,
178 2241 234 2300 aut
253 2236 388 2299 sabbato
407 2241 480 2301 aute
500 2236 693 2301 dominicam
716 2238 886 2312 Passionis,
908 2256 973 2300 non
986 2254 1062 2298 vero

69 2330 208 2394 dominicis
229 2333 302 2396 haec
323 2334 457 2399 sabbate
476 2321 753 2414 subsequentibus,
774 2335 838 2399 uisi
860 2335 1011 2399 ordinans
1032 2338 1064 2394 et

26 2499 27 2520 ,
68 2429 237 2495 ordinandus
252 2432 429 2512 producere
447 2433 548 2494 velint
561 2432 720 2514 jejunium
740 2433 867 2498 sabbati
878 2434 911 2494 in
926 2431 1062 2496 domiui·

26 2587 27 2594 ,
70 2546 131 2590 cam.
145 2532 190 2592 lta
204 2550 278 2611 cap.
294 2530 380 2606 Quod
390 2551 409 2594 a
421 2531 573 2612 putribus,
587 2535 619 2606 l,
633 2533 706 2597 dist.
724 2549 814 2609 uxxv,
829 2532 861 2600 in
875 2550 937 2612 quo
953 2531 985 2593 S.
1002 2532 1065 2592 Leo

26 2699 27 2716 χ
70 2629 180 2690 testatur
199 2630 299 2692 fuisse
314 2647 334 2691 a
347 2629 495 2694 Patribus
520 2630 672 2694 traditum
691 2637 728 2694 ut
748 2651 812 2694 non
833 2630 952 2712 passim
974 2628 1067 2692 detur

26 2733 27 2756 l
71 2725 204 2790 ordinatio
215 2728 431 2808 „sacerdotalis
446 2735 502 2790 aut
516 2727 653 2803 levitica,
673 2730 886 2811 sedsabhatis
906 2727 1064 2801 indicetis,

73 2826 176 2902 «quod
195 2826 339 2906 ejusdem
362 2827 573 2890 observantie
593 2828 663 2902 erit,
685 2828 730 2891 eit
750 2829 908 2906 Pontifex,
927 2827 955 2888 si
975 2843 1068 2887 mane

26 2955 27 2976 i
76 2920 159 3002 eipso
172 2923 340 3010 ¹dominico
355 2924 419 3000 die,
437 2924 621 2988 continuato
640 2925 763 3009 ,iejuuio
782 2926 908 2990 sabbati
927 2924 1067 2988 celebre·
1102 2919 1104 2925 '

76 3024 155 3099 «tur,
171 3042 269 3105 equo
282 3028 426 3106 tempore
445 3023 652 3104 precedentis
673 3025 776 3089 noctis
789 3024 887 3090 initie'
897 3044 962 3091 uon
979 3039 1067 3085 reee-

26 3119 27 3184 l
75 3140 86 3172 t
103 3118 183 3183 dunt.
200 3145 217 3180 u
354 3115 356 3120 ’
726 3146 729 3153 ·

26 3213 27 3258 3
118 3219 181 3280 Duo
194 3220 446 3282 animadvertere
460 3220 613 3282 debemus
627 3239 635 3282 z
648 3223 680 3282 l⁰
689 3222 760 3285 Dies
774 3223 922 3303 prefixus
933 3238 994 3301 pro
1006 3217 1070 3282 col·

75 3311 174 3378 latione
190 3318 340 3380 ordinum
363 3335 524 3380 sacrorum
538 3319 707 3382 immutare
729 3340 793 3383 non
815 3319 899 3382 velet
913 3317 1071 3380 contraria

76 3416 261 3477 consuetudo.
280 3416 356 3495 Gap.
374 3415 468 3491 Suae,
484 3419 515 3493 2,
530 3416 601 3492 eod,
614 3418 663 3482 tit.
677 3422 711 3480 2⁰
723 3419 757 3483 Si
768 3416 1072 3488 defectusessentia·

76 3506 104 3567 lis
116 3512 259 3576 acciderit
272 3513 307 3574 in
325 3514 525 3578 ordinatione
545 3514 661 3592 cleriei,
683 3517 825 3596 reparari
846 3515 941 3578 debet
959 3515 1071 3578 diebus

77 3609 182 3671 statutis
196 3610 237 3673 ad
259 3612 463 3674 collationem
485 3613 645 3693 ordinum,
662 3634 725 3678 non
746 3615 808 3677 alio
825 3621 976 3696 tempore.
993 3615 1069 3694 Gap.

79 3702 232 3789 Presbyter,
248 3711 278 3786 3,
301 3730 339 3774 nn
364 3713 500 3776 Sccmu.
517 3728 577 3776 sos
603 3731 774 3794 incensore,
800 3714 856 3779 lib.
874 3715 887 3776 l
902 3716 1022 3777 Decret.
1040 3709 1073 3774 Si
