2582 4278
211 279 246 334 86
578 291 652 342 rans
672 292 706 340 11.
728 287 856 339 ceruici.

270 406 343 468 pp„
364 408 582 470 immunitates
601 408 820 471 ecelesiastica
841 407 992 468 limitata·
1006 409 1135 468 innunt
1154 421 1230 470 sue·

94 564 97 568 .
212 518 302 566 cassu
312 511 492 584 temporum
501 506 843 568 etattentamutatione
852 519 988 580 morum,
999 517 1232 585 eumexpreesa

212 603 414 666 concessione
425 605 456 666 S.
471 605 559 666 Sedis
569 606 674 685 quoad
687 605 841 684 quosdam
851 603 1012 679 articulos,
1026 608 1069 679 et,
1080 617 1139 684 pro
1150 620 1231 666 non-

208 700 304 761 nullis
317 701 397 776 aliis,
412 721 451 762 ex
465 701 549 764 illius
561 703 739 765 tolerantia.

273 831 290 865 «
311 809 374 870 Pro
396 810 551 872 servanda
569 810 770 872 immunitate
792 809 879 884 reali,
902 809 946 870 ait
964 811 1000 870 u.
1021 811 1065 869 De
1085 810 1230 887 Angelis,

215 929 231 961 c
248 922 312 966 uon
327 908 451 986 putavit
464 910 495 970 S.
516 908 611 969 Sedes
625 908 763 987 amplius
777 903 920 990 insistere
936 919 1038 986 neque
1052 906 1233 968 reclamare

220 1023 236 1061 a
251 1009 283 1064 et
294 1001 441 1066 toleravit
455 1007 541 1085 quod
553 1003 693 1068 Ecclesia
701 1011 734 1067 et
746 1006 853 1068 cleriei
867 1006 966 1067 relate
979 1006 1020 1066 ad
1030 1005 1117 1066 bona
1126 1011 1235 1066 esseut

214 1101 278 1162 «iu
297 1103 408 1164 eadem
427 1103 607 1164 conditione
630 1120 667 1166 ae
686 1105 792 1166 caeteri
815 1103 898 1165 laici.
920 1103 999 1164 ilinc
1021 1107 1068 1164 est
1089 1104 1178 1182 quod
1198 1103 1232 1163 in

211 1221 227 1254 «
243 1200 464 1262 constitutione
482 1199 661 1282 Apostolica
679 1201 769 1263 Sedis
785 1202 997 1281 disparuerint
1013 1216 1123 1261 omnes
1152 1215 1231 1262 ceu-

211 1321 229 1352 «
245 1315 325 1359 surae
342 1297 413 1360 latre
429 1305 541 1360 eontra
554 1313 607 1360 eos
622 1300 678 1379 qui
691 1315 786 1380 super
803 1300 895 1362 benis
909 1299 1054 1362 licclesiae
1070 1298 1121 1358 vel
1135 1297 1231 1359 eleri-

213 1409 352 1455 «oerum
375 1396 542 1474 imponunt
567 1402 668 1473 taxas,
697 1403 792 1478 prout
813 1397 1027 1477 superioribus
1051 1396 1231 1457 canonibus

214 1513 229 1548 c
243 1493 473 1570 plectebantur.
492 1494 558 1554 Dici
575 1496 707 1574 proinde
723 1499 829 1575 potest
843 1495 1076 1556 immunitatem
1094 1493 1228 1568 realem,

98 1611 99 1616 ¹
213 1613 227 1643 u
243 1587 355 1650 saltem
368 1607 408 1651 ex
420 1607 484 1652 non
494 1593 718 1655 reclamatione
731 1593 889 1667 Ecclesiae,
904 1593 954 1654 vel
967 1611 1005 1654 ex
1020 1593 1089 1673 ejus
1097 1591 1231 1652 tacitur-

207 1709 222 1741 c
238 1687 516 1754 nitateeessasse¹.
532 1713 548 1746 »
1125 1689 1229 1770 ἐπεὶ

271 1794 490 1858 immunitates
502 1793 684 1881 personales
694 1800 822 1860 luerunt
834 1798 892 1859 sub
903 1795 1070 1878 multiplici
1082 1802 1231 1876 respectu

206 1892 367 1953 restrictae.
378 1895 529 1956 Servatur
536 1897 736 1976 privilegium
744 1895 876 1970 aaronis,
887 1896 932 1957 ita
942 1895 1061 1956 dietum
1072 1914 1091 1956 a
1104 1909 1230 1956 canone

209 1989 260 2047 l5⁰
278 1991 404 2052 concilii
421 1993 649 2068 Lateranensis‚
662 2012 726 2074 quo
740 1997 773 2055 in
787 1993 954 2056 tuitionem
972 1997 1003 2053 et
1015 1993 1229 2054 reverentiam

204 2091 306 2148 status
326 2088 480 2151 clericalis
500 2094 532 2153 et
553 2092 716 2172 regularis,
738 2088 1059 2154 excommunicationi
1080 2088 1231 2152 subditur

209 2185 313 2264 quiin
334 2186 484 2250 clericum
503 2190 553 2250 vel
573 2191 774 2269 monachum,
794 2191 949 2252 violentas
968 2203 1092 2262 manus,
1113 2191 1230 2251 eontra
1289 2247 1290 2252 ,

204 2281 270 2360 jus,
287 2303 329 2353 en
346 2286 467 2348 malitia
481 2285 626 2367 injecerit
640 2323 679 2332 -
697 2289 806 2362 Quoad
821 2287 1023 2369 privilegium
1038 2304 1093 2347 seu
1105 2287 1228 2373 impru-

208 2381 340 2443 nitatem
348 2382 422 2462 sort,
436 2385 466 2445 S.
478 2385 574 2446 Sedes
582 2378 773 2448 condemnet
781 2381 1147 2448 etexeommunicatione
1157 2366 1230 2464 spe-
1288 2463 1289 2468 ἵ

207 2478 330 2540 cialiter
348 2481 380 2541 S.
396 2479 542 2543 Pontifici
560 2489 720 2544 reservata
732 2484 900 2545 innodatos
911 2485 1051 2544 declarat
1067 2484 1229 2544 uadentes

212 2596 226 2630 o
240 2574 326 2652 leges
342 2577 392 2637 vel
410 2578 537 2642 decreta
553 2587 664 2642 contra
679 2581 858 2644 libertatern
876 2586 931 2644 aut
945 2581 1018 2662 jura
1034 2581 1225 2642 Ecclesiae...

208 2693 224 2726 u
240 2673 404 2751 (legentes,
425 2677 489 2738 sive
508 2677 638 2755 directe,
658 2680 722 2741 sire
742 2677 904 2754 indirecte,
923 2679 1047 2759 judices
1065 2678 1163 2740 laicos
1184 2679 1229 2739 ad
1287 2687 1288 2711 l

208 2791 224 2823 u
241 2769 432 2834 trahendum
448 2773 488 2835 ad
502 2793 592 2837 suum
607 2776 759 2853 tribunal,
775 2783 892 2858 prater
906 2777 1075 2838 canonicas
1089 2773 1228 2855 disposi-

209 2867 352 2947 «tiones,
375 2885 526 2950 personas
546 2875 781 2936 ecclesiasticas.
809 2901 823 2931 »
846 2875 986 2936 Censura
1004 2871 1139 2954 proinde
1158 2891 1228 2935 non
1286 2879 1287 2909 ¹

210 2964 337 3044 attingit
349 2967 509 3031 ministros
523 2972 758 3049 subordinatus,
772 2972 819 3034 uti
830 2971 956 3046 milites,
968 2969 1177 3052 apparitores,
1193 2977 1227 3032 et

209 3059 290 3124 forte
308 3083 366 3126 nec
381 3067 466 3145 ipsos
478 3067 601 3147 judiees
616 3071 671 3150 qui
684 3076 832 3133 tenentur
843 3069 876 3132 vi
890 3069 969 3150 legis
983 3069 1094 3146 civilis,
1110 3084 1165 3130 seu
1181 3069 1226 3130 ad
1285 3057 1286 3107 l

209 3159 393 3224 instantiam
405 3167 544 3244 partium
557 3167 682 3230 trahere
698 3170 737 3231 ad
752 3187 844 3230 suum
858 3168 998 3231 tribunal
1010 3179 1163 3250 personas
1174 3185 1227 3229 ee·

205 3259 413 3338 elesiastiees;
432 3263 466 3323 hi
481 3264 564 3325 enim
576 3281 640 3328 non
655 3269 726 3328 sunt
737 3269 862 3348 proprie
873 3271 1031 3348 cogenteS,
1049 3265 1103 3328 scd
1116 3265 1225 3348 potius
1284 3237 1285 3305 l

206 3366 372 3436 coguntur.
393 3361 456 3423 Neo
476 3362 570 3424 etiam
590 3365 797 3444 probabiliter
817 3367 945 3445 attingit
963 3365 1036 3429 illos
1056 3366 1124 3446 qui,
1148 3385 1223 3427 uum
1283 3381 1284 3384 ’

206 3453 330 3518 nullum
352 3458 438 3520 aliud
456 3462 595 3522 medium
613 3463 753 3525 habeant
767 3461 820 3543 jus
845 3483 937 3525 suum
955 3460 1171 3544 prosequendi
1191 3469 1223 3525 et
1283 3423 1284 3503 l

204 3555 340 3632 propriae
352 3557 553 3622 indemnitati
564 3560 761 3638 consulendi,
772 3563 805 3623 in
815 3563 1001 3626 necessitate
1011 3563 1085 3625 sunt
1099 3561 1221 3625 citandi

229 3737 231 3744 '
251 3750 699 3824 r.rraeucam1esrurooan.,1n.
715 3761 1013 3825 uuuucmmr.
1131 3837 1134 3843 ‚

1277 4147 1280 4231 s
