2568 4272
178 273 232 328 298
518 279 592 326 rsus
609 278 643 326 11.
666 277 860 327 suentense.

176 397 243 458 vioe
262 397 376 469 emisit,
396 396 467 457 iniit
486 400 614 474 paetum
633 393 848 456 conditionale
864 412 936 456 oum
954 395 1123 473 religione,
1141 396 1196 456 sibi

175 496 363 559 reservando
383 495 435 575 jus
456 495 498 556 ad
519 494 616 556 aliam
635 494 838 568 transeundi;
860 481 1071 574 quamobrem
1091 495 1117 554 si
1135 512 1196 556 nou

173 596 272 675 pessit
290 594 424 656 transire
444 593 510 654 sine
530 593 614 667 doto,
636 611 833 672 eonsequens
851 593 979 654 videtur
999 593 1089 674 quod
1110 593 1195 654 illem

109 737 110 740 ,
135 709 137 712 ·
176 712 282 756 seeum
293 693 465 758 transferre
475 691 614 754 voleati.
628 692 793 764 Gaeterum,
806 691 904 754 sisint
915 691 1034 771 regulae
1045 691 1196 772 speciales

177 795 348 854 conventus
357 791 441 854 eirea
451 791 561 852 dotrrm
571 789 811 862 restitutionem,
822 789 1026 855 bissiandum
1036 790 1197 870 erit3quis

174 891 210 952 lit
227 895 357 970 pactum
377 891 488 952 saltem
506 889 695 969 implicitum
721 889 814 968 juxta
839 889 925 967 leges
946 889 1192 952 communitatis.

234 991 267 1050 2⁰
289 987 438 1066 Religiosi
456 993 655 1056 transeuntes
673 987 706 1049 iu
727 987 822 1053 oliam
840 989 1028 1067 religionem
1047 993 1196 1052 tenentur

175 1099 292 1149 novum
307 1085 426 1150 annum
439 1087 635 1167 probationis
649 1105 812 1167 peragere.
829 1089 972 1168 Insuper,
989 1088 1016 1150 ei
1030 1093 1195 1150 transeant
1275 1110 1280 1132 2

175 1187 386 1267 dereligione
404 1187 664 1263 Mendieantium‚
686 1191 759 1248 sunt
777 1173 935 1250 inhabiles
952 1189 994 1251 ad
1012 1189 1192 1268 prioratus,

175 1302 319 1348 exeruere
335 1305 398 1349 uon
413 1291 544 1366 possunt
556 1302 666 1349 euram
680 1285 870 1359 animarum,
885 1302 943 1349 nee
955 1288 1140 1366 promoveri
1154 1288 1194 1349 ad
1279 1283 1280 1296 ¹

174 1384 510 1476 benefieiesaeeuleria
523 1383 610 1465 (Gap.
629 1383 671 1446 Ut
681 1383 921 1465 professorem
930 1385 1028 1448 illem.
1044 1403 1083 1448 urs
1094 1389 1194 1451 Ruso
1280 1399 1281 1438 ῑ

173 1471 310 1545 ulmeos
315 1483 325 1564 )

202 1584 255 1645 3⁰
264 1581 416 1644 ldourales
424 1581 759 1660 solemniterprefessee
769 1602 833 1644 uon
844 1589 1000 1662 possunt
1000 1603 1123 1646 rausue
1133 1603 1192 1646 nee

174 1679 338 1742 transferri
353 1679 394 1740 ad
413 1679 501 1740 aliud
517 1681 744 1743 monasterium
759 1683 879 1761 absque
892 1682 1016 1744 indulto
1037 1683 1070 1744 S.
1088 1684 1191 1762 Sedis,
1281 1715 1282 1722 1

173 1798 237 1860 quo
251 1778 518 1858 dispensationem
530 1798 551 1839 a
562 1779 639 1857 lege
646 1779 800 1842 olansurae
814 1787 989 1844 ooaseoufae
998 1781 1128 1844 fuerint.

230 1879 425 1939 reon-111⁰
442 1876 550 1940 Unum
561 1887 591 1940 et
602 1885 748 1960 quatenus
758 1879 894 1960 religiosi
906 1879 985 1942 selei
993 1881 1110 2026 possint
1120 1881 1192 1943 obli·

172 1975 343 2056 patronibus
355 1996 400 2037 sne
413 1985 442 2036 st
430 1975 531 2038 tetus?

231 2077 254 2137 1.
278 2075 359 2136 Olim
376 2075 520 2156 pluribus
538 2075 640 2138 visum
661 2083 708 2138 est
724 2079 883 2140 neminem
902 2096 996 2158 posse
1012 2079 1192 2160 dispensari

170 2191 264 2253 super
277 2173 359 2234 votis
371 2173 575 2252 solemnibus,
593 2181 625 2236 et
636 2175 798 2242 vinculum
813 2177 1018 2256 professionis
1032 2177 1190 2257 religiosae

169 2289 235 2333 esse
255 2272 328 2352 jure
352 2273 460 2334 diuino
481 2272 711 2334 indissolubile.
735 2275 834 2336 Hodie
855 2293 965 2337 omues
987 2276 1193 2338 eonsentiuut

168 2370 348 2448 religiosum
366 2371 462 2432 eximi
477 2389 570 2452 posse
591 2373 655 2432 suis
669 2373 932 2451 obligationibus,
949 2380 982 2436 et
997 2374 1072 2437 vitae
1088 2393 1190 2438 soeeu·

167 2469 226 2529 lari
248 2470 338 2530 reddi
362 2471 486 2532 indulto
509 2471 706 2550 apostolie03
733 2473 809 2552 quia
833 2473 963 2535 effeetus
985 2475 1191 2554 professionis

169 2585 233 2627 non
242 2567 314 2645 jure
331 2569 470 2630 naturali
485 2574 541 2630 aut
555 2571 673 2646 diuino,
692 2571 746 2632 sed
758 2571 832 2650 jure
845 2571 1056 2635 eoelesiastieo
1070 2574 1188 2634 funda·

168 2669 231 2726 tur.
260 2665 406 2728 Facultas
440 2667 645 2748 dispensandi
665 2670 879 2750 ¹snper.votis
906 2670 1101 2734 solemnibus
1132 2673 1192 2735 soli

170 2763 201 2826 S.
221 2763 368 2825 Pontifici
382 2773 571 2830 reservatur.

228 2850 317 2935 Quod
328 2863 368 2924 ad
381 2871 455 2927 vota
469 2866 623 2945 simplicia
633 2868 755 2942 attinet,
768 2867 909 2947 religiosi
919 2871 1189 2950 dispensationem

166 2960 309 3022 obtinere
331 2969 473 3040 possunt,
499 2971 565 3024 tum
585 2984 604 3025 a
621 2966 654 3026 S.
678 2966 844 3045 Pontiflee,
869 2973 936 3029 tum
957 2969 997 3029 ab
1017 2970 1185 3048 Episoopm

167 3063 235 3118 tum
254 3059 390 3140 denique
407 3081 426 3122 a
445 3062 606 3142 superiore
621 3063 671 3126 sui
689 3064 836 3143 instituti,
853 3083 910 3146 pro
930 3067 1055 3130 diversa
1069 3071 1186 3132 eondi-

167 3157 287 3219 tutione
304 3160 573 3238 congregationis

229 3259 260 3314 10
273 3257 415 3329 Quinota
424 3258 594 3320 emiserunt
604 3260 637 3322 in
652 3261 796 3324 instituto
805 3261 943 3343 publium
956 3265 1103 3328 e‘Saneta
1110 3266 1189 3328 Sede

166 3355 354 3434 approbato,
376 3356 464 3416 utin
487 3357 591 3420 varias
612 3361 791 3439 provineiss
818 3381 850 3424 se
875 3363 1047 3426 extendere
1069 3365 1186 3441 valeat,

214 3523 1180 3610 Μυεροοιο’1111111111111111111111,αοειηενοοαὴὼιοπωοηιε

167 3619 234 3670 terio
251 3633 268 3666 a
285 3632 334 3682 qno
349 3619 442 3670 aedera
458 3620 550 3683 debet;
568 3624 686 3672 attamen
701 3624 771 3676 idem
786 3627 989 3690 monesterium,
1007 3628 1130 3680 eodem'
1120 3645 1181 3694 Jure

166 3693 304 3742 communi
319 3693 448 3756 inspeeto,
463 3709 518 3746 nou
532 3700 620 3760 potest
636 3697 770 3751 declinare
786 3702 979 3766 obligationem
995 3717 1117 3769 congrue
1130 3707 1178 3756 ali-

167 3770 258 3817 menta
271 3769 416 3830 praetendi
426 3770 468 3833 (u0
482 3771 554 3836 213);
564 3773 648 3823 satius
645 3776 770 3840 proinde
785 3777 892 3828 ridetur
903 3781 934 3828 ut
945 3779 1044 3830 dotem
1057 3779 1186 3832 dimittat.
