2604 4274
141 281 144 290 '
186 369 189 373 ι
240 291 305 347 131,
443 333 447 342 .
504 299 990 350 ras8111.'nsscoccs81tsmoa.

242 417 278 480 ll
295 414 410 492 martii,
426 417 457 478 S.
470 416 795 495 Ganga-respondens
808 416 848 476 ad
860 415 959 476 dubia
967 415 1028 476 sibi
1039 415 1213 496 proposita
1225 415 1263 476 ab

241 513 396 593 Episcopo
419 511 589 592 provinciae
619 514 893 593 Compostellanae,
919 513 1159 574 animadvertit·
1177 515 1263 592 quod

147 697 148 700 Ἴ
242 612 380 674 oratoiia
392 611 517 690 privata
529 628 693 690 nunquam
705 612 932 674 benedicantur
943 612 1007 672 ritu
1020 613 1216 692 praescripta
1229 612 1259 672 in

241 705 358 770 Rituali
371 711 513 770 Romano
528 728 585 788 pro
599 709 732 788 publicis
744 710 896 770 oratoriis
909 712 933 770 ¹.
949 712 1045 772 Decet
1060 717 1174 771 tamen
1190 710 1256 770 haec

240 806 357 868 sacella
378 807 486 886 aliqua
508 807 726 870 benedictione
740 807 940 883 sanctificari,
958 809 984 868 si
1001 808 1261 870 debeantisacris

241 904 397 983 mysteriis
412 906 507 966 modo
520 905 742 984 permanenti
734 905 899 968 inservire.
945 917 947 924 '
979 914 982 927 '

301 1003 426 1062 555.-
441 1004 481 1063 ll⁰
496 1001 577 1077 Quid
589 1003 629 1063 sit
642 1002 758 1064 titulus
762 1023 820 1084 quc
833 1002 991 1112 Ecclesia,
1011 1013 1098 1069 satra
1120 1004 1206 1064 ntus
1217 1002 1259 1064 be-

240 1098 622 1172 martinummontem
693 1105 696 1111 '

263 1198 324 1259 ‚11
340 1198 614 1270 Quemadmodum
623 1198 746 1260 homini
762 1179 1050 1279 baptisatoncmen
1067 1198 1255 1280 imponitur.

239 1293 284 1356 ita
297 1295 444 1357 Ecclesiae
463 1294 614 1358 dedicata
627 1296 737 1358 titulus
752 1297 845 1358 datur
857 1316 921 1376 quo
936 1301 1151 1378 nuncupetur,
1169 1302 1202 1357 et
1215 1296 1254 1356 ab

239 1393 310 1456 aliis
323 1392 470 1454 Ecclesiis
482 1393 696 1471 dignoscatur.

301 1493 474 1551 Patronum
487 1509 559 1552 cum
574 1491 667 1552 titulo
681 1493 893 1554 Ecclesiarum
907 1491 1002 1554 simul
1016 1491 1172 1552 conlundi
1184 1509 1254 1552 con-

208 1627 210 1630 ·
240 1595 364 1650 suetum
379 1593 436 1662 est,
448 1589 507 1650 etsi
521 1589 613 1651 detur
626 1590 798 1652 discrimen
807 1591 889 1652 inter
899 1597 1083 1670 utrumque.
1100 1589 1254 1652 Patronus

155 1757 160 1774 K
240 1693 288 1748 est
306 1688 438 1750 Sanctus
461 1687 511 1748 vel
524 1688 664 1766 Angelus
686 1687 775 1767 cujus
790 1688 979 1767 protectioni
1002 1688 1144 1748 Ecclesia
1169 1705 1254 1748 com·

240 1785 420 1859 mandatur,
437 1789 472 1845 ut
487 1803 544 1864 pro
566 1785 621 1846 illa
642 1787 729 1866 apud
742 1788 842 1847 Deum
856 1785 1044 1850 intercedat.
1071 1783 1190 1845 Patulus
1210 1787 1254 1843 est

240 1883 435 1962 mysterium,
445 1882 649 1958 Sanctus,vel
658 1884 778 1964 aliquid
789 1884 830 1944 ad
842 1885 974 1946 Sanctos
984 1882 1158 1962 peitineus,
1166 1901 1197 1943 v.
1206 1901 1251 1960 g.‚

240 1981 405 2060 conceptio
419 1982 624 2043 immaculata
634 1981 782 2062 Virginis,
796 1981 921 2044 vincula
940 1981 1045 2042 sancti
1061 1980 1153 2054 Petri,
1175 1985 1249 2052 etc,

240 2097 343 2158 aquo
357 2079 541 2142 inscribitur
559 2086 590 2141 et
608 2081 787 2160 appellatur
798 2081 948 2156 Ecclesia.
966 2082 1125 2142 Patronus
1136 2095 1191 2157 pro
1207 2076 1248 2136 ti-

238 2176 307 2238 tulo
326 2177 610 2256 sumitur··quando
635 2197 727 2239 suum
752 2181 867 2240 nomen
892 2179 925 2238 in
947 2178 1078 2238 titulum
1105 2173 1247 2238 Ecclesia

238 2275 329 2348 indit,
346 2279 376 2334 et
388 2280 463 2336 tune
481 2293 519 2335 ex
533 2294 591 2335 usu
613 2276 775 2336 communi
788 2282 922 2336 vemtur
937 2281 1093 2354 patronus
1115 2270 1245 2333 titularis

237 2373 396 2434 Ecclesiae.
418 2405 458 2418 «-
471 2373 613 2434 Ecclesia
631 2379 833 2454 nuncupatur
854 2374 981 2434 nomine
995 2373 1046 2432 sui
1061 2371 1170 2433 tituli:
1192 2369 1242 2441 sic,

238 2471 375 2549 exempli
390 2489 496 2548 causa,
510 2470 652 2532 Ecclesia
673 2471 774 2532 sancti
788 2471 874 2532 Petri
897 2470 973 2531 dicit
960 2476 1012 2531 tur
1027 2469 1136 2530 titulus
1153 2463 1242 2529 saneti

132 2599 134 2604 ·
162 2581 164 2592 ’
237 2565 344 2642 Petra·
367 2569 421 2648 qui
441 2587 511 2629 mos
534 2568 710 2648 praesertim
734 2571 843 2630 Romae
867 2572 1010 2629 servatur
1030 2586 1090 2648 pro
1105 2563 1243 2674 Ecclesiis

240 2665 354 2743 quibus
369 2667 588 2745 praeficiuntur
602 2666 824 2730 cardinales.
799 2666 811 2700 ²

260 2763 337 2823 ll.
352 2762 448 2824 Juxta
458 2764 645 2826 traditiones
653 2763 846 2826 christianas
862 2764 950 2824 nulla
963 2762 1107 2841 erigitur,
1124 2779 1178 2822 uec
1190 2759 1245 2820 he·

238 2858 395 2920 nasicam
405 2861 544 2922 Ecclesia
558 2862 635 2941 quin
650 2861 758 2922 titulus
772 2862 834 2940 ipsi
848 2861 941 2922 simul
955 2861 1148 2932 conferatur,
1166 2862 1197 2919 et
1215 2855 1244 2915 in

238 2958 373 3038 ipsomet
398 2958 619 3021 benedictione
643 2959 787 3038 primarii
803 2959 919 3038 lapidis
937 2976 1035 3020 sacrae
1054 2957 1134 3020 cadis
1153 2953 1245 3018 aedifi·
1277 3013 1278 3040 ,

239 3055 360 3129 candae,
376 3055 501 3116 Rituale
515 3058 692 3118 Romanum
705 3057 882 3138 praescribit
892 3062 927 3116 ut
935 3055 1123 3135 Episcopus,
1143 3073 1196 3114 seu
1206 3069 1246 3111 sa·
1277 3059 1278 3070 ¹

238 3155 360 3227 cardos,
375 3154 517 3215 nominet
528 3178 543 3210 «
553 3155 704 3216 Sanctum
713 3156 764 3215 vel
774 3157 935 3227 Sanctam,
946 3153 979 3214 in
990 3153 1082 3231 cujus
1096 3153 1243 3211 honorem

240 3277 254 3306 κ
273 3270 309 3312 ac
329 3269 445 3313 nomeu
463 3252 649 3313 fundabitur
671 3253 824 3314 Ecclesia.
844 3275 860 3308 »
875 3251 1069 3314 Constitutus
1082 3254 1191 3310 autem
1205 3263 1243 3305 se·

286 3437 363 3488 l..Cf
379 3439 583 3489 annotationem
604 3439 714 3489 editoris
733 3438 903 3489 decretorum
926 3436 1145 3504 authenticorum
1167 3433 1245 3495 Cong

239 3513 348 3564 Rituum
360 3513 395 3564 ad
411 3513 511 3564 decret.
526 3523 558 3564 ιι1
572 3515 643 3566 1565.

285 3608 308 3654 2.
320 3606 386 3656 Vide
399 3607 500 3657 ibidem
513 3610 605 3658 annot.
617 3608 650 3658 ad
663 3617 695 3656 ιιο
708 3609 780 3671 1136,
791 3607 860 3666 circu
874 3575 1004 3671 patronos
1017 3608 1044 3655 et
1058 3602 1154 3654 titulos
1167 3599 1246 3652 Eccle

240 3679 348 3730 siarum.
360 3679 518 3744 Mysteuum
526 3681 571 3734 SS
580 3683 724 3746 Trinitatis,
733 3683 852 3736 Verbum
861 3682 992 3742 divinum
1002 3679 1117 3744 Spiritus
1128 3677 1244 3734 Sanctus
1275 3655 1276 3711 1

239 3753 301 3816 eligi
312 3759 340 3803 et
350 3755 519 3820 daripotest'
512 3772 541 3808 ιιι
551 3757 660 3808 titulum
670 3759 796 3810 Ecclesia
799 3759 975 3822 ,neutiquam
986 3767 1052 3806 aero
1060 3756 1089 3804 iu
1098 3756 1243 3818 patronam
