2568 4272
101 304 175 352 aar.
196 303 231 350 ll.
252 302 327 350 oneo
347 303 404 359 QUO
425 304 518 352 rasel
537 304 755 352 CELEBRANTUR
775 306 832 352 PER
850 305 967 352 ANNUM.
1006 299 1059 351 369

103 423 177 483 518.
198 455 238 465 -
253 421 303 481 ΙΙΙ.
331 420 500 499 Reliquum
514 426 560 482 est
574 426 607 481 ut
623 422 769 498 quaedam
791 421 829 480 dc
845 421 964 500 epactis
979 419 1060 502 adji-

23 516 180 592 ciamus,
198 519 239 579 ad
253 517 495 596 intelligentiam
511 518 683 579 calendarii
698 519 910 580 ecclesiastici.

103 614 231 697 Epocto
245 622 291 676 est
303 634 452 677 numerus
469 617 590 676 dierum
608 615 722 696 quibus
737 635 838 677 annus
853 616 964 676 solaris
980 635 1062 678 com-

28 713 153 773 munis
161 715 222 774 365
230 713 363 784 dierum,
375 733 493 774 annum
507 732 706 775 communem
714 715 857 774 lunarem
870 716 929 774 354
940 715 1062 775 dierum

35 811 189 872 excedit.
207 811 284 871 (lum
296 810 393 890 igitur
414 811 582 874 discrimen
597 811 637 871 sit
650 813 684 872 ll
703 811 837 886 dierum,
847 817 960 890 epacta
969 812 1064 891 primi

32 908 136 982 anni,
157 913 205 970 est
221 909 269 983 ll,
284 914 394 987 epacta
418 909 547 970 secundi
577 909 653 969 anni
666 912 717 983 22,
734 909 823 971 etsie
844 910 1003 988 deinceps»,
1019 909 1064 970 ita

30 1011 155 1066 tamen
169 1011 206 1066 nt
220 1007 488 1085 expletonumero
500 1007 673 1067 ecdicium
689 1007 744 1087 qui
759 1026 855 1068 unam
868 1007 1064 1068 lunationem

30 1103 222 1178 constitnit,
233 1122 341 1164 rursus
352 1104 613 1183 incipiaturncva
623 1111 746 1184 epacta.
759 1106 823 1164 Hac
834 1104 903 1182 lege
915 1104 1063 1180 admissa,

34 1201 194 1280 sequitur
215 1207 358 1280 epactam
378 1202 462 1262 tertii
477 1203 553 1263 anni
571 1221 638 1264 esse
656 1203 689 1278 33
710 1202 866 1281 siquidem
888 1201 1065 1280 adjiciendo

35 1299 198 1360 undecim
213 1299 277 1359 dies
293 1299 361 1360 aliis
371 1300 482 1377 viginti
497 1299 621 1361 duobus
637 1318 793 1360 annorum
806 1299 1064 1378 praecedentium‚

38 1396 188 1457 efficitur
202 1415 353 1458 numerus
366 1399 415 1472 33,
433 1417 452 1459 a
467 1415 529 1478 quo
545 1398 570 1458 si
585 1398 753 1458 demantur
766 1397 908 1475 triginta,
923 1415 1067 1457 remane-

43 1494 96 1554 bit
119 1513 270 1556 numerus
293 1494 481 1575 assignatus,
507 1515 620 1576 nempe
640 1496 668 1556 3.
695 1494 919 1567 Hac'ratione,
948 1499 1066 1574 epactae

40 1592 297 1671 progrediuntur
320 1612 377 1673 per
404 1594 587 1654 continuum
623 1599 832 1671 augmentum
866 1594 901 1652 ll
932 1592 1066 1668 dierum,

43 1691 186 1772 abjectis
200 1692 252 1766 30,
264 1692 391 1771 quando
402 1692 487 1753 demi
496 1697 639 1771 possunt.
652 1692 710 1764 Qui
719 1692 839 1753 noverit
848 1696 994 1771 epactam
1006 1689 1068 1770 pri-

47 1788 112 1848 mis
128 1789 240 1850 diebus
255 1790 332 1850 anni
342 1789 508 1866 currentis,
520 1793 625 1868 potest
638 1788 726 1850 facili
736 1789 845 1849 labore
859 1788 1069 1849 determinare

48 1905 126 1967 quae
142 1888 183 1948 sit
205 1892 318 1966 epacta
336 1905 394 1966 pro
411 1888 462 1949 die
484 1905 684 1966 quacumque
708 1905 765 1966 per
778 1905 896 1947 annum
917 1905 925 1947 :
955 1886 1071 1946 sufficit

49 1987 172 2047 etenim
197 1991 381 2065 computare
405 1990 483 2064 quot
510 1985 576 2046 dies
605 1985 644 2045 ab
671 1985 760 2045 initio
780 1985 856 2045 anni
877 1985 1067 2062 effluxerint,

50 2085 182 2144 demere
207 2084 347 2161 singulos
368 2102 511 2164 quosque
533 2083 677 2161 triginta3
708 2082 794 2164 quod
815 2083 975 2144 residuum
999 2083 1069 2156 erit,

51 2181 253 2242 limationem
274 2182 462 2261 designabit.
489 2183 554 2243 Hoc
575 2181 702 2260 quidem
724 2198 788 2241 non
808 2186 953 2242 accurate
972 2199 1009 2242 ac
1029 2199 1071 2240 se·

53 2279 197 2340 cundum
225 2279 381 2340 calculum
409 2279 655 2340 astronomicum
686 2278 850 2358 accipitur,
891 2279 946 2338 sed
978 2277 1073 2358 juxta

51 2378 225 2453 calculum,
255 2382 290 2438 ut
308 2378 353 2438 ita
379 2377 492 2452 dicam,
515 2363 690 2457 politicum,
714 2383 745 2437 ct
770 2376 935 2437 admones
961 2375 1073 2455 populi

55 2476 337 2537 accommodatum
360 2477 383 2537 ¹.

118 2587 190 2649 519.
211 2621 251 2632 -
270 2589 321 2649 lV.
342 2587 564 2649 Calendarium
579 2587 624 2650 sic
644 2587 830 2668 dispositum
845 2587 962 2652 adhoc
979 2587 1074 2648 servit

58 2689 95 2745 nt
109 2686 192 2746 festa
202 2685 333 2747 mobilia
346 2685 387 2746 ad
402 2704 457 2746 sua
473 2705 607 2766 quaeque
621 2692 765 2767 tempora
777 2685 908 2766 singulis
920 2685 1011 2746 annis
1022 2703 1072 2747 re·

56 2783 214 2846 ferantur.

120 2895 276 2958 Habenda
286 2896 445 2976 pracipue
457 2900 506 2958 est
516 2897 599 2958 ratio
612 2895 685 2958 festi
693 2896 856 2960 Paschalis
869 2915 980 3002 exlqoo
992 2915 1072 2976 pen-

106 3061 130 3110 1.
147 3059 358 3123 «Remarquons
371 3058 434 3110 bien
446 3059 552 3123 qu'ilne
565 3058 641 3121 s'agit
653 3059 686 3109 ici
698 3072 750 3123 que
761 3058 793 3108 da
808 3059 919 3122 l'epaete
932 3057 1019 3119 civile,
1029 3058 1075 3122 qui

62 3148 124 3185 «ne
143 3135 212 3184 liant
237 3147 285 3198 pas
311 3139 417 3198 compte
441 3134 488 3184 des
511 3134 638 3184 fractione
662 3134 796 3198 deicere,
818 3137 845 3183 et
863 3133 944 3196 qu'on
969 3136 1074 3196 compte

67 3210 315 3261 «sommairement
327 3214 414 3260 trente
429 3210 506 3274 jours
525 3224 574 3274 par
596 3209 730 3270 lunaison,
746 3223 780 3259 an
801 3210 855 3259 lieu
872 3209 905 3258 de
922 3206 1078 3271 vingt-nent

62 3306 74 3332 a
88 3290 115 3337 at
129 3286 232 3336 demi...
248 3286 270 3336 ll
286 3301 305 3350 y
319 3301 333 3335 a
349 3299 403 3336 ane
416 3300 508 3336 erreur
522 3285 569 3350 qui
585 3289 651 3349 peut
667 3285 732 3334 aller
744 3285 760 3334 d
774 3297 812 3334 un
823 3285 887 3348 joar
898 3284 966 3334 dans
980 3283 1019 3334 les
1031 3296 1076 3332 aas

60 3382 73 3407 a
88 3362 128 3412 les
136 3361 196 3425 plus
208 3361 403 3423 detavorables,
418 3362 485 3411 maia
495 3364 563 3411 cette
574 3375 665 3411 erreur
675 3374 722 3410 sur
731 3359 796 3425 l'dpe
807 3360 998 3423 astronomique
1006 3357 1040 3408 de
1050 3358 1076 3409 la

63 3457 76 3484 a
90 3438 156 3488 lune
172 3441 213 3487 est
226 3432 350 3501 toujours
364 3438 475 3501 reputes
487 3437 571 3498 nulle,
583 3439 610 3487 at
624 3436 677 3486 l'on
694 3449 710 3486 a
726 3439 891 3485 exactemant
905 3434 972 3499 l’dqe
986 3432 1076 3484 civil...

62 3514 144 3564 «Una
159 3513 211 3563 lois
228 3526 341 3562 eonnue.
351 3512 462 3576 l’epacte
478 3513 559 3563 d’une
571 3512 667 3572 annes,
680 3525 716 3562 on
732 3525 798 3562 aura
810 3510 935 3575 toujoars
950 3509 1017 3560 ealle
1029 3508 1077 3559 das

67 3613 81 3640 n
96 3595 196 3645 aeneas
213 3593 349 3644 solventes
364 3607 411 3657 per
427 3592 563 3644 l'addition
575 3592 681 3657 repetee
693 3593 730 3643 du
745 3592 856 3642 nombre
867 3595 896 3642 11
907 3594 934 3640 et
950 3604 984 3640 en
998 3589 1076 3641 dtant

61 3689 76 3716 a
85 3670 208 3734 touJ'ours
221 3669 250 3718 30
261 3668 298 3718 du
314 3668 435 3730 resultat,
451 3669 557 3734 lorsque
573 3668 600 3718 la
613 3682 716 3719 somme
731 3668 874 3732 depascam
886 3681 915 3719 ce
926 3667 1051 3720 nombre.
1064 3689 1077 3718 n

67 3746 217 3798 Deadouits.
234 3745 328 3810 Lacona
343 3744 523 3797 tltmmtaires
539 3745 731 3807 d'aetroaomie‚
743 3760 805 3812 pag.
824 3746 938 3796 eor-303.

885 3847 931 3905 21.
