2588 4276
211 265 263 317 222
549 271 621 318 PARS
642 269 674 316 ΙΙ.
697 269 881 317 REGULARRS.

212 405 315 452 «rum
342 386 492 466 adscripti
516 387 657 447 fuissent.
690 411 704 443 u
734 388 839 448 Consi.
872 383 987 460 Quanto
1009 383 1216 464 fructuosius,
1291 461 1292 468 ἵ

211 502 261 545 an.
280 484 375 556 15833
390 483 584 558 decendente,
597 503 649 544 an.
668 485 745 544 1584
756 483 778 544 ¹.

270 581 441 659 Regulares
453 581 550 660 igitur
559 581 591 641 in
604 583 685 660 stylo
699 585 861 646 Canonum
879 583 1027 643 dicuntur
1040 581 1093 662 qui
1108 583 1224 643 emise-

212 683 286 740 runt
300 684 374 741 vota
389 680 552 742 solemnia.

269 779 340 839 445.
357 814 396 824 -
413 780 452 841 V⁰
467 779 505 840 In
520 800 578 861 qno
594 779 712 841 ordines
726 780 860 862 religiosi
877 780 1105 862 distinguantur
1119 801 1137 841 o
1150 799 1227 842 oon-

209 876 435 957 erogationibus
446 875 661 940 sacularibus?

266 977 313 1036 Ex
324 975 415 1037 dictis
425 977 565 1057 sequitur
575 978 693 1060 requiri
709 983 740 1039 et
753 977 897 1040 sufficere
909 978 949 1039 ad
964 983 1082 1040 statum
1092 979 1229 1060 religio-¹

122 1104 124 1111 ·
210 1093 279 1134 sum
295 1079 330 1135 ut
344 1075 529 1136 emittantur
542 1077 603 1138 tria
617 1083 692 1138 vota
712 1077 876 1152 castnedo,
891 1077 1088 1158 paupertatis
1101 1083 1132 1138 et
1145 1077 1226 1138 obe-

209 1172 353 1249 dientiae3
369 1180 404 1235 ut
424 1173 492 1236 haec
511 1181 585 1236 vota
603 1177 665 1236 sint
683 1181 859 1257 perpetua;
883 1177 1022 1249 demum,
1042 1180 1078 1236 ut
1096 1175 1177 1236 fiant
1192 1177 1226 1235 in

209 1273 453 1351 congregatione
470 1293 565 1353 quam
575 1276 715 1338 Ecclesia
729 1275 849 1355 recepit
858 1275 890 1336 in
902 1275 1084 1338 institutum
1099 1275 1228 1353 religio·
1292 1323 1293 1326 ,

208 1371 339 1434 sum..Si
351 1389 415 1432 una
426 1391 465 1434 ex
478 1373 580 1433 tribus
595 1373 828 1436 conditionibus
840 1374 932 1448 desit,
949 1374 975 1434 si
989 1392 1105 1453 nempe
1120 1371 1222 1447 nulla,
1292 1357 1293 1436 J

208 1473 376 1530 autunum
398 1469 448 1531 vel
468 1470 530 1532 duo
549 1476 624 1533 vota
639 1471 840 1534 solummodo
856 1474 953 1549 frant3
969 1470 1020 1533 vel
1035 1471 1062 1532 si
1081 1471 1123 1532 ad
1140 1477 1224 1532 tem-

184 1649 186 1652 *
207 1586 278 1647 pue,
301 1587 364 1629 non
382 1568 416 1629 in
436 1573 625 1649 perpetuum
645 1570 759 1632 emissa
778 1570 850 1645 sint,
872 1571 952 1632 adeo
971 1576 1007 1631 ut
1026 1589 1146 1632 vovens
1165 1589 1225 1649 pro

208 1684 265 1727 suo
279 1670 358 1728 nutu
373 1665 490 1729 statum
510 1667 681 1748 aliquando
701 1674 825 1731 mutare
839 1670 963 1744 valeat3
984 1668 1034 1730 vel
1048 1669 1180 1730 tandem
1198 1669 1226 1729 si

208 1766 413 1845 congregatio
426 1785 489 1828 non
507 1773 680 1846 reponatur
693 1768 733 1829 ab
746 1768 887 1829 Ecclesia
901 1769 983 1829 inter
996 1767 1142 1828 instituta
1156 1766 1227 1828 reli·

206 1864 305 1942 giosa,
321 1883 386 1925 non
401 1866 503 1927 aderit
523 1871 622 1927 status
637 1865 802 1944 religiosus
816 1867 943 1947 proprie
959 1867 1072 1943 dictus,
1091 1867 1134 1927 ad
1148 1885 1223 1928 sen-

207 1981 276 2023 sum
298 1982 466 2043 canonum,
492 1966 634 2046 quamvis
658 1966 853 2047 caeteroquin
875 1965 929 2046 qui
951 1965 984 2026 in
1006 1965 1066 2028 hac
1092 1983 1225 2046 congre-

207 2061 332 2142 gatione
357 2063 557 2143 profitentur,
587 2064 686 2149 vitam
714 2065 888 2143 perfectam
913 2065 1103 2126 aemulentur
1129 2063 1223 2144 praxi

207 2160 408 2223 consiliorum
442 2163 707 2242 evangelicorum.
739 2163 774 2224 In
808 2181 845 2224 eo
875 2163 1077 2224 consentiunt
1109 2181 1223 2224 omncs

205 2239 387 2336 canonista,
405 2261 459 2341 qui
474 2260 587 2323 exinde
607 2261 806 2338 distinguunt
822 2262 948 2322 ordines
963 2261 1129 2341 religiosos
1148 2279 1224 2341 pro·

204 2358 270 2437 prie
279 2359 379 2421 dictos
391 2362 430 2422 ab
439 2361 589 2422 institutis
600 2379 670 2440 quae
680 2379 743 2422 non
752 2365 827 2421 suut
836 2359 943 2422 stricto
954 2379 1046 2422 sensu
1056 2359 1220 2438 religiosa,

205 2457 280 2536 quia
296 2457 415 2521 scilicet
429 2460 516 2522 deest
534 2460 567 2520 in
582 2459 644 2520 illis
659 2459 837 2520 substantia
854 2464 954 2520 status
968 2453 1117 2538 religiosi.

263 2555 319 2616 His
329 2557 450 2637 positis,
462 2559 642 2638 disputatur
654 2559 731 2638 quid
745 2558 932 2619 discriminis
942 2558 1066 2620 intersit
1075 2559 1158 2619 inter
1171 2577 1223 2619 or·

205 2654 294 2715 dines
313 2656 476 2734 religiosos
496 2663 527 2717 et
544 2657 806 2736 congregationes
824 2656 1002 2731 saculares,
1018 2655 1078 2718 rite
1098 2655 1139 2717 ab
1157 2658 1221 2717 Ec·

205 2752 300 2813 alesia
311 2753 513 2833 approbatas,
523 2755 624 2836 qualis
633 2760 690 2830 est,
701 2773 732 2815 v.
743 2774 787 2834 g.,
800 2755 1005 2833 congregatio
1017 2754 1221 2815 sacerdotum

202 2850 369 2913 Missionis.
852 2863 856 2870 '

264 2949 374 3010 Plures
389 2949 532 3030 theologi
551 2951 698 3013 dixemnt
713 2953 880 3013 discrimen
901 2971 967 3013 esse
983 2952 1069 3032 quod
1083 2951 1222 3032 professi

206 3047 240 3108 in
253 3048 362 3109 ordine
378 3049 536 3127 religioso,
551 3068 583 3112 v.
595 3069 639 3128 g,
652 3050 832 3112 scholastici
842 3051 1000 3112 societatis
1010 3051 1094 3123 Jesu,
1107 3068 1141 3111 se
1152 3052 1221 3112 Deo

186 3181 193 3188 -
209 3152 281 3206 actu
294 3147 434 3209 totaliter
447 3148 576 3208 tradant
590 3153 745 3210 eteorum
761 3149 889 3210 donatio
908 3167 927 3210 a
940 3151 1005 3210 Deo
1021 3154 1219 3228 acceptetur,

204 3246 279 3308 dum
293 3252 478 3309 caeterorum
490 3252 565 3307 vota
578 3245 611 3306 in
625 3247 831 3326 promissione
846 3247 1032 3324 consistunt,
1046 3265 1110 3308 non
1123 3247 1157 3306 in
1170 3248 1220 3307 sui

203 3345 382 3408 traditione.
399 3347 494 3407 Juxta
508 3343 583 3406 ¹illos
598 3347 681 3405 Deus
701 3351 844 3427 acceptat
859 3346 987 3427 quidem
1002 3364 1060 3426 per
1079 3347 1218 3424 seipsum

202 3449 277 3504 vota
291 3449 321 3504 et
336 3435 508 3522 promissa;
525 3463 588 3504 non
604 3449 749 3524 acceptat
762 3463 837 3506 vero
852 3445 1067 3521 donationem,
1084 3444 1144 3505 nisi
1160 3443 1219 3504 fiat

208 3541 302 3601 alicui
317 3541 439 3602 homini
455 3561 512 3622 per
534 3560 628 3621 quem
643 3542 802 3623 acceptari
816 3543 866 3605 vel
880 3543 1040 3624 repudiari
1054 3542 1167 3623 possit,
1185 3547 1218 3602 et

248 3690 271 3735 t.
283 3685 396 3735 Bizzarri
411 3684 584 3748 Collatum,
599 3701 661 3751 pag.
675 3689 730 3750 800,
743 3687 771 3738 in
788 3687 870 3738 decis.
887 3687 976 3739 datam
992 3689 1020 3738 16
1036 3689 1103 3752 sept.
1124 3688 1186 3737 1864
1201 3699 1217 3735 a

201 3761 227 3812 S.
246 3761 274 3810 C.
289 3759 377 3823 Episc.
390 3763 417 3810 et
428 3759 491 3824 Reg.
