2642 4268
151 230 221 311 Aii'l'.
243 226 278 279 11.
299 227 494 294 caementa,
515 228 720 282 FUNEEEIOEES
739 233 778 282 El*
794 231 964 282 usuariam.
1012 223 1065 280 507

46 349 223 430 parochie,
235 349 441 412 celebrationi
453 351 557 412 cultus
570 350 668 412 divini
681 356 712 412 ct
724 351 962 414 necessitatibus
974 369 1063 436 pres-

46 449 237 528 byterorum
252 448 355 510 cidem
368 448 514 511 Ecclesiae
530 449 773 530 adscriptorum.
801 471 809 494 ³
904 471 918 485 '¹

108 548 181 609 588.
200 579 238 592 -
256 547 308 609 lll.
331 547 505 629 Episcopus
519 566 584 610 non
604 553 719 628 potest,
735 549 935 631 regulariter,
954 548 1063 630 dispo·

47 663 128 708 nere
137 645 175 708 de
184 645 397 708 oblationibus
409 646 503 710 unius
515 647 686 728 parochie,
697 653 734 710 ut
745 648 814 711 aliia
824 647 1000 730 parochiis,
1010 665 1065 709 seu

48 743 343 824 communitatibus,
374 745 500 810 cedant.
529 748 672 809 (lenones
695 752 839 810 statuunt
868 766 926 810 sua
951 746 1064 827 auique

46 841 198 906 Ecclesia
226 841 392 920 servanda,
416 863 476 906 nec
499 844 695 927 imponenda
723 865 791 908 esse
815 865 923 925 onera,
949 849 1065 927 praeter

48 959 142 1003 casus
151 940 225 1021 jure
239 942 424 1022 prefinitos,
440 942 554 1023 quibus
568 949 742 1023 graventur
758 943 929 1026 parochiae,
948 943 1066 1004 laedan·

47 1046 102 1103 tur
111 1039 186 1120 jura
199 1039 376 1103 titularium
390 1041 446 1123 qui
460 1061 517 1105 suo
534 1043 688 1106 beneficio
707 1043 826 1124 absque
842 1041 1065 1106 imminutione

46 1143 263 1220 proventuum
279 1139 375 1221 potiri
392 1141 520 1216 debent,
543 1147 578 1203 et
597 1160 647 1204 res
668 1142 731 1204 elio
748 1142 931 1204 deriventur
950 1145 1066 1220 prater

46 1237 260 1308 intentionem
277 1239 479 1322 donatorum,
1132 1237 1136 1243 ’

107 1336 221 1400 Utrum
245 1337 413 1400 communi
425 1336 492 1417 juri
515 1334 689 1421 Episcopus
711 1339 884 1420 aliquando
910 1338 1064 1418 derogare

45 1436 164 1512 valeat,
181 1440 214 1498 et
224 1454 274 1497 res
286 1437 383 1517 paulo
396 1435 488 1498 aliter
501 1437 666 1518 disponere
678 1439 719 1500 ob
732 1437 908 1519 peculiares
922 1436 1065 1500 locorum

47 1541 81 1598 et
100 1537 283 1616 temporum
308 1534 570 1612 circumstantias,
596 1537 796 1617 disputatum
816 1535 878 1598 fuit
900 1535 1065 1598 occasione

47 1632 159 1716 praxis
169 1651 240 1714 qua
254 1633 288 1695 in
304 1633 493 1696 dioecasibus
506 1634 660 1712 Galliae,·a
671 1639 814 1716 ternpore
823 1633 991 1696 instaurati
1003 1633 1066 1694 eul-

47 1739 102 1795 tus
117 1732 248 1814 publici,
264 1732 410 1808 invaluit,
423 1733 605 1796 reservandi
620 1739 741 1796 sextam
755 1739 880 1815 partem
894 1737 1066 1813 proventus

49 1831 219 1894 locationis
241 1831 363 1894 sedium
381 1831 523 1894 omnium
542 1831 754 1895 Ecclesiamm
773 1831 1016 1913 parochialium,
1032 1829 1066 1894 in

50 1930 189 2010 gratiam
203 1930 403 1992 sacerdotum
417 1928 628 2008 infirmorum,
642 1946 696 1993 seu
711 1937 804 1994 aetate
817 1930 1064 2004 debilitatorum,

50 2028 170 2109 quibus
184 2027 419 2091 administratio
431 2029 613 2092 dioecesana
625 2028 771 2110 providet
786 2031 808 2090 ¹.
828 2028 898 2090 Alia
909 2026 1017 2109 praxis
1033 2025 1066 2087 in

50 2127 214 2199 nonnullis
220 2127 313 2203 locis,
323 2128 498 2209 praesertim
505 2127 644 2204 Parisiis,
657 2125 805 2206 obtinuit,
814 2133 933 2214 certam
942 2133 1067 2206 partem

49 2226 250 2309 oblationum
269 2225 522 2289 ex'funeralibus
542 2227 795 2308 provenientium
813 2224 1011 2299 detrahendi,
1033 2229 1067 2285 ut
1171 2279 1174 2289 f

47 2325 124 2387 inde
143 2342 266 2389 summa
283 2325 429 2406 pecnnia
444 2325 621 2388 communis
636 2323 694 2407 (on
708 2325 800 2406 fonds
817 2323 963 2405 commun)
979 2340 1064 2386 com·

49 2427 205 2505 ponatur,
232 2424 274 2486 ad
299 2423 567 2500 subveniendum,
591 2443 685 2504 equa
711 2419 917 2506 proportione
941 2421 1066 2485 statutis

48 2523 195 2586 dioecesis
214 2527 334 2599 taxata,
351 2522 551 2603 singularum
570 2521 796 2604 parochiarum
814 2519 1063 2584 necessitatibus.

110 2623 153 2684 Ut
174 2622 315 2684 solvatur
335 2619 468 2702 quaestio
492 2621 669 2703 proposita,
693 2620 847 2684 nonnulla
866 2619 1064 2682 animadver-

46 2725 117 2783 tere
132 2725 281 2801 oportet:
395 2743 397 2748 ·
600 2791 602 2796 ,
950 2733 952 2744 ’

111 2820 144 2880 l⁰
157 2819 342 2900 Episcopus,
357 2819 409 2881 cui
423 2819 541 2881 Sancta
556 2819 652 2882 Sedes
667 2819 825 2882 commisit
835 2819 978 2900 regimen
993 2818 1068 2881 dice

48 2917 142 2996 cesis,
158 2917 191 2978 in
206 2915 470 2997 spiritualibusct
483 2917 516 2979 in
535 2918 774 2999 temporalibus,
786 2917 961 3004 providere
973 2914 1068 2994 debet

49 3015 186 3097 singulis
217 3015 373 3078 Ecclesiis·
387 3016 548 3093 dicecesiS,
582 3022 618 3077 ut
647 3015 765 3098 ubique
789 3032 866 3080 cura
889 3013 1067 3078 animarum

48 3115 220 3193 habeatur,
235 3119 269 3177 et
282 3114 452 3177 celebratio
468 3114 573 3177 cultus
587 3113 687 3176 divini
701 3112 904 3178 laudabiliter
918 3129 1066 3177 exercea-

48 3219 128 3276 tur:
149 3213 240 3294 ntqui
258 3213 440 3293 contingere
454 3217 560 3299 potest
577 3218 614 3275 ut
632 3212 722 3276 nulla
739 3214 803 3276 alia
820 3213 902 3277 ratio
919 3217 1068 3295 suppetat

51 3313 95 3375 ad
111 3311 362 3374 subveniendum
383 3311 634 3388 necessitatibus,
654 3319 769 3394 praeter
788 3319 907 3376 certam
921 3312 1066 3394 partitio·

49 3431 129 3474 nem
142 3409 341 3473 oblationum
357 3411 441 3473 inter
460 3411 619 3474 Ecclesiae
637 3426 708 3492 quae
723 3412 835 3492 opibus
855 3411 1019 3474 abundant
1037 3417 1068 3473 et

48 3516 183 3574 caeteras
194 3510 402 3593 pauperiores
416 3525 486 3592 quae
501 3511 562 3572 sibi
575 3511 718 3575 sufficere
732 3515 905 3592 nequeunt.
1014 3553 1016 3558 s

104 3725 126 3776 l.
142 3719 172 3775 it
186 3721 306 3774 Undecies
319 3718 461 3790 (abripere,
474 3727 539 3775 tom.
550 3721 583 3787 11,
595 3739 656 3789 pag.
671 3724 785 3777 Eli-tlt.
