2604 4274
150 269 229 318 ΛΒΤ.
252 270 274 316 Ι.
295 269 382 317 ORIGO
403 270 439 316 liT
459 269 559 318 sonui
577 270 671 318 DlVlNl
693 271 812 320 orricii.
942 265 994 320 389

98 391 176 446 tum
197 385 459 460 Ambrosianum,
477 386 550 447 data
568 387 719 448 facultate
732 387 848 448 celebri
866 406 994 450 monas·

99 483 153 543 bis
171 484 293 544 eodem
307 483 369 543 ritu
384 483 504 545 utendi.

98 581 173 658 rgia
191 579 356 642 Gallicana
367 581 466 656 venit,
474 581 568 661 juxta
581 583 671 655 alios,
688 583 728 643 ab
743 583 883 644 Ecclesia
896 585 997 646 orien-

98 698 164 758 rua
180 679 247 740 orti
262 680 388 740 fuerant
404 679 499 759 primi
516 698 676 758 praecones
691 681 766 741 lidei
786 681 841 759 qui
859 700 996 760 evange-

109 775 230 837 Galliis
246 777 510 855 praedicaverunt,
528 801 544 834 α
559 797 630 856 quae
645 778 828 857 conjectura
843 779 995 858 probabi-

98 893 152 935 ion
179 879 282 949 caret,
307 898 323 930 «
343 874 387 934 ait
410 875 520 936 Editor
543 894 675 955 operum
696 877 732 937 Β.
754 877 926 952 Thomasii,
956 878 995 937 ob

98 992 144 1032 rm
159 971 405 1033 similitudinem
421 991 517 1051 quam
531 973 658 1051 praefert
674 992 747 1035 oum
762 972 897 1051 liturgiis
911 975 996 1036 orae-

98 1071 127 1131 ¹.
149 1070 252 1131 Juxta
274 1087 348 1131 vero
371 1070 461 1144 alios,
485 1070 575 1131 nulla
594 1071 658 1131 alia
678 1070 738 1132 fuit
756 1069 888 1148 liturgia
901 1091 997 1151 quam

98 1167 218 1240 atinae,
236 1168 277 1228 ab
293 1167 423 1228 exordio
444 1167 592 1229 Ecclesiae
608 1168 649 1228 ad
669 1168 816 1248 quintum
832 1168 994 1232 saeculum.

98 1269 196 1326 utem
207 1265 311 1326 visum
326 1265 421 1325 fuerit
431 1269 646 1344 opportunum
656 1271 692 1326 ut
701 1270 791 1326 vetus
803 1265 934 1345 liturgia
946 1286 995 1327 ra·

98 1362 997 1442 mmfflmffimwmwmwmmfflmffl

98 1461 238 1539 igiorem
250 1479 343 1539 aequo
359 1461 545 1536 reddebant,
564 1483 578 1518 u
587 1461 620 1522 id
633 1461 774 1522 muneris
791 1461 927 1541 suscepit
941 1463 997 1522 Ge-

98 1561 208 1636 tPapa
218 1575 277 1638 pro
288 1557 390 1635 Italia,
406 1564 501 1637 atque
512 1557 557 1618 ita
567 1559 638 1619 orta
653 1564 700 1620 est
710 1558 805 1619 missa
823 1559 997 1621 seeundum

98 1675 157 1716 rem
180 1656 393 1717 Gelasianum.
415 1656 446 1716 S.
469 1656 636 1734 Gregorius
664 1656 780 1717 iterum
802 1675 881 1735 opus
904 1657 997 1718 Gela-

98 1753 255 1827 culcavit,
279 1754 380 1814 multa
400 1753 533 1828 addidit,
557 1753 701 1828 mutavit,
728 1753 865 1827 sustulit,
902 1760 997 1834 atque

98 1852 258 1930 profectus
271 1857 318 1912 est
332 1850 406 1911 ordo
421 1851 582 1912 comanus.
601 1853 633 1914 S.
651 1850 835 1912 Ambrosius
850 1852 997 1912 eamdem

98 1949 273 2011 idationem
292 1967 422 2010 exorsus
446 1956 503 2026 est,
523 1953 619 2028 atque
637 1949 881 2010 Ambrosianam
904 1967 998 2029 pepe·

98 2047 241 2125 >urgiam.
257 2048 392 2108 Musaeus
406 2051 438 2107 et
453 2046 600 2108 Sidonius
614 2045 806 2124 Apollinaris
817 2045 903 2107 idem
928 2047 994 2107 sine

104 2144 302 2222 dubitatione
325 2163 384 2224 pro
407 2144 508 2204 Gallia
531 2147 561 2204 et
584 2144 750 2204 Germania
769 2144 995 2222 praestiterunt,

116 2247 206 2302 vetus
221 2242 317 2302 missa
331 2241 494 2302 Gallicana
512 2246 623 2302 exorta
637 2245 696 2315 est,
713 2240 739 2300 si
754 2240 849 2301 modo
869 2259 888 2301 a
904 2242 996 2301 Gela-

99 2365 105 2400 Ι
123 2339 247 2401 differat
258 2337 281 2400 ².
299 2363 313 2394 »
337 2339 496 2418 Quidquid
518 2339 568 2414 sit,
590 2339 758 2399 indubium
778 2344 826 2398 est
843 2339 996 2399 Ecclesias

98 2455 159 2496 um
172 2435 319 2498 habuisse
335 2441 407 2497 ante
420 2436 568 2498 Garolum
582 2436 732 2514 Magnum
747 2435 826 2495 ritus
840 2435 873 2494 in
888 2435 996 2496 multis

99 2535 152 2595 iles
168 2553 186 2594 a
200 2534 358 2610 Romania,
376 2533 542 2613 exquibus
556 2533 703 2595 nonnulli
717 2531 898 2612 analogiam
915 2551 996 2611 prae-

100 2637 131 2691 nt
155 2651 225 2693 cum
247 2632 360 2692 ritibus
388 2631 606 2694 orientalibus.
638 2631 846 2704 Ouandonam
876 2630 996 2692 abolita

100 2731 161 2790 lraec
174 2729 300 2808 liturgia
314 2728 476 2790 Gallicana
490 2747 566 2790 mox
579 2729 702 2791 dicetur
714 2729 738 2790 ³.

101 2827 187 2905 urgia
210 2825 333 2890 Gothico
351 2826 536 2889 servabatur
554 2826 631 2889 olim
653 2827 686 2888 in
701 2828 853 2908 Hispania
879 2846 887 2889 ε
905 2846 997 2889 suum

101 2974 207 3024 homasii
223 2988 311 3038 opor-a,
323 2977 389 3026 tom.
403 2975 446 3037 vl,
460 2974 547 3038 pret,
566 2983 598 3026 n⁰
615 2989 677 3026 xxv.
692 2974 741 3026 Ed.
760 2975 822 3026 date
841 2975 931 3026 studio
954 2976 996 3025 Fr.

101 3065 114 3099 l.

101 3125 156 3190 lard.
170 3128 246 3187 Bona,
258 3130 323 3177 tom.
335 3126 380 3188 ΙΙΙ,
390 3125 559 3191 Appendices,
574 3129 587 3186 ξ
599 3127 622 3176 6.

101 3202 130 3258 ui
141 3201 273 3266 aliqualem
288 3203 412 3253 notitiam
426 3201 524 3251 veteris
536 3201 652 3266 liturgiae
667 3202 810 3253 Gallicana
826 3201 877 3252 sihi
889 3214 998 3265 compa·

102 3276 183 3337 luerit,
194 3281 276 3342 potest
290 3277 381 3328 videre
395 3277 500 3328 Missute
511 3278 678 3338 Francorum,
692 3281 719 3328 et
735 3278 900 3328 Gallicanum
916 3278 997 3338 vetus,

102 3353 210 3403 lidorunt
222 3355 285 3406 Veu.
302 3354 441 3415 Thomasi,
454 3356 520 3403 tom.
538 3353 573 3402 Vl
582 3368 588 3416 ;
603 3353 681 3403 card.
697 3355 779 3414 Bona,
796 3356 863 3404 tom.
879 3355 900 3415 Ι,
916 3353 962 3404 ΙΙΙ).
975 3353 997 3413 Ι,

102 3429 296 3491 13llabillo'nius,
313 3429 345 3478 de
362 3430 484 3494 liturgia
500 3428 648 3490 Gallicana,
663 3429 710 3479 lib.
727 3430 771 3479 ΙΙΙ.
789 3429 897 3479 Lebrun
913 3431 1000 3480 multa

102 3519 118 3554 'e
132 3505 251 3566 disseruit,
261 3506 289 3554 in
299 3504 367 3556 libro
378 3505 545 3568 Explication
556 3505 587 3554 de
597 3504 624 3554 tc
633 3519 722 3566 messe,
731 3508 797 3555 tom.
810 3506 843 3566 ΙΙ,
852 3504 957 3555 dissert
969 3517 997 3566 ΙΙ,

106 3579 198 3630 Ibidem
210 3581 321 3644 reperies
330 3581 456 3631 notiones
470 3580 503 3631 de
513 3579 623 3645 liturgic
633 3580 807 3642 Mozarabica,
823 3594 885 3632 cum
896 3579 998 3630 Misscli

101 3670 124 3706 o.
141 3656 174 3706 Gi.
193 3658 221 3708 L
238 3656 416 3718 marchesilis
437 3657 554 3722 Liturgie
574 3657 704 3722 gallicane
721 3656 786 3708 dans
806 3656 842 3707 les
863 3656 921 3707 tuit
937 3669 998 3737 pre-

103 3747 118 3783 rr
115 3731 175 3784 ‘teter
187 3732 214 3784 de
227 3717 355 3798 ticine,
348 3747 377 3786 m
387 3735 425 3797 80,
440 3747 483 3787 an.
500 3735 571 3787 1869.

811 3836 847 3893 22
