2604 4274
191 222 255 268 ΛΒΤ.
279 221 312 268 ll.
333 222 385 268 Jle
405 221 598 268 lusvlrltultbl
618 220 717 268 ltlvtllt
735 221 833 269 blvltll
853 220 972 268 osslcll.
1035 211 1088 266 407

40 337 201 398 andem
216 337 299 412 libri,
313 337 426 416 quibus
441 337 570 399 edendis
586 355 699 417 operas
711 339 884 412 navabant,
901 337 1088 400 aveteribus
1134 397 1136 402 ,

38 433 163 497 ‘alde
178 435 294 496 diversi
306 435 473 497 evaserint.

87 533 253 594 Ecclesia
261 535 405 594 Romana
416 532 563 594 toleravit
571 533 611 594 ad
621 539 759 614 tempus,
768 553 809 594 ne
820 533 980 612 graviores
991 553 1086 596 exur-

34 635 179 705 gerent
187 631 398 707 difficultates,
409 631 837 711 sednunquamapprobavit,
846 632 1087 694 banolibrorum

35 725 290 808 iturgieorum
312 729 581 806 reformationem,
606 730 682 809 quin
702 729 809 808 potius
820 730 1085 804 immutationem,

30 824 84 886 ie
105 845 183 906 qua
197 827 364 907 Gregorius
379 828 458 900 XVI,
475 845 527 891 an.
549 827 640 903 1842,
653 827 686 888 in
699 827 842 906 Epistola
854 828 895 890 ad
915 828 1009 889 Arch.
1028 830 1085 890 Re-

28 940 221 999 mensem,
233 925 456 986 animadvertit
472 925 588 986 «Pium
601 927 628 988 V
640 927 826 987 costantum
838 927 878 986 ab
890 925 1085 1004 obligatione

29 1045 51 1074 «
73 1022 250 1084 Breviarii
265 1022 438 1084 etMissalis
448 1023 572 1084 romani
587 1023 841 1102 recipiendorum
850 1029 1013 1102 exemptos
1027 1043 1084 1086 vo·

27 1119 202 1194 «luisse,
224 1121 279 1200 qui
298 1140 317 1182 a
336 1121 384 1180 bis
397 1126 522 1182 centum
547 1123 659 1182 saltem
678 1121 769 1182 anuis
784 1121 831 1181 uti
855 1126 1085 1182 consueverant

30 1243 54 1272 α
70 1219 255 1280 Breviario
275 1225 306 1280 et
319 1219 437 1280 Missali
457 1221 497 1281 ab
512 1220 574 1281 illis
587 1220 712 1282 diverso
726 1239 733 1295 ;
750 1224 786 1282 ut
800 1221 860 1299 ipsi
874 1239 939 1281 non
956 1219 1085 1299 quidem

29 1340 54 1372 «
71 1322 291 1378 commutare
301 1317 416 1378 iterum
426 1324 521 1397 atque
529 1318 645 1379 iterum
652 1317 782 1378 arbitrio
798 1337 854 1379 suo
869 1317 968 1379 libros
978 1316 1087 1397 hujus·

31 1437 54 1468 «
74 1415 194 1490 modi,
206 1415 261 1475 sed
277 1415 390 1494 quibus
402 1416 584 1492 utebantur,
598 1416 624 1476 si
640 1416 766 1489 vellent,
778 1415 913 1476 retinere
924 1421 1080 1495 possent.»

29 1511 244 1574 Declaravit
261 1511 361 1590 igitur
375 1513 406 1574 S.
425 1513 521 1574 Sedes
536 1531 593 1592 per
607 1515 639 1579 S.
657 1513 754 1590 Gong.
771 1507 899 1574 Rituum
911 1512 1084 1592 Episcopos

36 1629 122 1671 non
153 1628 246 1689 posse
268 1610 403 1671 retinere
422 1611 453 1671 v'i
471 1611 570 1672 Bullae
591 1613 624 1674 S.
642 1611 691 1671 Pii
710 1611 737 1672 V
755 1629 813 1671 sua
834 1611 949 1690 quibus
965 1603 1086 1671 'recens

35 1708 237 1768 utebantur
263 1707 403 1770 Missalia
433 1714 465 1769 et
491 1708 663 1781 breviaria,
694 1713 803 1788 utpote
832 1708 1083 1770 substantialiter

40 1803 220 1869 diversae
234 1805 322 1866 libris
337 1823 416 1885 quos
430 1805 559 1866 illorum
570 1811 783 1867 antecessores
791 1805 1093 1867 habebantsaeculis‘

41 1903 243 1982 praeteritis.
265 1903 373 1984 Neque
389 1903 515 1964 aliunde
536 1903 774 1965 concedendum
790 1903 946 1985 judicavit
965 1904 1085 1965 eisdem

44 2001 228 2080 Episcopis
237 2006 636 2063 utreassumerentvetcres
644 2001 715 2063 illos
723 2002 820 2063 libros
831 2001 994 2079 liturgicos
1004 2020 1084 2080 quos

46 2100 139 2160 olim
159 2099 356 2174 dimiserant,
377 2101 536 2180 siquidem
562 2100 664 2178 magis
682 2107 897 2180 opportunum
917 2100 1021 2161 visum
1037 2104 1084 2160 est

48 2197 213 2258 inducere
228 2197 478 2259 uniformitatem
500 2217 571 2278 quae
594 2216 719 2278 semper
733 2197 792 2258 fuit
808 2198 841 2257 in
856 2197 937 2258 votis
958 2199 1082 2260 Sanclae

49 2295 210 2356 Ecclesiae
222 2296 383 2372 Romanae,
397 2296 443 2355 uti
454 2295 662 2376 explicavilS.
677 2294 884 2372 Gongregatio
898 2294 931 2354 in
941 2293 1083 2374 Epistola

53 2391 122 2453 dici
136 2393 157 2452 8
173 2393 311 2470 augusti,
328 2411 379 2454 an.
398 2392 487 2468 1856,
504 2393 545 2454 ad
558 2393 649 2454 card.
666 2392 761 2454 Arch.
778 2392 978 2453 Bizuntinum
995 2391 1019 2452 ¹.

120 2491 201 2552 Cum
223 2490 320 2572 igitur
340 2491 496 2552 Praesules
518 2491 619 2552 nostri
651 2489 810 2551 audierint
833 2507 906 2570 suas
926 2487 1083 2550 Ecclesias

57 2588 226 2664 excidisse,
244 2587 286 2648 ob
299 2588 491 2668 multiplices
505 2588 697 2650 variationes
711 2588 743 2649 in
757 2605 830 2649 suos
844 2587 942 2648 libros
956 2586 1081 2665 liturgi-

58 2705 113 2748 cos
128 2687 288 2761 inductas,
304 2705 323 2748 a
338 2685 503 2766 privilegio
517 2685 581 2748 suis
595 2685 880 2767 praedecessoribus
893 2704 952 2766 per
966 2685 1081 2747 consti·

57 2785 199 2846 tationes
212 2784 244 2845 S.
257 2784 340 2846 PiiV
351 2785 494 2864 quaesito,
506 2789 538 2846 et
550 2785 673 2848 Summi
679 2783 843 2846 Pontificis
852 2789 962 2845 votum
973 2785 1085 2844 arden·

59 2881 219 2943 tissimum
242 2900 309 2942 esse
333 2883 419 2962 quod
441 2901 513 2944 suas
537 2883 688 2944 dioeceses
708 2883 748 2944 ad
769 2883 924 2943 unitatem
945 2881 1082 2960 liturgiae

61 2979 214 3042 Romanae
228 2981 463 3060 quamprimum
477 2981 681 3054 adducerent,
699 2986 883 3060 promptum
896 2979 1002 3040 filialis
1017 2995 1082 3041 suoe

62 3077 247 3138 reverentie
267 3079 456 3158 obsequium
473 3079 701 3158 praestitcrunt.'
717 3079 1082 3140 Ecclesiamllomenam

62 3175 215 3251 venerati,
234 3181 388 3255 tanquam
408 3175 551 3237 omnium
571 3174 773 3253 liturgiarum
791 3173 1034 3236 moderatricem
1052 3179 1082 3234 et

63 3291 221 3348 normam,
245 3272 326 3332 nihil
352 3274 490 3334 sanctius
512 3272 704 3345 habuerunt,
732 3290 827 3350 quam
851 3278 886 3333 ut
910 3289 1040 3350 eaquae
1064 3289 1083 3334 a

64 3371 119 3432 Pio
138 3371 179 3432 lx
198 3377 349 3453 exoptata
366 3375 467 3446 erant,
484 3376 665 3450 satagerent
683 3371 848 3450 perficere,
866 3353 1081 3449 relinquentes
1116 3417 1119 3422 .

111 3565 133 3612 l.
152 3562 237 3625 Epist.
259 3576 291 3612 ex
313 3563 418 3628 integro
438 3562 554 3614 refertur
572 3563 602 3613 in
624 3561 831 3643 Praleetiooibee
854 3561 885 3612 D.
901 3561 934 3612 de
959 3561 1081 3628 Angelis,

70 3641 109 3693 tit.
122 3643 184 3705 XLI,
195 3642 243 3692 lib.
257 3644 301 3704 lll,
317 3656 378 3708 pag.
393 3645 448 3694 318.
