2604 4274
170 319 223 374 iifl
372 353 375 360 ι
433 323 506 372 PARS
525 322 574 372 ill·
593 324 649 372 RES
669 323 912 372 ructustlsrlcu.

167 462 219 503 an.
237 443 330 514 lusu
353 439 496 502 ltubricae
514 439 547 499 in
567 439 686 499 missali
699 439 823 500 insartae
841 457 848 499 :
865 437 954 499 utras
970 435 1133 498 seruandus
1145 435 1180 496 in

169 539 267 602 Celrb.
289 537 398 613 Missa,
413 541 428 615 ξ
445 539 487 614 t.)
500 571 540 583 -
554 536 735 600 consecrari
751 537 865 597 debent
885 536 925 596 ab
940 535 1097 614 Episcopo
1122 533 1179 612 qui

164 637 279 697 harum
299 634 554 697 benedictionum
575 653 700 708 munus,
728 639 881 712 quatenus
904 633 1052 694 unctione
1074 630 1179 692 sancti

164 733 343 795 chrismatis
379 732 598 813 perficiuntur,
635 731 727 792 nulli
754 731 940 810 presbytero
979 729 1180 792 committere

164 837 279 911 potest.
299 831 552 893 vetustissimum
567 830 652 891 hunc
666 848 788 890 morem
803 828 943 907 ungendi
958 827 1071 890 calices
1086 845 1179 888 sacro

161 928 332 990 chrismate
345 930 441 989 refert
453 929 495 990 ad
508 927 693 989 traditiones
702 927 895 1006 apostolicas
904 925 1107 994 Innocentius
1121 926 1176 998 ΙΙΙ,

161 1043 233 1105 cap.
249 1025 325 1088 Cum
339 1025 475 1102 venisset,
493 1027 522 1101 l,
539 1041 578 1086 uu
593 1025 692 1088 Suum
703 1027 871 1088 chrrouu.
887 1057 926 1068 -
938 1020 1057 1086 thices
1070 1028 1103 1084 ct
1117 1041 1176 1102 pa-

162 1128 243 1184 tenae
269 1129 472 1184 exsecrantur
495 1123 623 1202 quando
651 1123 872 1199 immutantur,
897 1121 947 1183 vel
968 1122 1174 1200 franguntur,

160 1221 242 1282 adeo
263 1225 299 1282 ut
317 1220 467 1282 inservire
482 1219 618 1299 amplius
640 1239 704 1282 non
726 1219 847 1299 possint
868 1224 980 1280 sancto
1001 1217 1175 1292 sacrifici03

160 1323 239 1398 puta
251 1318 277 1378 si
287 1319 496 1398 perforentur,
510 1319 562 1379 vel
574 1318 600 1378 si
610 1337 716 1397 cuppa
731 1317 837 1379 calicis
853 1317 1027 1396 apedeuui
1036 1317 1173 1392 lixaest,

160 1434 218 1494 per
232 1416 418 1478 fractionem
429 1415 609 1490 divellatur,
623 1416 673 1478 uel
685 1416 814 1477 tandem
828 1415 855 1476 si
866 1433 940 1494 pars
951 1413 1083 1475 interior
1098 1413 1175 1475 cali·

158 1511 204 1574 eis
218 1513 274 1574 aut
287 1515 399 1592 cuppa
414 1513 613 1575 auratiorem
626 1513 762 1588 amittat,
775 1519 871 1592 prout
884 1529 1071 1591 responsum
1080 1511 1141 1574 fuit
1155 1529 1177 1570 a

162 1610 193 1673 S.
211 1599 472 1688 Congregatione,
496 1611 546 1671 die
562 1611 600 1669 lt
617 1610 712 1690 junii,
730 1630 782 1671 an.
806 1611 896 1683 1845,
916 1610 949 1670 in
971 1627 1067 1672 causa
1091 1611 1172 1670 Leo·

159 1705 271 1782 riensi,
290 1727 321 1768 n.
336 1709 425 1770 sorr.
741 1695 743 1698 ’

217 1805 350 1877 Quando
360 1805 443 1866 calix
454 1806 572 1869 fractus
587 1811 644 1882 est,
657 1811 712 1868 aut
721 1805 878 1868 internam
889 1804 1030 1885 perdidit
1037 1793 1169 1866 inaura-

157 1901 361 1978 tionem,nou
372 1908 476 1982 potest
484 1903 515 1962 in
527 1903 622 1964 sacris
631 1904 832 1965 conficiendis
842 1902 998 1982 mysteriis
1006 1902 1167 1976 adhiheri3

154 1999 325 2060 cumcuim
339 1997 474 2061 formam
490 2000 628 2062 amiserit
641 2001 675 2061 in
688 2019 751 2080 qua
766 2019 855 2061 sacer
867 2005 1012 2062 evaserat
1021 1999 1165 2079 precibus

154 2102 188 2158 et
208 2096 320 2158 ritibus
337 2097 566 2174 ecclesiasticis,
584 2099 852 2160 consecrationem
867 2117 932 2160 non
947 2104 1067 2173 servut3
1087 2115 1164 2177 qua·

158 2200 291 2274 propter
304 2196 386 2256 tradi
397 2202 502 2275 potest
517 2197 631 2258 artifici
647 2203 683 2256 nt
695 2196 865 2270 reficiatur,
885 2197 941 2256 adt
955 2196 1118 2258 fundatur.
1137 2194 1168 2255 Si

152 2298 262 2355 autem
276 2294 411 2355 formam
422 2293 631 2355 neeessariam
640 2311 705 2354 nou
717 2293 868 2367 amiserit,
885 2293 1167 2372 sedopportunum

154 2388 300 2452 videatur
313 2391 404 2452 illurn
422 2410 462 2452 ex
480 2389 595 2470 majori
612 2391 755 2452 decentia
769 2389 914 2470 expoliri,
931 2395 963 2452 et
975 2390 1061 2450 intus
1073 2389 1166 2450 inau-

154 2488 228 2565 rari,
246 2481 409 2550 adeundus
424 2493 471 2550 est
483 2489 668 2568 Episcopus
684 2488 735 2550 vel
746 2488 827 2550 alter
840 2488 991 2568 praelatus
1005 2487 1068 2548 loci
1080 2487 1165 2548 ordi·

152 2585 270 2659 narius,
288 2586 345 2665 qui·
363 2604 421 2666 per
434 2587 564 2648 modum
584 2586 836 2666 dispensationis,
853 2588 1015 2667 permittat
1034 2586 1165 2648 calicem

72 2679 77 2686 ’
149 2682 324 2743 artificibus
342 2684 435 2759 tradi,
451 2701 515 2745 non
532 2684 617 2746 enim
634 2685 723 2747 laicis
736 2687 785 2769 las
803 2691 850 2746 cst
864 2703 956 2747 sacra
976 2703 1052 2746 vasa
1066 2703 1162 2746 manu

149 2784 346 2841 contrectare
359 2783 382 2844 ¹.
397 2781 635 2861 Dispensatione
649 2800 729 2862 opus
741 2800 805 2843 nou
820 2786 876 2856 cst,
895 2783 921 2842 si
934 2799 991 2862 pes
1004 2782 1162 2844 duntaxat

150 2876 257 2937 calicis
271 2878 477 2956 expoliendus
494 2886 527 2940 ct
544 2879 739 2940 inaurandus
759 2879 811 2956 sit,
832 2885 864 2940 et
876 2879 985 2959 'possit
1003 2877 1129 2958 sejungi
1143 2897 1162 2939 a

150 2992 257 3053 cuppa
270 2973 336 3035 sine
351 2975 499 3036 fractura.

210 3071 248 3133 ΙΙ.
265 3072 425 3133 Cihorium
442 3077 473 3132 et
493 3071 585 3152 pyxis
604 3072 816 3134 destinataad
836 3073 1110 3136 conservationem
1128 3079 1161 3135 ct

148 3169 377 3248 expositionem
389 3174 506 3231 sanctae
520 3169 736 3247 Eucharistiae,
756 3189 820 3232 nou
835 3177 1061 3233 consecrantur
1079 3189 1158 3234 unc·

149 3266 238 3327 tione
251 3263 447 3340 chrismatis,
470 3267 524 3328 sed
544 3267 681 3346 simplici
701 3267 933 3344 benedictione,
956 3285 1027 3348 quae
1051 3275 1158 3330 tamen

151 3370 330 3426 reservatur
343 3365 510 3445 Episcopo.
842 3362 847 3370 '

207 3462 259 3524 ΙΙΙ.
275 3463 383 3524 Lintea
397 3480 467 3541 quae
477 3461 608 3540 propius
620 3462 795 3524 inserviunt
807 3463 971 3537 sacrificio,
984 3463 1133 3524 nimirum
1147 3479 1154 3524 :

148 3576 275 3638 mappae
292 3547 410 3632 altaris,
435 3559 622 3640 corporalia,
643 3561 749 3639 pallae,
768 3561 995 3641 purificatoria,
1014 3579 1078 3622 non
1096 3560 1156 3622 alia

196 3703 219 3748 l.
231 3699 270 3749 Cl.
280 3701 481 3752 curculionem
495 3701 644 3752 collectoris
657 3700 827 3755 decretorum
836 3704 863 3756 S.
874 3704 901 3755 C.
914 3705 1025 3758 Rittium
1038 3703 1072 3754 ud
1086 3701 1154 3754 deci·

145 3773 251 3823 sionem
266 3773 319 3824 dici
333 3776 362 3824 28
377 3777 453 3839 april.
469 3790 512 3828 an.
529 3777 598 3838 1822,
613 3785 645 3826 n0
662 3779 731 3828 1588.
