2632 4260
185 252 201 303 4
507 260 582 308 rsus
602 260 635 306 ll.
659 260 697 306 nr
717 258 873 306 erasurus.

185 373 218 433 in
228 389 292 452 quo
301 374 341 435 de
353 374 448 436 rebus
462 373 758 455 supernaturalibus
772 377 948 436 versantur.
963 372 1127 453 Optimum
1140 371 1201 460 igig

185 475 238 532 tur
251 471 417 534 eonsilium
429 471 541 534 ineunt
556 472 716 552 principes
731 469 909 548 christiani,
930 469 1059 550 quando
1072 469 1118 532 ita
1131 474 1200 530 stu-

186 569 261 630 dent
285 587 389 633 eausa
412 569 586 651 religionis,
612 570 701 632 utin
723 569 809 632 illius
831 568 1046 632 defensionem
1070 573 1202 632 coeteros

187 666 344 748 principes
358 667 501 749 gentium
515 668 692 742 infidelium
707 669 864 732 adducere
877 672 1011 731 tentent.

243 767 313 828 Non
330 765 429 829 habet
448 769 530 830 vero'
543 767 685 830 Ecclesia
698 771 888 848 potestatem
903 765 1126 846 legislativam,
1143 784 1202 827 nec

185 863 386 927 coercitivam
399 865 433 926 in
446 864 605 942 infideles3
618 865 774 948 siquidem
785 884 849 928 non
864 870 938 927 sunt
951 865 1097 927 membra
1105 858 1212 930 socie-f

184 960 259 1024 tatis
271 963 462 1026 christiane.
477 965 513 1028 ln
527 964 678 1028 societate
691 964 788 1042 civili,
805 962 959 1044 subJ‘ectio
974 962 1076 1026 oritur
1090 982 1129 1026 ex
1143 981 1202 1024 na·

185 1060 317 1139 tivitate,
332 1061 424 1124 liberi
439 1062 522 1124 enirn
538 1069 657 1126 statum
672 1071 703 1127 et
718 1061 933 1127 conditionem
947 1063 1047 1142 patris
1061 1080 1200 1144 sequun-

186 1164 253 1234 tur;
270 1165 427 1241 expecto,
447 1180 501 1224 seu
516 1163 696 1242 receptione
711 1161 850 1226 hominis
867 1161 923 1243 qui
937 1161 986 1224 sui
994 1160 1076 1242 juris
1090 1167 1153 1235 est3
1170 1165 1204 1222 et

186 1275 225 1318 ex
237 1257 408 1334 domicilio,
425 1278 482 1322 seu
496 1260 695 1324 habitatione
718 1278 727 1324 τ
750 1260 784 1324 in
802 1259 958 1324 ,societate
978 1265 1087 1323 autem
1106 1259 1204 1322 chris·

186 1355 286 1432 tiana,
297 1356 451 1438 subjectio
467 1376 531 1421 non
545 1358 637 1422 aliter
650 1358 753 1422 oritur
769 1377 866 1440 quam
880 1375 919 1420 ex
933 1358 1098 1422 nativitate
1109 1355 1203 1438 spiri·

187 1454 267 1516 tuali
280 1473 361 1536 ,quer
381 1461 580 1520 sacramento
602 1457 853 1537 regenerationis
875 1456 1019 1521 efficitur.
1046 1455 1205 1531 Quamdiu

95 1603 98 1606 .
187 1551 321 1632 proinde
337 1553 435 1617 homo
449 1561 683 1634 sacramentum
697 1556 851 1637 Baptismi
865 1575 930 1620 non
943 1555 1092 1636 suscepit,
1103 1571 1208 1616 rema·
1312 1569 1313 1576 ¹

188 1656 242 1713 net
256 1657 347 1714 extra
362 1670 477 1732 eorpus
489 1653 647 1730 Ecclesiae,
665 1655 815 1736 potestati
829 1655 862 1718 in
876 1654 934 1718 illa
948 1654 1127 1718 constitutas
1139 1670 1206 1714 non

188 1747 358 1830 subjectus.
371 1751 419 1813 lta
428 1752 570 1815 sentiunt
578 1753 789 1816 communiter
798 1755 945 1818 doctores
952 1750 1113 1828 catholici,
1124 1769 1206 1832 quo·

188 1865 258 1909 rum
266 1848 445 1912 doctrinam
453 1852 622 1914 confirmat
630 1853 799 1915 concilium
809 1850 1208 1916 Tridentinumindecreto

139 2001 145 2014 .
188 1946 244 2008 ubi
261 1947 400 2011 dicitur:
421 1948 590 2012 «Ecclesia
606 1951 639 2012 in
656 1951 816 2015 neminem
830 1949 987 2032 judicium
1007 1953 1133 2013 exercet
1151 1946 1208 2032 qui

193 2064 286 2108 enon
301 2046 389 2128 prius
398 2044 432 2109 in
441 2046 544 2129 ipsam
555 2068 613 2130 per
621 2050 773 2132 baptismi
781 2050 917 2132 januam
926 2048 1022 2113 fuerit
1033 2049 1206 2128 ingressus.

190 2167 206 2202 o
228 2143 308 2222 Quid
322 2146 401 2207 enim
419 2146 505 2223 mebi,
521 2147 626 2229 inquit
643 2149 827 2231 Apostolus,
848 2147 885 2212 de
903 2149 942 2212 r'r‘a
961 2148 1016 2230 qui
1035 2147 1114 2229 soris
1136 2155 1211 2208 sunt

190 2241 375 2324 “jndifflffl-
392 2267 407 2300 ”
427 2245 521 2326 (5688·
543 2248 622 2322 XIV,
643 2267 702 2327 oap
723 2247 771 2330 ιι.)
794 2249 864 2312 Non
888 2247 958 2310 aliis
978 2245 1077 2326 igitur
1095 2243 1210 2308 mediis

188 2347 294 2422 potest
307 2343 453 2406 homines
465 2345 521 2425 qui
535 2345 612 2406 foris
626 2352 701 2408 sunt
716 2347 757 2410 ad
769 2365 803 2408 se
816 2346 992 2421 attrahere,
1014 2362 1111 2425 quarn
1131 2343 1210 2406 doc⁴

188 2440 283 2518 tn‘na,
296 2441 453 2522 patientia
467 2448 499 2505 et
513 2442 674 2524 precibus3
686 2445 841 2524 obligatio
854 2445 939 2508 enim
954 2442 1007 2508 oui
1020 2459 1132 2506 omnes
1149 2441 1211 2504 ho·

190 2539 291 2602 mines
310 2540 490 2601 subduntur
511 2541 663 2605 credendi
683 2543 870 2623 Evangelio,
897 2543 998 2606 fldem
1018 2540 1211 2605 catholicam

190 2635 372 2724 profitendi,
386 2657 451 2700 non
465 2638 612 2702 innititur
621 2641 695 2723 jure
710 2643 866 2706 eanonico
880 2639 963 2724 (quis
977 2657 1120 2721 unquam
1133 2637 1213 2701 talia
1237 2699 1245 2716 ,

191 2735 355 2818 audivitl),
370 2736 426 2800 sed
440 2736 511 2818 jure
525 2737 643 2802 divino.
759 2791 762 2796 .

249 2833 401 2898 Nonnulli
415 2835 471 2917 qui
483 2835 653 2900 voluerunt
663 2838 921 2920 jurisdintlouem
936 2837 1138 2902 coercitivam
1149 2837 1211 2896 Ec·

189 2931 293 2997 ctesias
307 2933 455 3015 protendi
466 2934 500 2996 in
514 2934 669 3025 inddeles,
684 2938 876 3015 citaverunt,
887 2937 935 3000 uti
943 2937 1135 3016 argumenta
1146 2949 1213 2994 suas

190 3033 353 3096 sententiar
362 3033 513 3112 faventia,
525 3034 612 3098 bella
624 3037 683 3097 sub
693 3037 813 3100 vexillo
826 3036 929 3100 crucis
941 3038 1089 3114 suscepta
1100 3036 1215 3094 contra

190 3127 445 3207 blahumetanos,
461 3131 588 3211 etleges
599 3152 671 3216 quae
684 3133 717 3198 ln
731 3137 871 3217 Corpore
883 3133 976 3215 juris,
993 3132 1052 3196 sub
1066 3128 1159 3192 titulo
1174 3145 1215 3190 ns

191 3227 305 3292 Junms
320 3231 576 3307 nrsnnsucsnrs,
592 3230 814 3307 includuntur;
827 3234 883 3298 sed
893 3231 975 3294 nihil
985 3249 1024 3293 ex
1036 3227 1140 3306 bellis,
1156 3245 1216 3289 nec

192 3344 231 3387 ex
246 3328 419 3389 canonibus
434 3327 581 3414 adductis
592 3331 862 3396 concludendum.
879 3330 968 3393 Bella
979 3333 1092 3391 contra
1104 3325 1217 3390 Mohu-

194 3429 339 3487 melanos
352 3432 385 3489 et
396 3426 588 3490 Sarracenos
600 3447 665 3490 non
675 3431 763 3492 fuere
776 3435 866 3492 actus
877 3424 1109 3510 jurisdictionis
1118 3422 1218 3487 eecle-

195 3518 1214 3608 siastioa;haberipotiusdebentuteicrcitiumjurisnaturalls,

196 3622 281 3702 quod
295 3621 476 3687 christianis
493 3629 580 3712 certe
592 3625 707 3705 iuerat,
724 3627 857 3693 arcendi
871 3622 1054 3691 barbariem
1070 3617 1215 3702 genuum

197 3725 377 3782 exterarum
398 3738 468 3799 quae
487 3721 701 3802 Europaanas
720 3726 867 3806 regiones
886 3718 1037 3786 invadere
1057 3715 1216 3778 eontbcn·
