2604 4274
195 275 248 332 440
457 286 531 334 PARS
551 287 598 334 lll.
621 289 678 336 RES
698 287 938 336 ucctastttttcn.

163 463 166 472 ,
195 419 289 479 super
303 420 366 462 non
381 407 428 464 est
440 403 516 481 quid
531 403 709 482 physicum,
733 404 788 464 sed
806 403 943 477 morale;
957 417 1045 478 ergo,
1061 397 1146 458 nihil
1161 415 1220 458 re·
1297 421 1298 424 ¹

196 499 257 559 sert
265 498 305 560 ad
313 500 581 561 consecrationem
593 501 618 560 si
629 505 712 562 tecta
719 501 958 573 comburantur,
972 502 1028 559 aut
1038 494 1223 558 concidant

195 595 297 674 ligna3
313 615 370 658 nec
385 597 480 658 etiam
496 598 592 660 refert
607 597 633 658 si
647 599 783 678 parietes
795 597 857 679 ipsi
873 595 1047 658 successive
1067 592 1224 654 refician-

196 698 259 766 tur,
271 694 444 755 dummodo
453 696 592 756 Ecclesia
602 701 768 757 censeatur
776 695 889 756 eadem
898 711 1024 773 semper
1031 707 1221 752 remanere.

255 792 387 864 Quando
411 792 551 854 Ecclesia
570 799 733 855 exsecrata
751 793 821 865 luit,
845 792 997 853 inservire
1018 806 1084 849 non
1106 791 1223 867 potest
1298 829 1299 864 ,

196 888 292 949 sacris
305 889 461 969 mysteriis
471 891 571 952 donec
585 891 688 954 denuo
702 891 966 974 benedictionem,
979 907 1035 949 seu
1044 903 1219 949 consecra·
1298 881 1299 894 ¹

196 985 313 1068 tionem
330 988 497 1067 acceperit,
518 990 592 1068 quia
606 1007 696 1050 suam
713 989 852 1068 priorem
866 987 1065 1049 sanctitatem
1085 981 1222 1064 penitus

169 1101 171 1106 ·
198 1083 314 1160 amisit,
330 1090 361 1145 et
374 1086 457 1148 aedes
472 1087 608 1165 protana
621 1087 733 1148 effecta
747 1091 804 1148 cst.

255 1181 349 1242 *552
366 1216 406 1227 -
420 1183 457 1244 ll.
478 1184 623 1244 Ecclesiae
633 1184 756 1266 pollutae
774 1184 934 1258 dicuntur,
951 1180 1081 1262 quando
1099 1196 1218 1258 perpe·

198 1283 302 1339 tratur
324 1278 356 1339 in
382 1279 427 1340 eis
451 1280 601 1342 delictum
626 1282 711 1362 quod
735 1283 853 1343 directe
875 1297 984 1342 earum
1008 1277 1218 1339 sanctitatem

198 1376 339 1453 offendit,
366 1385 460 1458 atquo
485 1397 523 1439 ex
546 1380 730 1460 praescripto
757 1371 914 1441 canonum
937 1376 1095 1456 impedire
1120 1373 1219 1434 dehet

198 1475 367 1553 quominus
377 1474 494 1535 ibidem
504 1495 594 1537 sacra
603 1477 712 1537 munia
722 1483 868 1554 agantur,
881 1475 1032 1556 quamdiu
1045 1473 1138 1534 locus
1151 1489 1218 1532 non
1299 1529 1300 1558 ἒ

200 1571 240 1637 sit
253 1571 364 1631 ritibus
374 1571 587 1650 piacularibus
597 1575 827 1635 reconciliatus.
840 1573 961 1634 Delicta
970 1571 1088 1651 quibus
1102 1566 1216 1630 Eccle·
1299 1575 1300 1638 l

150 1673 160 1692 ¹
198 1668 252 1728 siaa
274 1669 459 1747 polluuntur
483 1675 584 1731 sunt:
605 1671 824 1744 homicidium,
847 1670 1001 1751 injuriosa
1020 1674 1053 1729 et
1074 1665 1218 1746 graviter

199 1765 365 1845 culpabilis
385 1767 495 1828 effusio
514 1769 675 1846 sanguinis
695 1768 839 1842 humani,
858 1773 1024 1848 peccatum
1046 1768 1215 1826 externum

199 1869 453 1926 consummatum
479 1872 589 1927 contra
616 1868 804 1941 castitatem,
833 1872 865 1926 et
889 1864 1053 1944 sepultura
1075 1859 1216 1924 hominis

94 1980 97 1984 ’
200 1959 346 2037 infidelia,
366 1968 421 2024 aut
435 1965 711 2027 excommunicati.

260 2060 291 2118 l⁰
302 2060 427 2122 Primus
438 2080 527 2123 casus
537 2067 595 2132 est,
607 2063 633 2140 si
643 2057 794 2124 sanctitas
807 2062 869 2124 loci
883 2061 1018 2123 violetur
1027 2057 1210 2129 homicidio¹

200 2163 255 2218 aut
271 2157 403 2220 suicidio
418 2159 595 2222 voluntario
611 2168 642 2222 et
655 2161 817 2243 culpabili.
840 2162 908 2221 Non
930 2159 1085 2240 polluitur
1104 2155 1214 2218 Eccle-

201 2251 248 2315 sia
266 2255 300 2315 si'
311 2256 381 2335 quis
400 2276 474 2318 casu
489 2259 668 2334 occidatur3
686 2259 762 2320 item
785 2258 810 2318 si
830 2257 900 2336 quis
919 2257 1037 2337 injuste
1052 2271 1211 2334 agressus,
1300 2299 1301 2304 η

200 2353 327 2434 vimque
343 2355 508 2435 repellens,
525 2362 648 2418 servato
663 2356 880 2418 moderamine
899 2355 1071 2434 inculpatae
1093 2352 1211 2424 tutela,
1300 2345 1301 2358 ¹

202 2451 336 2514 alterum
347 2454 487 2532 occidat;
503 2474 560 2516 nec
571 2455 597 2516 si
610 2454 680 2535 quis
689 2473 856 2534 percussus
866 2459 957 2514 extra
965 2451 1142 2514 Ecclesiam
1151 2450 1213 2511 ictu

201 2547 322 2624 lethali,
339 2552 379 2612 ad
394 2553 567 2614 Ecclesiam
582 2553 745 2631 confugiat
759 2559 790 2613 et
806 2551 852 2612 ibi
864 2552 1037 2624 moriatur;
1058 2547 1212 2628 siquidem

194 2644 233 2704 'in
252 2645 312 2718 his,
331 2652 362 2708 et
383 2650 503 2711 caeteris
522 2650 676 2711 similibus
695 2649 830 2722 casibus,
852 2647 1061 2710 homicidium
1084 2664 1148 2706 non
1169 2649 1214 2706 est

204 2742 393 2823 injuriosum
413 2747 447 2807 in
465 2748 648 2810 Ecclesiam.
672 2749 696 2807 E
717 2753 838 2821 contra,
866 2746 989 2826 quoties
1011 2743 1129 2824 aliquis
1150 2743 1212 2804 ictu

203 2840 314 2903 lethali
320 2845 495 2922 percutitur
503 2845 536 2907 in
550 2847 700 2918 Ecclesia,
712 2845 814 2920 idest,
830 2845 915 2906 intra
925 2843 1083 2905 ambitum
1093 2840 1210 2921 templi,

203 2955 223 2998 a
248 2939 430 3018 pavimento
455 2943 496 3002 ad
523 2943 675 3014 fornicem
704 2943 899 3017 interiorem,
931 2943 1020 3004 locus
1050 2939 1212 3020 polluitur,

205 3035 328 3098 etiamsi
340 3038 521 3100 vulneratus
531 3040 607 3102 alibi
619 3041 814 3103 succumbat.
828 3039 916 3121 (Cap.
931 3035 1166 3120 Proposuisti,l,
1176 3051 1212 3096 ns

205 3133 476 3219 Gonsscmrroun.)

263 3236 295 3293 2⁰
308 3234 397 3295 Alter
408 3252 499 3297 casus
513 3239 559 3297 est
571 3235 720 3297 notabilis
732 3241 763 3296 et
778 3235 917 3313 graviter
927 3232 1096 3312 culpabilis
1108 3230 1212 3292 effusio

204 3331 365 3409 sanguinis
386 3332 530 3408 humani,
546 3333 585 3394 de
600 3351 664 3412 qua
678 3333 788 3394 eadem
808 3331 950 3410 notanda
972 3329 1103 3391 veniunt
1123 3346 1212 3408 quam

204 3427 244 3490 de
257 3429 439 3492 homicidio.
457 3430 589 3506 Vulnus,
606 3431 820 3510 quamtumvis
839 3436 942 3503 atrox,
965 3427 992 3489 si
1010 3446 1069 3488 nec
1091 3426 1212 3504 sanguis

205 3526 398 3605 effundatur,
416 3547 473 3590 nec
488 3547 573 3590 mors
586 3533 747 3607 sequatur,
768 3547 832 3589 non
851 3526 973 3587 inducit
990 3525 1209 3604 pollutionem

206 3622 282 3702 quia
292 3624 324 3684 in
337 3624 404 3688 istis
412 3627 498 3704 leges
510 3626 616 3687 stricte
629 3626 884 3705 interpretamur.
903 3621 991 3704 (Cap.
1003 3619 1041 3683 Si
1049 3621 1210 3684 Ecclesiam

205 3719 274 3780 eod.
293 3721 395 3797 titulo,
412 3724 444 3783 in
457 3720 529 3803 v10.)
