2588 4276
281 244 346 289 All'l'.
370 243 403 290 ll.
425 243 547 289 NATURA
568 241 678 288 STATUS
699 241 860 290 uuutulosl.
1026 235 1078 287 223

67 361 325 440 quijusecquirat
336 362 367 420 in
380 361 651 422 rcmdonatamad
660 361 811 421 utendum
821 359 1076 448 illa,'ethabendi

19 463 21 506 l
68 478 175 520 curam
185 478 328 538 personae
342 460 505 521 voventis¹
529 476 536 519 :
559 477 664 538 porro,
679 459 838 539 inquiunt,
855 459 887 519 in
903 458 1013 520 ordine
1027 477 1075 520 re·

64 558 184 635 ligioso,
203 563 249 618 est
264 558 318 638 qui
335 563 407 619 vota
419 563 450 619 et
459 545 662 619 traditionem
677 564 820 638 acceptet
833 557 959 619 nomine
970 557 1074 618 Eccle-

67 656 128 728 siae,
145 675 208 718 non
224 657 515 737 incongregatione
532 657 688 719 saeculari.
1046 709 1049 720 .

120 755 193 816 Haec
212 755 328 817 solutio
350 755 478 816 minime
497 756 589 816 nobis
609 755 736 816 arridet.
757 757 846 830 Nam,
865 755 891 816 si
910 754 948 816 de
968 754 1073 814 inten-

65 853 146 914 tione
158 854 340 916 voventium
351 854 465 934 agitur,
482 854 685 916 manifestum
702 859 748 914 est
763 853 833 914 illos
849 871 941 933 posse
954 852 1074 914 in'cuu·

66 945 245 1029 gregatioue
260 952 415 1028 saeculari,
428 971 491 1014 nou
507 971 596 1014 secus
610 972 647 1014 ac
662 953 693 1012 in
712 953 821 1014 ordine
837 953 996 1033 religioso,
1015 970 1073 1012 sua

64 1054 135 1111 vota
149 1050 265 1130 aquali
275 1051 390 1112 affectu
401 1051 555 1126 emittere,
570 1051 676 1113 animo
687 1069 719 1112 se
730 1051 871 1112 donandi
881 1056 913 1112 et
927 1049 1074 1112 tradendi

64 1149 122 1209 1166
128 1147 161 1208 in
167 1154 367 1228 perpetuum.
378 1150 490 1212 Sivero
497 1150 536 1211 de
543 1148 760 1229 acceptatione
772 1168 810 1210 cx
820 1154 910 1229 parte
922 1149 978 1210 Dei
991 1167 1074 1228 qua-

65 1254 149 1328 ritur,
166 1275 223 1316 cur
238 1256 396 1319 diceretur
409 1259 510 1318 Deum
531 1275 595 1317 non
612 1262 778 1335 acceptare
794 1255 999 1317 donationem
1016 1255 1076 1316 sibi

65 1357 143 1414 certe
157 1359 294 1432 gratam,
312 1374 382 1436 quae
405 1357 441 1417 nt
463 1355 665 1417 conformiter
679 1355 720 1414 ad
739 1354 865 1432 regulas
878 1355 917 1415 ab
934 1353 1075 1415 Ecclesia

64 1451 264 1532 approbatas,
279 1459 310 1515 61
323 1455 356 1515 vi
365 1455 455 1536 cujus
467 1454 643 1535 superiores
651 1453 791 1516 instituti
802 1452 854 1532 jus
866 1451 998 1528 habent,
1010 1471 1074 1514 non

64 1539 147 1611 secbs
165 1571 202 1616 ac
220 1553 397 1632 superiores
416 1555 564 1614 ordinum
580 1553 813 1631 religiosorum,
837 1551 989 1613 membris
1009 1567 1073 1614 suoe

64 1650 312 1729 congregationis
332 1651 449 1726 utendi,
472 1652 598 1713 illorum
614 1670 722 1713 curam
742 1649 884 1731 gerendi,
903 1650 948 1711 eis
975 1650 1073 1730 praeci

63 1747 164 1827 piendi
176 1749 270 1828 juxta
285 1751 380 1813 finem
390 1751 555 1830 proprium
569 1756 601 1812 et
616 1751 743 1830 regulas
757 1749 898 1829 ejusdem
911 1749 1072 1811 Institutil

116 1847 283 1908 Rationem
298 1848 394 1926 igitur
407 1848 606 1923 discriminis,
620 1867 683 1910 non
699 1854 817 1929 aparte
832 1847 888 1920 rei,
901 1865 965 1908 nou
980 1867 998 1908 u
1013 1865 1071 1907 na·

62 1947 126 2002 tura
140 1945 300 2017 votorum,
315 1962 379 2003 non
398 1943 535 2022 denique
554 1961 573 2002 a
588 1943 683 2004 modo
698 1941 927 2022 acceptationis
941 1941 1031 2002 factae
1052 1961 1071 2003 a
1137 1945 1143 1956 '

62 2040 218 2119 superiore
233 2042 437 2120 repetendam
450 2047 609 2121 putamus
623 2041 677 2102 sed
692 2040 888 2103 avoluutate
904 2039 1068 2116 Ecclesiae3

63 2143 89 2198 et
99 2139 186 2218 quod
201 2158 297 2218 supra
307 2140 345 2200 de
363 2141 562 2202 solemnitate
569 2125 875 2213 votorum‚id'etiam
886 2139 924 2200 de
934 2139 1070 2220 ipsomet

62 2241 138 2298 statu
162 2236 319 2316 religioso,
345 2238 472 2317 qualem
493 2238 583 2300 illum
602 2239 770 2299 attendunt
789 2239 876 2316 leges
893 2239 1065 2315 canonicae,

61 2334 223 2396 dicendum
239 2337 441 2397 arbitramur.
458 2337 596 2398 Ecclesia
614 2337 743 2408 scilicet,
760 2355 780 2397 u
797 2335 886 2415 cujus
905 2335 1067 2397 voluntate

59 2434 193 2512 pendent
216 2435 382 2496 existentia
406 2441 437 2496 et
461 2436 600 2498 conditio
624 2435 842 2496 Institutorum
867 2434 1066 2514 publicorum

60 2551 125 2611 qua
134 2533 169 2593 in
178 2533 264 2593 illius
274 2533 343 2593 sinu
358 2535 537 2595 formantur
549 2534 675 2614 pietatis
688 2551 793 2609 causa,
804 2531 913 2593 statuit
927 2532 1066 2594 aliafore

60 2632 181 2711 proprie
198 2631 357 2710 religiosa,
375 2638 406 2692 et
421 2651 484 2711 qua
503 2633 580 2694 talia
600 2632 742 2694 submitti
757 2630 880 2710 legibus
894 2637 925 2692 et
944 2632 1064 2710 pertrui

55 2728 174 2805 juribus
189 2736 290 2792 status
305 2731 442 2808 religiosi
455 2751 462 2806 ;
480 2731 542 2792 alia
552 2749 627 2792 vero
643 2731 687 2792 sic
703 2730 859 2810 approbat
874 2735 910 2790 ut
921 2730 997 2790 velit
1009 2730 1065 2790 illa

58 2829 212 2888 accenseri
227 2828 524 2907 congregationibus
537 2828 751 2903 sacularibus,
768 2846 838 2906 quae
852 2827 974 2906 legibus
989 2846 1064 2907 pro·

58 2925 127 3002 priis
150 2932 314 3005 reguntur,
339 2931 369 2987 et
390 2927 491 3006 magis
511 2927 643 2988 subsunt
662 2926 875 3007 jurisdictioni
897 2924 1062 2988 ordinariae

58 3023 292 3103 llpiscoporum.
1018 3081 1023 3092 .

110 3122 297 3183 Benedictus
313 3123 380 3186 XIV
396 3142 461 3185 non
476 3123 539 3184 alia
553 3124 685 3198 ratione,
700 3129 735 3184 ut
754 3123 846 3184 nobis
864 3123 998 3196 videtur,
1016 3139 1063 3182 re·

57 3219 143 3280 solvit
158 3221 368 3300 quaestionem
382 3241 439 3283 suo
458 3227 601 3302 tempore
616 3223 780 3300 agitatam,
797 3241 837 3283 au
857 3219 1061 3299 congregatio

58 3318 195 3395 qnaedmn
216 3319 372 3396 virginum
394 3340 464 3400 ques
488 3319 671 3399 Anglicanae
693 3319 889 3392 dicebantur,
915 3325 947 3380 et
971 3317 1060 3398 cujus

57 3417 166 3493 regulae
186 3419 369 3497 approbatae
389 3421 515 3482 fucrant
536 3439 555 3481 a
576 3421 734 3481 Clemente
752 3418 804 3492 XI,
825 3421 906 3478 esset
926 3435 1059 3495 congre·

58 3515 134 3590 gatio
150 3534 223 3577 vere
240 3516 398 3596 religiosa.
417 3518 449 3579 S.
471 3517 674 3597 Regularium
693 3516 902 3594 congregatio
920 3514 1061 3578 decrevit

96 3731 168 3782 acl.
184 3731 294 3793 Saurea,
310 3731 356 3782 lib.
374 3733 406 3794 ll,
420 3745 476 3796 cop.
490 3745 524 3784 rr.
