2604 4274
212 333 266 390 4¹46
476 341 552 390 91118
570 341 615 388 111.
636 341 693 390 RES
712 341 959 391 uetustissima.

211 458 350 534 fuerunt,
372 457 679 534 condemnassem,
697 457 771 520 thus
792 464 978 521 crematum.
998 461 1079 520 Nam
1103 458 1233 520 etiamsi

211 557 352 618 fractura
375 573 439 616 non
468 555 509 617 sit
539 556 751 618 materialiter
773 556 922 630 enormis,
951 557 1024 618 talis
1052 557 1233 636 respective
1299 557 1300 588 ³

155 693 157 695 -
212 654 328 727 evadit,
357 671 430 715 cum
453 659 606 733 separatu
628 654 694 714 sint
718 660 825 733 partes
853 654 1044 735 specialibus
1065 652 1230 734 precihus,

210 751 367 830 formulis,
390 757 422 813 ot
442 752 619 814 actionibus
643 758 845 815 consecratae.
874 753 1161 827 «verbodicere,
1187 752 1234 813 ait

215 873 231 906 a
253 849 1231 927 annotatorcollectioniscardolliana,macerataerittsbula

215 971 231 1004 «
253 947 279 1008 si
291 949 474 1028 perstructa
484 951 583 1009 unam
598 947 759 1010 contineat
774 967 813 1009 ex
826 948 1012 1010 lateralibus
1027 947 1178 1011 crucibus
1190 947 1232 1008 ab

214 1069 230 1102 a
252 1046 408 1126 Episcopo
419 1047 451 1108 in
460 1045 570 1107 altaris
582 1047 818 1108 consecratione
826 1046 1200 1126 specialiterbenedictis.
1214 1069 1229 1100 n

213 1144 261 1224 (ln
271 1144 462 1206 decisionem
472 1146 608 1219 mliii,
620 1144 671 1206 die
684 1147 703 1206 3
716 1149 809 1206 mart.
826 1145 900 1206 ltiil
919 1145 1064 1206 incensa
1082 1145 1231 1223 Carpen.)

213 1237 246 1301 3⁰
270 1241 402 1314 Quando
427 1242 536 1304 altaris
553 1242 767 1324 sepulchrum,
796 1242 860 1304 sive
876 1243 972 1305 'locus
997 1261 1061 1321 quo
1086 1241 1234 1322 reliquiae
1300 1244 1301 1312 l

214 1341 439 1416 reconduntur,
455 1341 624 1418 frangitur,
642 1340 722 1402 adeo
733 1343 768 1401 ut
782 1347 897 1403 amotse
907 1340 1136 1420 sintreliquiae‘.
1300 1413 1301 1416 Ἴ

275 1441 519 1500 Controversum
533 1439 593 1500 suit
605 1439 689 1500 inter
704 1441 848 1500 auctores
863 1458 904 1500 an
925 1438 1061 1500 inclusio
1076 1437 1232 1516 reliquia·
1300 1443 1301 1448 ’

214 1553 297 1609 rum,
313 1553 383 1615 quoe
396 1537 588 1598 exomnium
608 1543 825 1600 consensuest
845 1536 1042 1617 prescripta,
1065 1535 1109 1598 sit
1122 1553 1232 1596 neces·

214 1623 346 1693 sariaad
355 1633 494 1694 validam
508 1635 617 1696 altaris
631 1635 911 1697 consecrationem.
924 1634 983 1708 Qui
992 1638 1122 1715 partem
1132 1651 1231 1711 nega-

214 1729 312 1790 tivam
327 1730 536 1806 sustinebant,
553 1731 732 1793 debuerunt
747 1733 934 1794 concludere
950 1750 989 1793 ex
1005 1751 1064 1792 sna
1081 1729 1232 1810 opinione

214 1843 278 1888 non
294 1828 449 1888 exsecrari
458 1825 558 1889 altare
572 1829 725 1892 fractione
740 1829 910 1910 sepulchri,
928 1830 1154 1908 amotioneque
1164 1826 1234 1888 reli·

215 1923 377 2003 quiarum3
404 1927 458 1987 sed
489 1928 726 2003 cousuetudine,
750 1933 782 1990 et
806 1927 919 1989 deinde
947 1927 1043 1989 variis
1071 1923 1231 2004 rescriptis

207 2024 248 2084 ὃ.
275 2023 534 2103 Congregationis
557 2026 697 2101 Rituum,
712 2025 879 2105 praevaluit
899 2025 1006 2105 opinio
1018 2023 1185 2086 contraria
1203 2026 1225 2080 ¹.

215 2118 360 2199 Persaepe'
372 2139 560 2201 responsum
575 2130 622 2184 est
635 2141 655 2184 a
667 2124 698 2184 S.
717 2122 966 2202 Gangregatione
982 2121 1102 2184 altaria
1121 2136 1229 2182 conse·

216 2218 334 2278 oranda
347 2219 450 2280 denuo
460 2219 539 2298 fore,
552 2222 821 2300 quandofractum
831 2220 1046 2299 sepulchrum,
1063 2224 1096 2280 et
1107 2216 1232 2280 amissae

215 2315 357 2394 reliquias
371 2317 510 2378 fuerunt.
724 2325 727 2330 ’
818 2371 821 2380 .

239 2412 349 2476 ·'Haec
369 2419 475 2475 autem
496 2419 533 2475 ut
553 2415 666 2476 melius
686 2415 915 2496 intelligantur,
938 2403 1051 2496 paucis
1070 2429 1232 2474 resumere

216 2510 291 2572 sutis
311 2511 371 2572 erit
391 2511 495 2572 varias
512 2511 851 2574 declarationes¹datas
871 2531 891 2574 a
911 2515 943 2576 S.
966 2510 1231 2591 congregatione.

215 2607 413 2670 Declaravit:
426 2611 459 2670 1ο
473 2591 572 2671 altale
586 2609 676 2688 cujus
689 2609 892 2689 sepulchrum
906 2610 1081 2690 Episcopus
1093 2605 1232 2686 aperuit,

216 2709 247 2767 et
263 2707 413 2786 reliquias
436 2707 584 2782 extraxit,
606 2713 641 2768 ut
660 2707 699 2768 de
724 2721 832 2769 earum
852 2706 1098 2768 authenticitate
1117 2705 1235 2767 certius

217 2803 277 2864 sibi
291 2809 425 2879 constet,
440 2824 505 2866 non
523 2805 680 2866 exsecrari
696 2806 724 2866 si
738 2805 913 2885 Episcopus
925 2805 1052 2866 casdem
1063 2803 1233 2883 reliquias,

216 2901 409 2964 sufficienter
429 2904 619 2981 recognitas,
635 2903 789 2966 recondit.
804 2904 873 2984 (Dia
894 2905 932 2964 11
951 2908 1049 2964 mart·
1062 2921 1117 2963 an.
1141 2902 1234 2977 1693,

217 3000 375 3080 1103305.)
399 3033 439 3048 -
460 3004 493 3062 2⁰
518 3001 626 3062 Altero
649 3002 791 3080 indigere
814 3021 897 3063 nova
925 3000 1178 3074 consecratione,
1209 2997 1235 3058 si

217 3101 367 3160 extractae
382 3103 414 3159 et
428 3098 550 3160 amissae
564 3100 627 3160 sint
638 3099 792 3179 reliquiae,
807 3099 936 3160 etiamsi
947 3116 1038 3160 novae
1051 3103 1083 3160 et
1094 3097 1237 3159 authen·

217 3195 288 3258 ticae
320 3197 353 3257 in
379 3197 485 3258 locum
505 3197 650 3278 priorum
676 3197 851 3260 substitutae
879 3196 1007 3258 fuerint.
1036 3195 1235 3274 Quandoque

168 3287 172 3294 ’
217 3294 381 3356 tamenin
409 3295 466 3357 tali
487 3313 573 3370 casu,
599 3297 715 3358 Sancta
740 3295 834 3356 Sedes
857 3295 1012 3356 concessit
1035 3299 1082 3368 ut,
1114 3293 1237 3371 absque

218 3407 300 3454 nova
325 3394 572 3468 consecratione,
595 3393 738 3472 reliquie
767 3399 963 3473 reponantur
987 3393 1021 3453 in
1049 3390 1233 3471 sepulchro,

218 3491 349 3555 servetis
367 3492 588 3553 tantummodo
602 3491 715 3552 ritibus
728 3491 762 3551 in
782 3491 958 3553 Pontificali
972 3489 1150 3570 descriptis,
1172 3487 1235 3550 sci·

245 3717 248 3730 Ι
266 3654 290 3701 1.
309 3650 410 3714 Quarti,
432 3652 473 3702 tit.
496 3665 537 3714 xv,
558 3651 621 3702 dub.
641 3667 667 3702 v.
689 3679 720 3690 -
739 3652 833 3717 Collet,
857 3653 942 3703 Troite
963 3652 1007 3702 des
1029 3651 1077 3702 SS.
1098 3648 1237 3714 digereres,

218 3725 295 3788 cnsp.
313 3740 366 3788 vlu,
383 3736 415 3777 n⁰
433 3729 457 3778 9.
477 3755 507 3766 -
524 3727 769 3792 Scbmalzgrueber,
788 3729 817 3781 in
833 3729 876 3782 tit.
893 3743 934 3792 xc,
949 3741 978 3780 11⁰
997 3729 1036 3779 13.
1055 3755 1086 3765 -
1104 3723 1234 3779 Collectio

221 3799 395 3866 Gardelliana,
407 3813 443 3853 n¹¹
456 3805 528 3866 1539,
541 3806 611 3866 1999,
625 3807 695 3868 1991,
709 3807 781 3856 5937.
1248 3828 1250 3836 ·
