2642 4268
207 259 261 314 482
476 267 549 316 PAR!
568 266 615 316 lll·
637 267 694 318 ltus
713 267 956 318 noesselssslon.

206 383 315 446 statuit
326 383 456 465 insuper
468 389 504 446 ut
516 385 648 466 quilibet
660 387 699 449 dc
713 386 763 448 his
775 387 935 449 erroribus
948 391 1113 466 suspectus
1123 387 1208 448 iuter·
1312 451 1313 454 ,

205 488 372 560 rogaretur
388 507 403 542 «
414 490 521 547 utrum
534 487 644 550 credat
655 486 742 566 quod
756 487 946 560 auferentes,
960 484 1120 560 tollentes,
1134 486 1209 546 etin·
1288 444 1297 558 i

209 602 224 640 u
244 581 395 644 vadentes
409 583 493 646 bona
506 583 576 664 ipss
590 584 813 659 ecclesiastica,
829 584 893 644 siut
906 589 1062 663 tauquam
1076 584 1209 664 sacrilegi

130 674 131 677 '
208 700 224 737 o
244 679 397 760 puniendi
408 706 437 742 n.
450 682 624 744 Concilium
635 684 845 762 Lngduueuse
857 683 895 756 ll,
908 701 962 744 au.
975 681 1207 754 lt'llhsbitum,

203 796 325 841 canone
340 779 404 854 ΧΠ,
420 785 451 842 et
464 780 634 844 concilium
650 781 883 856 Tridentium,
899 799 974 842 sess.
991 797 1071 854 xxir,
1086 799 1155 860 cap.
1169 797 1206 856 xr,

203 875 239 937 de
254 875 405 957 Reform„
427 877 567 958 generali
582 879 806 942 constitutione
824 882 996 941 sanxerunt
1009 878 1170 940 universos
1183 883 1208 938 et

203 973 355 1052 singulos,
375 994 576 1057 quacumque
596 977 762 1058 dignitate,
780 977 876 1040 etiam
893 976 1044 1058 inperiali
1061 985 1092 1038 ct
1110 973 1205 1055 repuli,

203 1073 423 1152 praelulgeant,
440 1075 495 1155 qui
509 1076 643 1156 alicujus
660 1076 820 1151 Eeclesiae,
836 1095 891 1137 scu
906 1075 1047 1156 cujusvis
1061 1073 1207 1136 saecularis

202 1171 252 1232 vel
270 1173 424 1250 regularis
442 1173 625 1250 beneficii...
647 1174 742 1250 bona,
765 1193 877 1238 census
898 1193 935 1235 sc
953 1173 1038 1254 jura,
1059 1174 1204 1234 fructus...

202 1289 388 1352 quocumque
409 1283 487 1349 crte,
511 1278 567 1334 aut
586 1291 787 1353 quocumque
812 1267 946 1352 quaesito
965 1272 1074 1334 colore
1096 1271 1128 1332 in
1147 1284 1207 1351 pro·

202 1369 289 1448 prius
309 1389 384 1432 usus
403 1375 595 1445 convertere,
616 1370 751 1450 illosque
770 1389 923 1451 usurpare
945 1368 1205 1451 presumpserint,

202 1485 257 1528 seu
276 1467 430 1547 impedire
445 1487 484 1530 uo
498 1468 540 1530 ab
559 1467 597 1531 iis
618 1468 660 1529 ad
675 1486 754 1547 quos
766 1468 838 1547 jure
856 1468 1016 1549 pertinent
1036 1467 1205 1548 percipian-

191 1570 263 1639 tur,
277 1566 473 1628 anathemati
483 1566 647 1647 subjecere
658 1567 780 1629 tamdiu
795 1567 947 1647 quamdiu
957 1567 1125 1642 bona,res,
1133 1565 1205 1644 Jura,

201 1664 321 1726 fructus
336 1669 367 1726 et
382 1665 523 1726 redditus
538 1683 618 1745 quos
631 1665 868 1746 occupaverint,
883 1665 1006 1744 integre
1022 1663 1209 1726 restituerint

201 1762 360 1826 Ecclesioe.

260 1862 314 1924 lll⁰
332 1861 405 1923 lure
417 1862 537 1944 publico
550 1871 578 1925 et
591 1863 678 1926 cicili
690 1863 862 1926 Galliarum
877 1865 1035 1936 firmatur,
1052 1861 1156 1941 quoad
1167 1860 1208 1921 lo-

200 1977 272 2022 rum
290 1959 400 2035 civile,
416 1962 576 2042 capacitas
598 1964 730 2025 dominii
750 1983 848 2045 quam
868 1962 1037 2023 asserimus
1056 1959 1200 2021 Ecclesiae.

198 2058 274 2120 Jure
293 2057 421 2138 quidem
440 2060 568 2139 publico
587 2060 756 2142 stipulatur
774 2061 807 2122 in
820 2059 1017 2122 Concordsto
1036 2057 1116 2120 iuito
1132 2057 1203 2118 inter

200 2159 349 2219 Sanctum
369 2158 482 2220 Ssdem
499 2165 530 2222 et
549 2160 738 2239 gubernium
757 2159 882 2234 Galliae;
903 2157 1058 2220 articulus
1074 2157 1156 2218 euim
1170 2171 1206 2216 su

200 2255 294 2334 bujus
308 2258 525 2320 conventionis
538 2259 599 2320 lert
612 2275 620 2320 :
637 2281 653 2315 u
666 2258 859 2320 Guberuium
869 2256 994 2320 curabit
1003 2261 1040 2316 ut
1052 2252 1210 2315 catholicis

203 2378 218 2408 α
239 2354 375 2417 liberum
389 2356 440 2432 sit,
456 2357 483 2417 si
497 2356 634 2432 libuerit,
652 2356 799 2418 Ecclesiis
813 2356 977 2417 consulere
997 2353 1091 2414 novis
1107 2350 1211 2412 funda-

202 2476 217 2507 «
239 2453 390 2518 tionibus.
408 2477 424 2510 »
443 2457 507 2516 Lex
523 2457 542 2515 2
556 2453 697 2534 januarii
713 2455 791 2515 l8l'l
809 2452 875 2514 leta
893 2452 1028 2516 statuit:
1049 2476 1065 2508 c
1082 2452 1117 2512 {⁰
1136 2451 1212 2510 'lout

160 2591 163 2601 .
204 2571 219 2608 u
239 2551 474 2616 etablissement
492 2551 728 2632 ecclesiastique
747 2569 887 2614 recounu
906 2569 967 2629 pau
983 2550 1015 2611 ls
1034 2549 1080 2612 lei
1099 2565 1212 2628 pourra

201 2672 217 2704 c
239 2656 395 2730 accepter,
410 2670 487 2713 avec
501 2651 730 2713 l'sutorisstion
744 2652 787 2713 du
800 2650 860 2725 roi,
877 2655 948 2710 tous
962 2649 1008 2710 les
1022 2649 1116 2710 biens
1131 2663 1213 2708 meu·

204 2768 219 2807 u
239 2748 318 2822 bles,
340 2749 525 2811 immeubles
544 2767 587 2811 ou
606 2755 721 2828 rentes,
744 2749 799 2828 qui
819 2749 865 2810 lui
887 2752 994 2810 serunt
1014 2746 1137 2808 donnes
1157 2763 1213 2825 par

201 2871 217 2904 (ι
240 2852 324 2908 actes
336 2837 507 2922 entre-vile,
523 2867 564 2910 ou
576 2865 636 2928 par
646 2853 714 2908 acte
724 2847 763 2908 de
776 2841 1069 2908 deruitreuolo'ntt.
1084 2846 1119 2904 2⁰
1134 2845 1213 2904 Tout

203 2969 217 3000 u
240 2944 473 3008 ttablisscmeut
490 2946 724 3025 ecclesiastique
743 2962 883 3006 rcconnu
903 2961 962 3023 par
982 2943 1014 3003 le
1032 2941 1078 3002 loi
1095 2958 1213 3021 pourra

204 3063 219 3101 u
239 3041 427 3120 egelemeut,
443 3062 518 3106 avec
530 3044 759 3106 l'sutorisatiou
771 3043 814 3103 du
828 3043 887 3117 roi,
901 3039 1046 3120 aequerir
1058 3039 1117 3100 des
1126 3038 1213 3100 biens

202 3165 217 3198 «
237 3141 422 3203 immeubles
441 3161 482 3204 ou
501 3143 557 3204 des
575 3148 688 3203 rentes.
710 3143 744 3203 3⁰
764 3143 822 3204 Les
839 3139 1028 3201 immeubles
1046 3157 1090 3199 ou
1110 3142 1212 3198 rentes

200 3264 215 3297 «
240 3245 450 3322 cppertenaut
473 3245 492 3302 d
514 3260 558 3302 un
586 3241 822 3302 etablissement
847 3237 1083 3316 ecclesiastique
1109 3239 1213 3298 serout

203 3365 217 3395 n
239 3340 388 3419 possedes
405 3343 424 3401 s
442 3339 620 3420 perpetuite
637 3339 789 3419 par'ledit
804 3337 1040 3400 ttsblissem'ent
1056 3338 1089 3396 et
1106 3337 1213 3396 serout

204 3459 219 3496 c
238 3438 456 3514 inalienables,
478 3441 498 3498 a
516 3437 618 3500 moins
635 3456 697 3518 que
711 3437 906 3500 l'clicnation
921 3453 961 3496 en
978 3432 1040 3498 soit
1054 3433 1211 3496 autoriste

203 3562 218 3594 u
240 3555 298 3616 par
311 3537 340 3598 le
358 3538 416 3600 roi.
436 3561 451 3596 n

247 3635 328 3697 ill.
352 3669 391 3682 -
409 3636 489 3698 Hinc
505 3636 723 3699 concludimus
744 3653 751 3697 :
774 3637 805 3696 l⁰
823 3633 995 3697 llcclesiam
1010 3631 1065 3712 jus
1083 3629 1211 3692 insitum

201 3731 329 3806 habere,
349 3733 455 3796 divina
471 3735 585 3797 Christi
599 3734 809 3809 ordinatione,
823 3717 1013 3813 ¹acquirendi
1027 3731 1120 3792 bona
1137 3734 1210 3788 tem*
