2568 4272
241 237 309 285 Ans.
329 235 371 284 vl.
394 236 530 286 nuolnnlt
552 237 664 287 smnus
684 235 846 285 nettotost.
997 233 1049 285 307

36 353 216 418 confirmari
227 353 430 435 ebllpiscopo
444 354 495 415 vel
512 373 532 416 e
547 354 709 434 superiore
723 354 914 436 respectivo;
928 355 1050 418 interes

37 461 146 528 temen,
169 453 198 514 si
221 472 298 534 opus
313 453 364 528 sit,
379 451 479 515 electa
499 458 604 534 potest
618 473 668 515 res
687 454 736 515 sui
748 453 932 516 monasterii
947 455 1048 542 edmi-

37 553 174 627 nistrare,
187 551 376 613 admentem
388 570 456 632 esp.
472 551 744 634 (indemnitatibus,
762 543 1047 630 43,nslisucrrous,

37 651 64 711 in
78 657 119 714 v1⁰
132 651 172 725 ¹.)

88 749 222 810 nedem
236 749 356 829 regulae
370 756 537 812 serventur
552 751 585 812 in
603 749 755 812 electione
771 750 1049 831 superiorisssrum

38 852 248 909 conventuum
262 854 410 910 votorum
421 849 622 930 simplicium,
635 849 696 910 nisi
710 849 802 911 aliter
813 850 995 912 ordinatum
1010 851 1051 912 sit
1121 913 1123 917 ,

39 945 316 1008 Constitutionibus
329 949 600 1029 Congregetionis.
618 947 784 1010 Nonnullis
796 966 980 1010 concessum
991 949 1050 1009 tuit

37 1044 192 1120 institutis,
217 1051 253 1106 ut
272 1045 423 1124 suffragia
440 1046 606 1124 obsignate
627 1045 739 1107 litteris
763 1046 845 1108 mitti
869 1047 990 1126 possint
1009 1045 1049 1109 ed

39 1142 226 1224 Capitulum,
249 1144 289 1205 ob
309 1144 440 1206 nimiam
456 1145 676 1207 difficultatem
691 1163 788 1226 quem
807 1144 913 1225 plures
928 1163 1050 1207 sorores

40 1242 253 1320 experirentur
271 1262 343 1305 suas
358 1243 469 1304 domos
490 1242 690 1324 relinquendi
704 1248 735 1306 et
758 1261 775 1304 e
792 1241 974 1322 regionibus
989 1243 1050 1303 dis-

41 1339 96 1400 sitis
116 1341 328 1402 conveniendi
347 1342 380 1402 in
400 1341 504 1403 locum
526 1361 590 1422 quo
607 1343 642 1402 fit
658 1342 782 1406 electio.
801 1341 975 1424 Episcopus
988 1342 1049 1403 loci

42 1437 176 1516 presidet
199 1457 258 1519 per
278 1458 321 1516 se,
338 1440 388 1501 vel
410 1459 468 1520 per
483 1439 579 1501 eliam
602 1458 772 1520 personam
790 1438 1046 1518 ecclesiasticam,

44 1535 194 1613 electioni3
218 1537 250 1598 id
272 1538 400 1618 quidem
415 1537 488 1617 jure
510 1539 652 1620 proprio,
669 1539 695 1599 si
717 1545 832 1618 agetur
850 1539 889 1600 de
904 1538 1048 1600 instituto

43 1633 218 1711 simpliciter
236 1636 430 1712 dioeoeseno;
458 1643 612 1716 tanquam
638 1656 712 1698 vero
737 1636 927 1717 Apostolicae
960 1636 1049 1698 Sedis

44 1730 207 1812 delegatus,
223 1734 430 1814 sicepitulum
439 1734 586 1816 generale
600 1735 779 1797 celebretur
790 1735 1049 1814 Congregationis

45 1849 102 1908 que
116 1832 232 1896 domos
246 1833 343 1895 hebet
356 1833 389 1895 in
404 1833 516 1896 alienis
529 1833 726 1896 dioecesibus.
750 1835 786 1899 In
802 1834 862 1894 hoc
879 1852 952 1896 oesu
962 1835 1049 1914 Epis-

46 1946 129 2009 copus
141 1931 331 1995 relationem
344 1934 382 1995 de
391 1933 550 1996 celebrato
564 1933 703 2014 capitulo
719 1933 891 1996 transmitti
906 1940 995 1994 curet
1007 1933 1048 1994 ed

46 2046 153 2090 serrem
165 2032 453 2112 Congregstionem
469 2031 699 2112 Episcoporum
713 2038 745 2094 et
760 2031 975 2112 Regulerium.

94 2127 182 2208 Nota.
192 2129 631 2212 -Ilpiscopusqnipraesidet
643 2130 782 2211 capitulo
795 2149 860 2191 non
871 2131 1048 2192 lertsuffre·

45 2225 128 2302 pium.
154 2227 189 2289 Si
215 2229 261 2290 ite
282 2229 508 2310 dispertientur
530 2234 606 2291 vote
633 2229 720 2290 utin
739 2229 861 2290 nullam
882 2229 1049 2291 conveulat

45 2340 178 2386 numerus
195 2332 391 2408 competens,
416 2329 548 2390 iteretur
576 2327 644 2390 vice
664 2328 800 2408 repetite
822 2328 1046 2406 suffragiorum

47 2420 1043 2507 collatinusquedumobtinenturmejoritesregulispraescripts.
1149 2499 1153 2515 Ι

95 2525 159 2584 tet.
178 2524 293 2588 -1110
315 2525 386 2602 Qun
407 2527 571 2588 auctoritas
584 2535 730 2608 competat
741 2524 944 2608 superioribus
958 2543 1045 2606 repo·

49 2615 161 2682 lorium?

95 2722 215 2804 Duplex
234 2723 440 2805 distinguitur
465 2730 605 2806 potestas
629 2726 662 2787 in
688 2725 903 2812 superioribus
925 2725 1048 2806 regule-

49 2816 129 2883 rium:
143 2829 284 2904 potestas
295 2823 576 2902 administrationis,
593 2843 662 2905 quse
677 2825 793 2886 directe
810 2830 968 2888 emanete
984 2831 1048 2886 ste·

49 2917 108 2978 tutis
124 2921 241 2984 ordinis
263 2927 295 3000 et
308 2927 382 2984 voto
399 2922 588 2996 obedientie
607 2925 693 3005 quod
709 2924 847 3004 religiosi
860 2924 893 2984 in
906 2943 963 2985 sua
975 2941 1046 3004 pro·
1160 2991 1163 2996 ,

49 3012 163 3080 sessione
178 3020 347 3096 emittunt3
369 3027 508 3100 potestas
518 3021 757 3104 jurisdictionis,
779 3040 851 3104 quae
873 3021 1046 3102 procedite

51 3112 143 3188 primis
167 3119 358 3200 pastoribus,
377 3124 408 3182 et
426 3125 474 3184 est
492 3121 693 3201 participatio
712 3121 877 3202 potestatis
897 3120 1044 3182 clavium.

96 3214 117 3275 l.
128 3217 162 3280 Vi
175 3217 341 3297 potestatis
352 3217 633 3294 adminstrationis,
643 3219 830 3300 superiores,
848 3237 885 3281 ac
898 3219 968 3300 pori
975 3218 1045 3298 jure

52 3313 480 3397 superiorissaeregularespus
494 3317 614 3379 hebent
630 3335 637 3379 :
656 3319 687 3378 l⁰
700 3316 888 3378 admittendi
903 3317 944 3379 ed
958 3317 1046 3376 novi·

52 3405 145 3484 linium
167 3415 259 3476 etad
280 3417 519 3496 professionem,
545 3417 677 3478 servetis
698 3416 817 3496 regulis
834 3415 883 3476 sui
896 3414 1043 3490 instituti,

54 3521 119 3585 que,
134 3518 248 3591 preter
267 3515 346 3576 elios
369 3515 574 3590 conditiones,
597 3517 763 3595 requirunt
787 3513 995 3576 communiter
1009 3519 1046 3574 ut

88 3649 107 3696 1.
118 3650 191 3704 Ritus
205 3653 400 3706 benedictionis
414 3655 619 3718 abbatissarum,
635 3660 661 3706 et
675 3655 884 3708 consecrationis
897 3654 1044 3718 uirginum,

20 3769 21 3774 ,
54 3717 219 3790 describuntur
232 3731 260 3780 in
275 3731 430 3794 Pontificoli.
