2642 4268
243 265 296 320 524
335 291 340 304 ·
504 269 580 318 PARS
600 269 646 317 Ill.
669 269 724 318 RES
745 269 990 320 uoouunlsrlcn.
1078 319 1081 324 .

240 391 340 465 muni,
362 390 455 470 plura
473 388 628 450 beneficia
647 406 717 467 quae
735 388 838 450 solum
858 407 940 450 onus
955 388 1075 450 habent
1096 387 1246 448 recitandi

161 504 165 509 ·
241 490 336 550 horas
353 487 521 549 canonicas
533 493 565 548 et
578 486 688 548 Missas
703 487 893 548 celebrandi.
909 521 949 532 -
961 485 1116 549 Beneficia
1129 487 1247 564 simpli-

240 587 300 668 cia,
323 587 470 648 dicuntur
490 587 677 664 plerumque
694 605 755 646 non
772 584 991 661 residentialm,
1019 585 1094 664 quia
1117 584 1247 653 clericus

154 688 157 696 ’
240 703 277 746 ca
291 685 454 765 possidens
466 703 529 746 non
544 689 671 745 tenetur
684 684 820 744 residere
835 685 867 745 in
882 685 953 746 loco
965 681 1119 744 beneficii.

298 787 330 844 2⁰
354 783 486 845 Ratione
516 801 714 864 personarum
744 783 858 861 quibus
889 782 1145 856 committuntur,
1176 787 1246 842 sunt

237 882 392 943 beneficia
402 879 569 956 secularia,
583 899 652 960 quse
664 881 785 943 clericis
795 881 999 944 sacularibus
1009 879 1204 952 tribuuntur,
1219 886 1247 940 et

236 979 403 1060 repnlarz'a,
421 979 661 1059 quae-religiosis
676 984 889 1041 reservantur.
1184 1043 1189 1048 ,

297 1077 445 1141 Primitus
459 1096 522 1139 uon
537 1077 601 1138 alia
611 1082 702 1138 eraut
711 1077 866 1138 beneficia
878 1095 975 1156 quam
988 1075 1169 1152 saccularia;
1186 1095 1247 1136 mo-

237 1177 331 1238 nachi
347 1175 444 1237 vitam
459 1193 661 1237 communem
680 1175 739 1236 sub
759 1176 891 1238 Abbatis
913 1174 1066 1252 regimine
1087 1175 1246 1249 ducentes,

235 1277 320 1338 bona
343 1295 401 1337 sua
419 1273 609 1354 temporalia
632 1275 665 1335 in
687 1275 848 1335 communi
868 1274 1085 1353 possidebant.
1111 1275 1247 1334 Decursu

235 1357 425 1454 temporum,
442 1391 514 1434 cum
524 1372 662 1434 Abbates
673 1377 788 1434 cuncta
799 1391 857 1434 suo
868 1379 948 1434 nutu
957 1379 1115 1452 regerent,
1129 1377 1160 1432 et
1171 1372 1247 1451 peri·

235 1473 377 1534 colosum
392 1472 608 1532 videreturne
627 1490 685 1532 sua
703 1476 861 1551 potestate
880 1470 1088 1534 abuterentur
1101 1471 1141 1530 iu·
1153 1470 1245 1530 detri-
1300 1457 1301 1542 Ῑ

178 1557 180 1560 ’
235 1573 377 1631 mentum
400 1569 630 1631 monachorum
654 1569 770 1649 quibus
798 1569 968 1649 aliquando
992 1568 1047 1630 viu
1072 1569 1246 1628 necessario
1300 1567 1301 1596 ³

235 1668 402 1742 dabantur,
426 1665 559 1728 Mensam
578 1666 759 1728 abbatialem
774 1686 793 1728 a
807 1667 912 1728 Mensa
928 1665 1120 1728 conventuali
1138 1665 1245 1726 distin·
1300 1699 1301 1752 ἐ

234 1784 329 1846 guerc
341 1771 555 1845 opportunum
565 1766 667 1826 visum
678 1771 740 1840 est;
758 1765 865 1845 sicque
876 1765 969 1826 titulo
981 1763 1115 1828 Abbatis
1130 1770 1243 1826 certam
1300 1779 1301 1782 ’

233 1868 356 1926 tautum
366 1869 489 1943 partem
501 1864 535 1924 iu
548 1869 738 1944 perpetuum
748 1863 896 1939 adscribi,
909 1863 1000 1942 cujus
1010 1881 1105 1924 usum
1116 1862 1243 1923 simulet
1300 1849 1301 1852 ¹

233 1963 536 2024 administrationem
549 1961 692 2024 baberet.
709 1961 797 2024 Idem
812 1962 909 2025 etiam
919 1962 1102 2024 ordinatum
1114 1960 1171 2022 fuit
1184 1979 1242 2040 pro
1300 1953 1301 1962 ³

231 2061 420 2140 quibusdam
436 2061 506 2120 aliis
521 2060 643 2130 officiis,
661 2078 733 2140 quae
749 2059 911 2121 nonnullis
926 2059 1084 2138 religiosis
1098 2059 1238 2120 commit-
1300 2041 1301 2050 ἵ

231 2161 390 2235 tebantur,
400 2159 433 2220 in
443 2159 529 2222 cellis
543 2165 574 2220 et
587 2159 716 2239 capellis
727 2164 909 2223 accurentu
922 2157 1092 2238 principali
1102 2157 1240 2238 pendeu-
1300 2169 1301 2172 ’

232 2257 325 2334 tibus,
338 2257 445 2318 etbaec
456 2258 514 2318 fuit
528 2258 619 2335 origo
632 2257 860 2319 beneficiorum
872 2256 1077 2335 regularium.
1090 2255 1243 2318 Beneficia

230 2355 394 2417 saecularia
408 2356 477 2416 fieri
491 2362 654 2436 nequeunt
667 2355 838 2435 regularia,
847 2361 879 2416 et
889 2355 1037 2428 vicissim,
1046 2355 1166 2434 absque
1175 2373 1243 2434 spe-

229 2454 302 2516 ciali
313 2453 437 2516 indulto
453 2455 576 2518 Summi
587 2455 763 2529 Pontificio,
774 2458 829 2514 aut
837 2454 986 2517 diuturna
994 2452 1240 2533 praescriptione.

288 2552 372 2613 luter
389 2552 544 2614 beneficia
565 2553 732 2614 saecularia
752 2557 784 2613 et
804 2551 963 2630 regularia
982 2551 1126 2612 medium
1143 2551 1242 2631 quod-

227 2652 301 2711 dam
322 2655 431 2711 tenent
449 2651 605 2712 beneficia
625 2669 697 2731 quaa
718 2651 867 2714 dicuntur
880 2651 913 2712 in
936 2648 1151 2724 commendam,
1173 2667 1240 2730 quae

228 2749 357 2825 scilicet,
371 2751 514 2830 quamvis
530 2751 649 2812 fuerint
668 2769 726 2810 sua
739 2750 861 2830 origine
875 2753 907 2811 et
924 2748 1136 2812 destinatione
1148 2767 1239 2828 regu-

227 2849 319 2924 laria,
343 2849 584 2910 committuntur
598 2849 715 2911 clerico
743 2849 897 2923 saeculari,
929 2867 1001 2909 cum
1021 2847 1093 2927 jure
1118 2849 1240 2910 fruendi

227 2947 379 3009 beneficio
400 2948 579 3028 temporali,
596 2967 669 3010 cum
687 2966 783 3012 onere
803 2948 992 3028 providendi
1006 2946 1238 3010 conservationi

226 3046 339 3107 domus
358 3046 512 3124 religiosae
532 3053 564 3108 et
583 3066 731 3126 congruae
754 3045 976 3108 sustentationi
995 3045 1234 3120 monachorum,

226 3145 253 3205 si
266 3145 332 3206 vita
346 3144 500 3222 regularis
519 3150 644 3210 servata
666 3145 705 3206 sit
723 3145 757 3209 in
777 3161 815 3206 ea
830 3145 936 3206 domo.
954 3143 1048 3206 Nulla
1072 3149 1239 3224 supersunt

226 3243 311 3324 apud
332 3261 388 3304 nos
405 3242 559 3305 beneficia
581 3245 787 3318 commendae,
810 3261 881 3324 quae
904 3243 980 3303 olim
997 3243 1039 3303 ob
1059 3247 1237 3324 temporum

224 3341 425 3402 necessitates
443 3341 583 3402 Ecclesia
601 3342 799 3404 admittenda
816 3341 917 3416 duxit,
941 3359 1014 3402 cum
1031 3345 1118 3404 certo
1132 3346 1236 3402 tamen

225 3439 454 3514 moderamine3
467 3439 632 3502 eratenim
645 3439 714 3502 baec
725 3440 805 3502 ratio
816 3438 985 3502 ordinandi
996 3439 1152 3500 beneficia
1162 3439 1238 3500 mul·
1300 3433 1301 3454 *

224 3537 263 3598 tis
276 3544 360 3599 certe
371 3537 581 3600 incommodis
596 3538 734 3601 obnoxia
749 3539 772 3600 ¹.
797 3604 800 3615 ¹

271 3678 688 3732 l.Prloribussaeculisnounullu
697 3681 826 3732 beneficia
840 3681 1166 3745 ecclesiastica,Ecclesiae
1181 3685 1238 3748 lipi-

225 3752 345 3816 seapoles
355 3754 518 3818 statuatis,
528 3757 706 3808 commendato
714 3759 786 3819 sunt,
795 3757 827 3810 ad
835 3762 950 3826 tempus,
963 3759 1065 3812 clericis
1074 3761 1121 3824 qul
1132 3759 1237 3832 illorum
