2642 4268
287 289 878 345 nar.1.Botii'r1titi²0nttltnddtii81m.
963 371 967 381 Ι
1036 291 1089 346 4Βὸ

70 416 228 491 dominii;
241 417 459 498 'quamobrem
485 415 512 478 si
535 418 655 479 bonum
670 418 856 497 temporale,
877 420 987 499 quovis
1000 421 1090 482 titulo

71 515 117 576 ad
149 516 403 576 transferendum
438 515 614 577 dominium
646 520 743 597 apto,
780 517 1005 596 acquisierint,
1041 539 1091 581 res

69 613 151 692 ipsis
182 613 312 694 propria
332 618 389 689 est,
420 613 478 674 sub
504 614 633 675 illorum
656 613 765 692 utique
790 615 863 694 jure
892 603 923 676 et
950 617 1090 678 dominio
1123 637 1124 640 ¹

71 708 260 770 constituta.

135 804 315 868 Diximus...
336 805 489 868 Ecclesiae
503 815 533 867 et
547 807 774 868 communitates
790 809 849 869 rite
867 817 999 888 erectam
1018 811 1092 891 quia

71 906 105 966 in
122 905 221 966 societ
208 910 272 966 tate
287 903 446 984 religiosa,
463 923 526 967 non
542 925 631 967 secus
646 924 683 967 ao
699 906 732 966 in
747 895 896 969 societate
910 909 1089 988 temporali,

71 1003 163 1064 nulla
179 1004 390 1066 communitas
409 1004 552 1065 subsistit
570 1023 642 1066 cum
656 1004 728 1084 jure
747 1005 931 1100 acquirendi
943 1011 976 1067 et
991 1008 1089 1087 possi-

72 1101 182 1179 dendi,
197 1099 259 1162 nisi
271 1102 442 1163 constituta
457 1108 489 1163 et
501 1103 679 1196 approbata
691 1103 787 1164 fuerit
774 1093 989 1166 tauctoritete
1002 1125 1090 1186 supe·

70 1201 166 1262 rionis
176 1205 383 1280 competens
395 1189 551 1274 Quamdiu
562 1202 650 1262 deest
660 1203 1015 1280 canonioaconstitutio,
1023 1205 1092 1266 dari

71 1305 178 1379 potest
189 1317 325 1379 persona
335 1291 463 1360 moralis
474 1301 585 1374 civilis,
597 1301 647 1362 vel
658 1319 793 1380 persona
803 1299 978 1377 individua,
991 1321 1091 1383 capax

71 1399 218 1474 dominii,
235 1399 295 1460 sod
304 1399 424 1462 bonum
440 1400 616 1482 temporale
632 1401 672 1461 ab
690 1400 747 1461 illa
761 1400 950 1480 acquisitum
967 1419 1031 1462 non
1045 1421 1092 1464 re·

71 1517 116 1577 pu
117 1501 206 1558 tatur
220 1496 339 1559 bonum
354 1499 610 1576 ecclesiasticum,
628 1516 686 1561 neo
705 1499 802 1560 habet
822 1499 987 1578 privilegia
1000 1501 1091 1614 bonis

70 1595 315 1657 ecclesiasticis'
303 1614 383 1676 Jure
380 1599 544 1660 canonico
562 1617 696 1683 annexa.

131 1694 318 1756 Posuimus
310 1713 439 1775 ansuper
448 1715 482 1758 m
490 1698 573 1758 thesi
583 1697 767 1772 Ecclesmm
780 1715 834 1758 seu
847 1698 1091 1759 communitates

70 1813 139 1855 rem
155 1793 358 1874 acquisivisse
367 1795 497 1876 proprio
512 1797 640 1871 nomine,
652 1783 727 1857 utris
738 1815 805 1858 suos
815 1815 886 1856 usos
900 1795 1090 1873 adhibeatur,

70 1893 159 1973 quod
171 1899 219 1953 est
229 1893 354 1972 signum
366 1894 580 1974 proprietatis.
589 1893 675 1956 Nihil
686 1895 792 1956 obstat
802 1894 888 1975 quod
896 1895 1091 1957 intercedere

70 1991 188 2052 debeat
214 2009 358 2054 assensus
382 1993 552 2072 superioris
576 1999 611 2056 ut
633 1993 692 2054 fiat
708 1994 897 2073 acquisitio,
925 2011 983 2054 neo
1007 1995 1092 2074 quod

70 2089 285 2150 communitas
303 2091 440 2152 alienare
458 2110 522 2152 non
542 2091 647 2152 valeat
663 2091 748 2153 bona
762 2092 860 2152 semel
876 2092 1033 2172 acquisita
1046 2092 1093 2152 in-

71 2182 218 2249 consulto
234 2184 347 2249 eodem
363 2189 535 2269 superiore.
552 2191 625 2251 Haec
637 2190 805 2250 necessitas
821 2191 939 2270 probat
951 2208 1093 2251 commu·

71 2289 206 2347 nitatem
229 2287 388 2348 subditam
407 2303 473 2348 esse
494 2288 675 2349 auctoritati
694 2288 864 2367 superioris
882 2293 915 2348 et
935 2289 1090 2367 quodam·

71 2389 170 2449 modo
190 2390 249 2451 sub
269 2388 385 2462 tutela,
408 2389 520 2451 eadem
539 2389 604 2452 fere
625 2391 747 2453 ratione
768 2409 804 2452 ac
823 2390 855 2452 in
877 2395 986 2456 ordine
1009 2397 1091 2459 civili
1146 2411 1148 2416 '

71 2486 187 2560 minor,
205 2506 263 2548 nec
281 2487 456 2565 acquirere,
476 2505 535 2548 nec
551 2488 690 2550 alienare
706 2493 809 2569 potest
827 2490 944 2570 absque
962 2511 1091 2554 assensu

72 2586 204 2660 tutoris3
222 2586 277 2648 sed
296 2586 477 2646 nullatenus
496 2586 601 2647 obstat
621 2587 697 2668 quin
717 2588 928 2650 communitas
949 2590 1092 2654 obtineat

73 2686 254 2746 dominium
268 2686 396 2766 proprie
411 2686 543 2749 dictum.

133 2783 217 2846 Noto
185 2785 408 2858 t.-Quando
420 2785 630 2847 communitas
643 2786 813 2848 ecclesiast
791 2793 865 2864 tica,
876 2787 1019 2850 dioecesis
1023 2808 1093 2869 ‚·pa

71 2883 271 2958 rochia,etc.
277 2883 456 2957 ..,bonum
472 2886 645 2964 temporale
661 2886 841 2966 assequitur
856 2887 1032 2951 donat'trone
1042 2889 1092 2950 vei

72 2983 269 3061 fundatione,
287 3001 306 3042 a
307 2984 449 3045 ttondere
465 2983 558 3045 debet
574 2985 680 3046 ad't
633 3003 666 3045 m
668 2985 841 3068 tentionem
856 2987 1089 3050 manifestatam

74 3079 251 3154 donatoris3
270 3099 311 3141 an
325 3099 392 3141 rem
409 3081 531 3142 dederit
547 3086 582 3141 ut
600 3084 640 3143 ad
656 3084 751 3143 tinem
773 3085 953 3163 specialem,
970 3086 1003 3145 in
1019 3090 1092 3147 actu

73 3177 253 3238 donationis
284 3196 478 3258 expressum,
498 3179 665 3255 inserviat3
684 3199 724 3240 an
749 3182 783 3241 in
809 3201 884 3242 usus
908 3201 1092 3244 communes

73 3275 330 3338 determinandus
350 3277 481 3338 arbitrio
500 3277 658 3357 Episcopi,
677 3279 824 3356 parochi,
841 3281 1012 3342 alteriusve
1027 3299 1093 3343 ree-

74 3373 159 3435 toris.
177 3374 210 3436 Si
225 3375 309 3435 hona
323 3375 526 3436 destinaverit
541 3375 635 3436 alicui
654 3377 800 3436 instituto
817 3377 850 3436 in
866 3379 980 3467 speciq,
1000 3397 1035 3441 v:
1045 3397 1089 3459 g„

74 3471 335 3547 confraternitati,
353 3471 520 3542 seminario
533 3472 656 3550 maj0ri,
670 3473 840 3535 seminario
856 3477 982 3550 minori,
1001 3495 1091 3537 exer-

75 3571 155 3631 citiis
170 3571 355 3630 missionum
368 3570 674 3648 evangelicarum...,
688 3591 746 3633 nec
761 3573 935 3649 Parochus,
951 3593 1009 3635 neo
1025 3575 1091 3653 ipse

75 3668 246 3746 Episcopus
274 3671 378 3746 potest
410 3667 496 3728 aliud
522 3668 701 3731 institutum
726 3670 915 3732 substituere
938 3673 971 3732 in
998 3672 1092 3750 hujus

75 3766 180 3826 locum
201 3763 287 3844 quod
307 3765 450 3826 donator¹
461 3765 682 3845 designaverit,
706 3769 831 3830 etiamsi
856 3769 916 3848 ipsi
946 3770 1092 3831 videatur
