2604 4274
231 239 284 293 406
493 243 571 293 PARS
591 244 639 293 111.
661 243 717 293 RES
736 241 984 294 succentarios.

233 369 248 400 (ι
270 341 517 423 uuiuscujusque
534 341 680 404 dimcesis
697 342 795 424 hujus
816 339 989 422 provinciae
1016 357 1122 412 usum,
1139 357 1242 404 omnes

231 466 247 497 «
269 459 349 521 peue
364 441 472 517 laceri,
489 441 555 502 imo
571 445 602 502 et
618 439 747 502 omniuo
758 438 939 519 consumpti
953 438 1027 512 sint,
1045 442 1076 498 et
1091 437 1146 498 vix
1158 457 1241 518 repe·

230 564 248 594 «
269 539 402 613 riantur,
432 557 489 599 nec
512 539 551 600 de
575 556 658 600 novo
681 537 823 618 imprimi
845 536 968 616 possint
984 536 1106 614 absque
1129 553 1241 615 magua

233 662 248 694 o
268 637 414 716 impensa
429 637 452 698 ¹.
470 635 573 697 »Alia
591 635 726 698 concilia
741 633 905 716 Episcopis
925 634 1200 696 demandaverunt
1212 642 1241 694 ut

228 733 397 812 diligenter
411 733 603 812 inspicerent
622 739 653 794 et
675 733 895 795 examinarent
919 749 1049 792 suarum
1070 731 1241 792 dioeceseon

227 830 399 905 Brevioria,
410 831 559 904 Missalia,
571 836 666 910 atque
675 831 753 892 alios
762 831 860 892 libros
871 828 1099 892 ecclesiasticos
1110 847 1149 888 ao
1159 846 1241 892 caere
1292 863 1293 918 p

227 929 392 1006 moniales,
414 948 454 990 nc
472 929 548 1008 quid
566 930 764 992 continerent
786 929 955 990 adversum
971 927 1126 988 doctrinm
1144 926 1242 988 oatbo-
1292 921 1293 984 l

227 1027 307 1101 lica,
321 1032 377 1088 aut
389 1027 471 1089 veris
484 1027 625 1090 historiis
635 1029 833 1110 Sanctorum,
845 1031 900 1088 aut
915 1025 1001 1104 quod
1015 1025 1057 1086 ad
1068 1024 1240 1086 edificatio·

227 1142 299 1185 uem
324 1124 496 1204 disciplinae
516 1122 736 1187 ecclesiasticae
756 1130 787 1186 et
806 1124 958 1203 pietatem
981 1141 1047 1184 non
1061 1122 1239 1201 pertineret,

224 1226 259 1284 et
267 1221 421 1284 librorum
437 1222 688 1300 emendatorum,
703 1222 810 1302 quoad
820 1222 890 1284 fieri
900 1225 1039 1301 poteret,
1052 1239 1112 1281 usu
1126 1225 1239 1282 servato
1293 1221 1294 1268 l

225 1320 415 1397 dioeceseon,
447 1347 462 1376 (ι
487 1321 579 1399 juxta
600 1326 705 1382 tamen
722 1320 968 1382 Constitutiones
992 1321 1024 1382 S.
1043 1318 1133 1380 PiiV
1157 1337 1239 1398 super

229 1440 244 1474 o
257 1417 416 1478 Breviario
428 1423 459 1478 et
467 1417 585 1478 Missali
597 1441 627 1492 »‚
639 1423 848 1496 procurarent
857 1416 1111 1496 impressionem.
1123 1416 1170 1476 lta
1176 1433 1233 1495 pra

223 1515 348 1576 caeteris
365 1515 534 1576 concilium
554 1515 821 1595 Rotbomagense,
843 1520 875 1576 et
891 1517 1046 1576 Remense
1064 1513 1153 1592 quod
1173 1513 1233 1574 bac
1294 1533 1295 1554 ¹

226 1612 349 1673 monita
373 1613 557 1693 superaddit
583 1633 590 1675 :
616 1637 632 1670 o
655 1614 716 1676 Ubi
739 1613 908 1692 indigesta,
936 1613 1107 1690 minusque
1129 1609 1235 1690 pietati

225 1732 244 1765 -«
265 1727 407 1772 consona
418 1711 579 1772 Brevioria
591 1711 641 1772 vel
655 1711 796 1772 Missalia
808 1709 996 1790 repererint,
1010 1713 1123 1770 curent
1137 1727 1235 1788 quam·

227 1829 243 1862 c
265 1806 405 1886 primum
420 1808 488 1870 fieri
501 1809 629 1888 poterit,
643 1809 685 1870 ad
701 1828 794 1870 usum
808 1807 955 1870 Ecclesia
969 1809 1134 1881 Romanae,
1152 1806 1233 1886 iuxta
1295 1790 1296 1874 l

229 1926 245 1962 o
265 1905 528 1968 constitutionem
543 1907 591 1968 Pii
606 1908 642 1983 V,
660 1906 837 1981 reformari,
852 1910 883 1968 et
897 1906 929 1966 iu
944 1906 1049 1967 lucem
1065 1904 1230 1979 emittiim-

227 2025 243 2056 «
264 2002 371 2080 pensis
385 2002 528 2064 dioecesis
545 2005 568 2066 ².
590 2027 605 2060 n

284 2099 371 2160 Mens
392 2099 489 2178 igitur
503 2104 633 2163 Petrum
657 2101 711 2181 qui
726 2102 854 2162 decreta
870 2101 1038 2162 ediderunt
1051 2098 1114 2159 fuit
1140 2103 1172 2158 ut
1185 2095 1228 2156 uel

223 2195 439 2276 reciperentur
454 2196 526 2260 libri
532 2198 624 2276 jussu
639 2201 670 2262 S.
686 2199 734 2260 Pii
750 2201 776 2260 V
790 2199 933 2274 correcti,
949 2197 1072 2260 caeteris
1087 2194 1226 2275 quibusli-
1296 2263 1297 2274 ,

223 2294 278 2356 bct
286 2296 411 2370 amotis,
423 2297 472 2358 vel
478 2297 690 2358 retinerentur
698 2295 827 2374 quidem
836 2296 911 2356 libri
919 2295 1040 2374 proprii
1048 2293 1230 2372 singularum

221 2390 413 2467 dioeceseon,
428 2395 484 2456 sed
499 2394 659 2457 emendati
677 2393 718 2460 ed
737 2411 883 2456 normam
895 2391 1049 2457 breviarii
1063 2396 1095 2451 et
1109 2388 1230 2453 blissalis

223 2489 369 2566 Romani,
381 2491 475 2570 juxta
488 2491 751 2566 Constitutionem
768 2490 910 2568 ejusdem
923 2488 1096 2550 Pontilicis.
1113 2488 1145 2550 Si
1160 2487 1230 2548 hano

222 2587 368 2664 regulam
383 2596 571 2664 servassent,
585 2588 753 2650 nullaorta
765 2589 875 2650 luisset
887 2587 1073 2661 difficultas3
1086 2586 1142 2647 sed
1156 2585 1230 2646 abea

222 2683 350 2756 in'caute
365 2705 521 2748 recessum
546 2692 603 2749 est.
625 2690 660 2750 ln
680 2687 839 2766 prioribus
862 2686 990 2765 quidem
1010 2682 1227 2745 tentaminibus

222 2782 457 2846 reformationis
472 2786 706 2858 Breviariorum
721 2791 752 2846 et
766 2784 952 2858 Missalium,
967 2784 1008 2844 ad
1021 2781 1231 2862 praescriptum

221 2880 429 2942 conciliorum
444 2891 559 2944 cuncta
573 2882 819 2956 ordinabantur3
837 2885 948 2962 postea
962 2897 1038 2941 vero
1056 2881 1230 2959 scriptores,

221 2977 337 3057 quibus
351 2979 385 3042 id
397 2979 515 3042 laboris
528 2981 730 3044 commissum
743 2966 858 3053 iuerat,
875 2979 972 3040 nimio
987 2978 1163 3040 innovandi
1174 2977 1231 3038 zelo

220 3077 356 3156 abrepti,
383 3079 513 3157 quidam
532 3080 628 3140 etiam
647 3079 730 3140 male
750 3078 857 3140 affecti
877 3079 910 3140 in
932 3077 1107 3140 Ecclesiam
1130 3079 1232 3138 Roma-

222 3192 309 3248 nam,
325 3181 357 3238 et
380 3195 511 3255 pravam
530 3177 765 3238 emulationem
789 3175 945 3238 subsalsa
968 3175 1073 3256 specie
1099 3174 1159 3236 zeli
1182 3190 1231 3253 pru

222 3273 446 3336 reformatione
457 3274 593 3352 liturgiae
608 3274 649 3334 ad
669 3274 836 3334 severioris
848 3273 970 3336 critices
990 3291 1139 3334 normam
1152 3269 1231 3332 dissi·

221 3369 388 3447 molentes,
412 3373 513 3433 multa
534 3371 724 3433 eveteribus
745 3372 859 3432 ritibus
879 3390 917 3432 ac
932 3371 1080 3450 precibus
1096 3369 1228 3430 detraxe·

221 3474 311 3543 runt,
327 3469 429 3531 multa
446 3471 575 3550 insuper
600 3488 684 3532 nove
705 3469 856 3532 inducere
878 3469 983 3530 conati
1002 3473 1086 3541 suni,
1106 3467 1185 3528 adeo
1199 3469 1229 3525 ut

268 3617 291 3664 1.
304 3614 401 3678 bobbo,
418 3614 483 3666 Uolt.
494 3615 679 3676 Consiliorum,
695 3619 759 3666 tom.
771 3615 824 3677 XV,
837 3614 888 3667 col.
904 3615 959 3673 ott,
972 3613 1032 3664 1131
1044 3615 1071 3662 et
1086 3611 1147 3662 1616

270 3720 294 3766 2.
308 3715 405 3778 labbe,
417 3717 463 3768 loc.
481 3721 535 3781 cit,
550 3719 600 3769 eol.
612 3721 667 3779 824,
683 3719 737 3769 888.
