2604 4274
131 265 133 268 ·
208 243 263 302 tot
475 255 551 304 rins
569 254 617 303 ιιι.
640 255 696 304 uus
716 251 963 303 suennsmsrmn.

206 369 401 451 liturgicum,
415 370 476 431 nisi
489 371 574 432 intra
583 371 701 431 limites
709 370 969 431 immutationum
978 387 1069 430 mere
1086 368 1227 430 acciden·
1280 381 1281 388 ’

207 467 320 530 talium
344 469 534 530 restrictum.
566 501 607 514 -·
635 469 791 530 Gestorum
820 467 980 547 Episcopi,
1007 466 1150 527 retentis
1172 467 1228 527 suis
1280 451 1281 488 ³

206 565 306 640 libris,
345 567 523 628 debuerunt
559 567 780 646 obtemperare
821 565 954 626 decretis
992 563 1226 626 universalibus

149 709 151 712 .
210 663 334 725 Sanctae
349 663 450 738 Sedis,
471 662 600 742 quando
620 683 703 726 nova
721 665 802 724 festa
824 662 1118 742 praescriberentur
1132 661 1226 722 inho

211 778 320 822 uorem
346 761 536 828 Sanctorum
551 779 660 823 recens
687 761 957 835 canonizatorum,
983 759 1034 820 vel
1061 759 1108 818 ad
1137 758 1226 820 alium

208 857 315 919 finem.

267 956 301 1016 3⁰
315 957 463 1035 Episcopi
476 957 531 1039 qui
543 962 691 1018 tenentur
704 957 751 1018 uti
764 955 924 1016 Breviario
938 960 969 1017 et
983 954 1112 1016 Missali
1125 956 1227 1016 Romo·
1279 1011 1280 1040 ,

208 1051 257 1113 nis
271 1053 393 1114 nullam
406 1060 549 1133 possunt,
564 1073 604 1116 ne
616 1055 650 1115 in
664 1054 803 1116 minimis
815 1039 954 1133 quidem,
970 1053 1224 1113 immutationem

85 1225 88 1230 1
208 1151 312 1212 iacere
330 1151 364 1212 in
385 1151 474 1214 libris
493 1153 682 1214 auctoritate
702 1154 826 1214 Sanctae
852 1151 944 1212 Sedis·
969 1150 1142 1212 correctis.
1170 1151 1223 1211 Nec

207 1255 440 1328 consequenter
456 1268 539 1311 nova
558 1250 663 1312 officia
685 1250 812 1324 addere,
829 1267 887 1310 nec
902 1249 1007 1310 officia
1022 1247 1223 1309 constabilita

186 1345 240 1406 'in
252 1347 352 1422 ritum
367 1349 562 1427 superiorem
577 1353 712 1423 mutare,
724 1347 892 1409 nccullam
905 1346 1080 1427 partemin
1094 1345 1219 1426 hymnis,
1279 1405 1280 1424 ,

208 1443 402 1523 antiphonis,
413 1445 675 1519 seductionibus,
685 1445 919 1506 emendaresuo
929 1443 1066 1505 arbitrio
1080 1447 1219 1522 possunt;

208 1541 263 1602 sed
271 1542 297 1602 si
312 1542 389 1620 quid
400 1543 567 1625 inproprie
580 1562 645 1604 suae
659 1543 832 1622 respective
847 1542 992 1604 dioecesis
1000 1541 1218 1619 corrigendum

207 1637 364 1714 videatur,
377 1657 428 1700 res
440 1641 612 1703 deferenda
626 1646 674 1702 est
691 1641 732 1702 ad
753 1642 883 1702 Sacram
898 1640 1028 1701 Rituu'm
1051 1639 1216 1718 Congrega·

205 1734 338 1798 tionem.
355 1739 584 1800 Constitutione
600 1737 685 1813 Quod
698 1737 820 1813 ambis,
835 1737 985 1800 statuitur
999 1761 1015 1794 u
1028 1736 1215 1798 Brevin-ium

208 1858 225 1892 ι(
248 1834 337 1897 nullo
352 1855 494 1917 unquam
513 1844 669 1918 tempore,
682 1837 733 1900 vel
747 1843 861 1911 totum,
875 1839 926 1898 vel
940 1843 1089 1915 exparte
1104 1841 1212 1897 mutan·

210 1957 226 1989 κ
248 1933 335 2011 dum,
352 1935 402 1996 vel
417 1936 538 2014 aliquid
545 1937 574 1998 ei
587 1937 777 2012 addendum,
792 1935 980 1996 velomnino
991 1933 1209 1996 detrahendum

211 2054 226 2085 κ
248 2049 314 2092 esse
332 2049 339 2093 :
357 2050 395 2093 ac
410 2050 629 2112 quoscumque
649 2034 711 2112 qui
724 2034 820 2093 horas
842 2033 1010 2094 canonicas
1032 2051 1078 2093 ex
1095 2047 1170 2092 more
1182 2035 1209 2090 et
1280 2079 1281 2140 t

212 2147 227 2186 u
247 2127 308 2188 ritu
321 2129 421 2208 ipsius
434 2132 584 2191 Romanae
604 2130 764 2203 Ecclesiae,
776 2129 851 2209 jure
864 2129 915 2191 vel
930 2129 1159 2191 consuetudine
1170 2125 1209 2186 di·

209 2247 225 2280 «
247 2243 317 2286 cere
331 2225 380 2286 vel
394 2226 529 2305 psallere
544 2228 671 2301 debent,
688 2227 859 2307 propositis
868 2219 971 2305 poenis
980 2245 1040 2307 per
1058 2224 1210 2288 canonicas
1280 2287 1281 2328 ,

208 2343 223 2378 u
245 2323 423 2385 sanctiones
445 2325 622 2386 constitutis
642 2326 675 2385 iu
691 2325 815 2404 eosqui
830 2324 973 2385 divinum
990 2325 1135 2386 officium
1156 2339 1207 2382 non

208 2439 225 2475 «
246 2420 393 2498 dixerint,
411 2422 635 2484 addicendum
649 2428 680 2483 et
693 2423 895 2502 psallendum
910 2422 1044 2501 posthac
1061 2422 1094 2483 in
1109 2437 1208 2500 perpe·

207 2537 225 2572 «
246 2522 336 2578 tuum
358 2518 453 2580 horas
469 2518 555 2598 ipsas
573 2520 703 2594 diurnas
727 2526 760 2581 et
778 2521 949 2582 nocturnas
964 2539 1004 2582 ex
1017 2519 1117 2600 hujus
1127 2521 1205 2579 Rom.
1278 2554 1279 2557 =

207 2634 225 2669 ι(
245 2614 397 2677 Breviarii
410 2617 596 2697 praescripto
611 2623 642 2678 et
656 2617 779 2679 ratione
794 2619 923 2680 omnino
939 2619 1051 2679 teneri.
1070 2641 1085 2678 a
1280 2695 1281 2708 χ

265 2711 335 2774 536.
351 2747 391 2758 -
405 2715 457 2775 111.
470 2715 635 2776 Conclusio
650 2716 806 2792 generalis
821 2734 860 2776 ex
875 2716 1011 2776 narratis
1025 2703 1172 2786 historia,
1183 2715 1207 2771 et

206 2807 246 2868 e'x
266 2809 430 2890 principiis
442 2811 607 2891 hucusque
622 2813 810 2887 constitutis,
828 2812 897 2874 hsce
912 2813 952 2874 sit
969 2831 976 2873 :
993 2813 1035 2873 ad
1048 2815 1081 2874 S.
1094 2807 1207 2872 Pontifi-
1280 2855 1281 2920 t

206 2923 275 2966 cem
295 2907 451 2985 pertinere
479 2910 608 2988 plenam
631 2928 852 2990 summamque
875 2910 1129 2992 jurisdictionem
1151 2910 1204 2966 stc·

206 3004 315 3063 tuendi
329 3005 368 3066 de
383 3006 487 3066 forma
499 3006 599 3096 divini
612 3008 709 3070 oflicii
724 3013 755 3069 et
769 3009 808 3069 de
824 3009 946 3071 caeteris
961 3009 1106 3088 partibus
1121 3019 1205 3066 sacra
1280 3053 1281 3104 ,

206 3098 353 3180 liturgiae,
369 3102 402 3163 in
413 3103 585 3166 Ecclesiam
593 3105 804 3167 universalem
817 3112 848 3166 et
861 3106 895 3168 in
910 3105 1052 3184 singulas
1066 3101 1205 3167 Ecclesias

206 3200 423 3276 particulares.
1280 3274 1281 3292 χ

265 3299 319 3361 SS.
337 3300 506 3363 Pontifices
518 3301 705 3364 exercitium
714 3319 780 3363 suae
791 3299 1020 3380 jurisdictionis
1034 3301 1067 3360 in
1082 3315 1115 3360 rc
1128 3296 1201 3356 titur·

207 3392 277 3471 gica
287 3399 403 3475 partim
415 3398 641 3461 commiserunt
652 3401 684 3461 S.
700 3398 829 3458 Rituum
840 3394 1094 3476 Congregationi,
1103 3395 1139 3456 de
1148 3407 1201 3471 qut

205 3489 239 3550 in
247 3493 350 3570 prima
357 3502 448 3574 parte
458 3497 685 3558 Praelectr‘onum
695 3495 831 3556 diximus
837 3495 961 3576 (wilt),
972 3500 996 3557 t.
1009 3497 1034 3570 l,
1044 3516 1075 3575 p.
1087 3489 1159 3570 liiii).
1171 3485 1200 3548 Vi

208 3588 443 3655 Constitutionis
455 3593 734 3667 ImmensaSixtiV‚
748 3596 779 3655 S.
790 3595 999 3672 congregatio
1005 3593 1059 3672 jus
1068 3591 1156 3653 habet
1163 3585 1200 3645 in·
1272 3667 1276 3676 1

205 3691 400 3766 terpretandi
410 3693 538 3756 decreta
546 3693 585 3754 de
596 3693 684 3754 cultu
695 3691 813 3766 divino,
826 3692 1018 3754 reformandi
1027 3692 1138 3754 abusus
1150 3679 1195 3762 qui
