2588 4276
68 254 77 266 ι
169 295 238 343 ART.
261 295 303 342 lv.
325 294 465 343 Anurssm
487 295 631 344 utentum
650 296 683 343 IN
702 294 796 343 amru
817 294 985 343 nsuleloso.
1031 287 1085 342 263

53 413 130 471 bus
138 411 327 484 instruatur;
339 411 428 472 favor
437 429 511 472 vero
520 411 666 488 religioni
675 416 711 471 ut
721 411 835 490 probet
846 429 949 472 mores
960 411 1080 487 novitii,

52 509 125 588 qui
148 527 217 569 cum
244 513 291 568 est
310 509 501 587 professioni
519 509 705 588 proximior,
724 509 803 570 solet
825 509 926 589 magis
947 509 1083 589 experiri

54 613 173 667 utrum
189 625 264 667 vero
279 606 356 680 zelo,
378 625 419 667 an
438 607 580 668 humano
601 607 727 680 affectu,
752 611 870 667 statum
893 607 1080 686 religiosum

54 704 230 783 elegerit¹.

127 805 232 863 Annus
246 801 442 880 probationis
460 802 627 863 continuus
640 802 680 863 sit
694 807 837 882 oportet,
853 821 928 863 nam
943 803 1081 882 ubijura

54 899 145 961 certi
153 901 303 979 temporis
312 901 507 962 mentionem
520 901 652 974 faciunt,
668 899 803 983 intelligi
816 900 933 962 debent
949 902 986 960 de
1003 907 1082 962 tem-

56 1017 144 1077 pore
157 999 319 1060 continuo.
330 999 449 1076 Regula
461 1016 499 1059 eo
510 999 611 1076 magis
624 1001 717 1075 urget
731 997 816 1077 quod
828 998 994 1075 integritas
1007 999 1082 1059 anni

57 1096 236 1156 novitiatus
248 1096 341 1157 valde
356 1095 458 1176 prosit
470 1095 511 1156 ad
525 1095 726 1174 probandam
746 1095 859 1156 novitii
871 1096 996 1155 firmam
1008 1116 1082 1176 per-

60 1198 325 1272 severantemque
341 1193 590 1272 dispositionem.
604 1191 724 1254 HincS.
739 1191 947 1270 congregatio
961 1193 1083 1254 censuit

60 1289 219 1350 novitium
231 1290 285 1370 qui
295 1291 513 1352 emonasterio
526 1289 660 1365 abierat,
673 1294 710 1350 ut
720 1289 819 1350 aliam
834 1290 1022 1368 religionem
1036 1291 1082 1351 in-

61 1389 259 1466 grederetur,
278 1389 356 1449 duas
377 1394 502 1450 tantum
522 1389 617 1449 horas
637 1388 671 1449 in
692 1387 754 1448 alio
778 1393 937 1449 conventu
959 1407 1081 1450 moram
1138 1409 1140 1412 ·

61 1491 215 1560 traxerat,
230 1491 262 1546 et
277 1487 351 1547 laeti
366 1487 489 1547 deinde·
499 1485 655 1566 poenitens
675 1503 820 1546 reversus
840 1485 955 1560 fuerat,
978 1488 1082 1548 teneri

62 1583 205 1664 incipere
219 1602 337 1645 novum
354 1602 474 1644 annum
483 1583 690 1664 probationis.
709 1586 778 1644 Non
790 1584 835 1644 ita
850 1583 1030 1658 dicendum,
1041 1585 1078 1662 si,
1121 1636 1123 1639 .

62 1700 137 1741 eum
163 1682 363 1761 superiorum
390 1682 533 1756 lieentia,
564 1682 718 1742 familiam
745 1700 851 1756 suam,
880 1682 1080 1759 negotiorum

62 1797 168 1855 eausa,
190 1778 312 1857 adierit,
337 1779 387 1840 vel
406 1779 431 1839 si
450 1779 567 1841 invitus
591 1779 774 1840 retrahatur
796 1798 812 1840 e
832 1779 1024 1840 monasterio
1050 1785 1081 1840 et

63 1882 173 1956 postea
187 1877 298 1938 redeat
306 1877 346 1938 ad
358 1882 510 1938 consueta
524 1878 678 1938 exercitia
693 1895 757 1938 suae
769 1877 975 1957 probationis.
988 1877 1079 1939 Ratio

63 1974 254 2034 discriminis
269 1975 439 2036 manifesta
450 1984 506 2035 est.
522 1977 557 2036 ln
570 1975 669 2053 priori
680 1993 765 2050 casu,
783 1975 884 2037 exitus
895 1993 966 2036 cum
977 1975 1082 2035 dimis-

64 2072 149 2134 sione
163 2072 306 2149 habitus,
317 2073 422 2134 animo
435 2073 622 2150 religionem
632 2073 841 2153 relinquendi,
860 2078 906 2134 est
921 2072 1079 2134 abdicatio

64 2175 95 2230 et
108 2167 245 2232 desertio
261 2171 437 2249 religionis;
453 2171 661 2250 quamobrem
672 2171 698 2230 si
713 2171 850 2232 novitius
865 2176 982 2230 statum
998 2187 1080 2230 reas-

62 2274 178 2344 sumat,
192 2287 312 2330 novum
327 2287 445 2330 aunum
459 2269 596 2347 incipere
605 2269 710 2344 debet,
727 2287 801 2328 nam
814 2267 915 2328 adluit
925 2267 1081 2346 iuterrup-

64 2367 106 2428 tio
121 2367 268 2442 moralis;
284 2368 469 2428 insecundo
485 2372 591 2427 autem
607 2385 681 2426 casu
696 2365 834 2426 novitius
847 2369 964 2425 statum
980 2365 1080 2426 neuti-

64 2483 157 2542 quam
174 2465 308 2538 dimisit3
326 2464 477 2526 remansit
487 2464 571 2524 enim
585 2465 693 2524 animo
704 2469 735 2524 et
745 2463 850 2543 reipsa
860 2463 918 2523 sub
934 2464 982 2523 sui
996 2465 1079 2524 Prae-

63 2561 115 2622 lati
130 2563 308 2642 disciplina.
326 2561 467 2623 Licentia
484 2561 552 2622 dari
574 2561 667 2622 debet
683 2563 723 2622 ad
736 2567 862 2640 tempus
881 2549 993 2644 breve3
1012 2581 1077 2623 non

66 2661 189 2739 expedit
203 2666 240 2721 ut
256 2661 391 2722 novitius
415 2660 481 2740 qui,
505 2659 600 2720 etiam
625 2660 665 2720 ob
690 2678 818 2720 causam
844 2660 1076 2735 rationabilem,

66 2764 139 2836 puta
154 2760 196 2819 ad
213 2777 280 2818 rern
299 2751 498 2831 familiarem,
519 2757 570 2817 vel
592 2756 632 2817 ad
655 2758 830 2818 curandam
847 2757 1075 2835 infirmitatem,

65 2857 198 2917 obtinuit
207 2855 386 2917 libertatem
396 2855 544 2916 versandi
554 2860 644 2916 extra
657 2856 885 2916 monasterium
898 2875 955 2936 per
969 2855 1078 2935 plures

66 2973 194 3030 menses,
215 2954 412 3030 admittatur,
429 2959 558 3034 peracto
576 2973 670 3028 anne,
689 2955 729 3014 ad
750 2955 1000 3034 professionem
1016 2955 1076 3016 hoo

65 3053 201 3114 alienum
223 3057 406 3132 reputamus
421 3071 440 3112 a
456 3057 562 3112 mente
587 3051 712 3112 concilii
738 3057 770 3113 et
793 3053 848 3114 SS.
873 3051 1076 3128 Pontificum,

67 3150 116 3228 qui
134 3154 313 3211 statuerunt
327 3151 485 3230 integrum
497 3167 616 3210 annum
629 3149 828 3228 probationis
842 3150 1001 3228 agendum
1011 3151 1077 3211 fore

67 3247 95 3306 in
109 3248 206 3310 domo
217 3248 336 3309 ordinis
351 3266 445 3327 quern
459 3247 597 3308 novitius
609 3247 679 3307 vult
693 3247 847 3326 profiteri.

119 3347 156 3408 V.
174 3344 309 3425 Expleta
324 3364 409 3405 anno
427 3345 637 3423 probationis,
652 3345 790 3405 novitius
805 3344 997 3419 admittitur,
1014 3345 1076 3418 vel,

68 3442 90 3503 si
103 3461 166 3504 non
182 3442 344 3521 judicetur
358 3441 492 3503 idoneus
505 3441 579 3502 vitae
599 3441 767 3520 religiosa,
784 3461 801 3502 e
817 3440 1009 3516 monasterio
1028 3441 1076 3501 di-

69 3541 211 3614 mittitur,
233 3541 321 3602 adeo
332 3546 369 3601 ut
384 3559 449 3602 non
463 3539 557 3600 liceat
574 3539 738 3619 superiori,
760 3538 928 3618 nequidem
948 3557 1076 3600 consen·

109 3692 131 3738 l.
142 3688 181 3738 Gi.
191 3687 369 3752 Matthaeucci,
379 3673 507 3752 officiatis
516 3685 595 3737 curte
604 3686 789 3748 ecclesiastica,
798 3699 855 3748 cap.
864 3700 956 3751 xxxm,
966 3685 1002 3736 ni⁵
1008 3688 1076 3738 2-14.

68 3789 94 3800 -
104 3765 222 3830 Fagnun,
237 3763 267 3814 in
281 3777 339 3828 cap.
349 3763 392 3814 Ad
405 3766 530 3826 nostrum,
543 3777 575 3814 uu
589 3763 774 3824 Rusuccenses,
788 3761 823 3813 nn
836 3763 917 3814 l⁰·3l.
