2604 4274
214 233 267 288 llll
479 239 553 290 ΡΑΜ
573 239 621 290 111.
644 241 701 290 ulte
720 237 965 288 nostrumnon.

209 355 304 419 nocte
317 363 349 419 et
362 357 566 436 progreditur
580 357 620 418 ad
633 357 772 420 mediam
786 361 912 418 noctem
923 353 987 416 diei
996 354 1231 434 subsequentis.

160 457 163 464 '
206 456 271 528 Qui
288 473 346 535 per
365 455 449 516 diem
468 456 682 534 praetermittit
699 454 918 518 recitationem
933 452 1041 527 officii,
1058 470 1117 514 scu
1134 453 1234 532 partis

210 553 369 628 notabilis,
397 559 561 633 peccatum
588 572 684 632 grave
711 552 897 628 committit3
929 551 1075 612 sednon
1107 555 1234 614 tenetur

207 651 406 730 duplicatum
425 651 563 712 officium
583 651 763 730 persolvere
783 651 834 710 die
854 649 1061 728 subsequenti
1081 649 1117 709 in
1138 667 1232 729 repa·

205 749 363 810 nationem
374 747 492 822 delicti,
504 748 580 828 quia
589 767 670 810 onus
682 747 779 810 officii
792 753 839 809 est
854 759 1014 808 annexum
1030 745 1106 808 diei.

268 847 464 907 Nocturnum
479 864 553 909 cum
566 846 713 907 laudibus
726 844 854 907 recitari
867 849 974 924 potest
988 843 1104 923 pridie,
1123 833 1233 905 statim

204 961 245 1004 ac
257 944 416 1006 ellluxerit
432 944 543 1006 tertius
557 944 719 1023 quadrans
736 943 814 1018 diei;
835 942 869 1005 id
885 947 943 1015 est,
960 942 1008 1003 sol
1024 941 1232 1002 medietatem

204 1040 256 1102 sui
270 1059 378 1102 cursus
393 1040 561 1120 perfecerit
578 1057 667 1101 asuo
681 1040 857 1101 meridiano
873 1039 914 1100 ad
927 1056 1088 1100 occasum.
1102 1039 1162 1100 bist
1171 1039 1232 1118 pri·

205 1137 357 1216 vilegium
372 1137 531 1216 generale,
549 1137 777 1198 consuetudine
791 1136 982 1215 acquisitum
998 1153 1035 1196 ao
1050 1136 1230 1198 firmatum.

206 1269 247 1282 -
259 1237 307 1295 An
321 1240 431 1314 peccet
447 1234 633 1310 mortaliter,
655 1239 687 1296 et
705 1239 849 1314 repetere
868 1239 1014 1295 teneatur
1035 1239 1232 1294 nocturnum

203 1333 262 1412 qui
271 1338 344 1394 ante
353 1331 699 1411 tempusassignatum,
711 1337 748 1393 ut
758 1337 838 1412 puta
852 1349 872 1392 a
886 1331 1026 1392 secunda
1035 1330 1133 1405 hora,
1153 1348 1230 1409 qua·

203 1431 251 1491 vis
263 1435 353 1510 parte
372 1429 459 1505 anni,
471 1429 551 1490 illud
566 1429 757 1502 recitaverit,
769 1448 834 1490 non
850 1429 978 1490 omnino
998 1433 1128 1489 constat
1146 1428 1230 1490 inter

205 1529 362 1610 doctores.
381 1527 503 1600 Plures,
521 1545 658 1606 quorum
671 1527 855 1606 opinionem
867 1526 1165 1606 probabilissimum
1178 1545 1227 1587 re·

206 1628 321 1704 putant
338 1623 613 1699 Salmanticenses,
630 1625 740 1686 dicunt
753 1642 845 1704 posse
859 1623 1052 1684 matutinum
1067 1641 1145 1684 cum
1159 1623 1228 1686 lau·

209 1721 301 1782 dibus
315 1721 497 1782 immediate
511 1721 592 1782 hora
612 1722 753 1784 secunda
773 1722 848 1797 diei,
868 1740 933 1800 qua
949 1721 1053 1782 solent
1067 1739 1225 1801 vesperae,

206 1819 343 1895 recitari,
362 1819 437 1898 quia
451 1819 517 1881 dies
538 1819 767 1882 ecclesiasticus
781 1821 814 1881 in
830 1819 941 1880 ordine
959 1819 1002 1880 ad
1020 1819 1167 1880 officium
1181 1819 1227 1880 di·

203 1917 315 1978 vinum
328 1917 439 1997 incipit
456 1937 476 1978 a
493 1917 602 1997 primis
616 1918 768 1999 vesperis,
784 1917 875 1979 etsie
892 1917 973 1978 hora
990 1935 1054 1996 qua
1067 1921 1226 1978 canuntur

202 2015 315 2095 primae
330 2033 470 2095 vesperae
488 2015 617 2080 inchoat
629 2020 755 2094 tempus
769 2016 833 2076 disi
848 2015 1021 2096 sequentis,
1038 2016 1147 2094 quoad
1160 2031 1223 2076 ma·
1294 2081 1295 2088 ,

200 2113 342 2174 :tutinum
354 2113 561 2174 recitandum.
577 2113 693 2194 (Tracl.
705 2113 741 2176 de
756 2113 859 2190 Horta,
868 2133 939 2194 cap.
948 2131 995 2192 111,
1008 2122 1043 2174 n⁰
1059 2112 1224 2194 15.)s.1u·
1294 2101 1295 2124 ¹

199 2211 296 2290 :guori
306 2212 363 2290 qui
375 2211 452 2272 olim
468 2211 542 2272 huic
563 2211 706 2292 opinioni
720 2211 911 2288 edhaeserat,
929 2212 1025 2298 aliam
1041 2211 1222 2291 oppositam

202 2309 369 2389 amplexus
381 2316 438 2382 est,
462 2327 558 2388 quarn
573 2310 730 2371 veriorem
749 2310 837 2383 dicit,
857 2316 890 2371 et
904 2329 1003 2390 quam
1023 2309 1223 2371 communius
1293 2339 1294 2344 κ

199 2403 363 2488 receptam
378 2407 605 2468 existimamus.
623 2408 805 2468 Cavendum
820 2408 855 2468 in
874 2409 968 2487 praxi
985 2414 1020 2468 ut
1035 2407 1146 2469 clerici
1160 2425 1221 2468 non

199 2504 353 2567 inchoent
366 2506 583 2568 recitationem
598 2505 695 2566 officii
707 2511 780 2566 ante
795 2505 908 2566 horam
919 2505 1219 2584 tabulispraefixam,

199 2602 262 2662 uisi
275 2603 470 2664 obtinuerint
485 2623 504 2664 a
518 2605 548 2665 S.
567 2603 649 2666 Sede
662 2604 822 2665 indultum
833 2622 840 2679 ;
853 2605 910 2665 sed
921 2623 1019 2683 quum
1031 2603 1170 2682 quaestio
1184 2604 1220 2664 sit
1292 2671 1293 2678 ,

196 2699 308 2760 adhuc
322 2699 430 2778 dubia,
446 2706 477 2762 el
488 2701 593 2779 prima
606 2701 762 2762 sententia
776 2719 834 2762 sua
846 2701 1069 2780 probabilitate
1085 2720 1154 2762 uon
1169 2719 1219 2763 ca·

200 2802 281 2872 reat,
298 2798 344 2867 uti
359 2799 502 2875 agnoscit
516 2801 553 2861 P.
570 2801 665 2878 Gury,
685 2817 758 2860 cum
773 2818 810 2861 co
832 2799 1059 2862 concludemus
1077 2817 1156 2860 eum
1169 2799 1220 2878 qui

198 2898 274 2974 post
286 2894 399 2955 horam
415 2895 543 2973 quidem
558 2897 730 2958 secundam
743 2915 763 2956 a
777 2896 920 2970 meridie,
936 2896 990 2956 sed
1005 2901 1081 2956 ante
1093 2901 1219 2975 tempus
1291 2953 1292 2960 ,

201 3011 221 3054 e
234 2991 362 3054 rubrica
371 2992 550 3071 praeiixum‚
564 2994 783 3073 utaliquando
796 3013 836 3055 ex
847 2994 1008 3063 errorellt,
1023 2994 1217 3064 recitaverit,

202 3089 392 3152 abitcrando
401 3091 557 3152 matutino
569 3093 714 3154 excusari
720 3089 896 3173 posse.(Tr.
906 3091 942 3152 do
952 3089 1105 3167 Stolidus,
1113 3090 1218 3171 n⁰652l

260 3190 352 3250 Horae
362 3188 500 3250 minores
514 3189 576 3250 dici
594 3190 711 3252 debent
726 3207 734 3251 :
751 3190 860 3252 Prima
873 3195 905 3250 et
916 3189 1023 3250 Tertia
1038 3195 1114 3250 ante
1125 3189 1217 3250 meri·
1290 3201 1291 3254 l

195 3287 295 3362 diem,
312 3287 408 3349 Sexta
423 3293 455 3348 et
468 3289 559 3348 Nona
581 3293 654 3349 ante
669 3289 834 3367 vesperas,
852 3289 997 3367 Vesperae
1018 3293 1049 3349 et
1070 3288 1217 3368 Comple-

198 3384 316 3445 torium
328 3385 368 3445 ab
383 3385 464 3446 hora
475 3385 653 3447 meridiana
668 3385 709 3446 ad
726 3385 863 3446 mediam
876 3390 1013 3446 noctem.
1289 3447 1290 3450 ,

266 3503 280 3538 u
294 3483 428 3543 densent
447 3482 658 3545 communiter
671 3485 747 3556 Db„
762 3483 809 3543 ait
823 3482 968 3557 Billuart,
985 3501 1049 3544 non
1064 3483 1215 3545 excedere
1289 3483 1290 3536 l

200 3602 218 3634 «
233 3579 360 3658 culpam
372 3579 540 3655 venialem,
555 3580 581 3642 si
602 3584 705 3642 totum
720 3580 871 3659 officium,
887 3579 1069 3666 incipiendo
1083 3580 1214 3642 aMatu·

202 3677 316 3751 «linis,
341 3679 427 3740 intra
449 3678 561 3758 viginti
584 3685 722 3760 quatuor
746 3678 853 3758 horas,
885 3697 905 3740 a
927 3679 1034 3742 media
1060 3684 1154 3742 nocta
1177 3677 1215 3742 ad
