2568 4272
159 248 277 304 sarjv.
300 257 337 302 Dii
357 255 609 304 obtlolriortlabs
628 256 741 304 srlros
762 256 924 304 llllLllllOSl.
999 251 1049 302 293

11 392 74 432 non
96 371 291 432 dubitarent
310 378 411 433 crates
431 372 696 434 monasteriorum
716 371 903 433 monialium
923 373 1046 452 absque

12 469 169 544 licentia,
194 471 488 549 praetenderentque
513 470 545 531 id
570 471 630 531 sibi
653 489 716 530 non
740 489 808 530 esse
831 471 1047 546 interdictum,

11 569 44 629 S.
63 568 300 647 Congregatio,
317 569 378 629 hae
396 569 545 648 opinione
564 568 754 648 improbata,
773 568 947 629 declaravit
964 592 979 624 n
996 587 1046 628 re·

14 693 29 722 a
45 667 185 743 gularcs
199 667 426 746 cujuscumque
438 667 595 729 ordinis...
611 667 707 728 etiam
722 667 760 726 de
774 666 888 746 quibus
901 667 1047 746 specialis

18 789 32 822 n
47 763 181 825 mentio
204 765 287 826 foret
308 764 469 835 habenda,
492 766 547 844 qui
569 765 610 826 ad
634 765 827 826 monasteria
848 765 1047 840 monialium,

20 862 205 942 «quamvis
226 863 267 924 ab
283 863 440 924 Ordinarii
451 862 672 941 jurisdictione
690 863 929 941 quomodolibet
943 881 1049 923 exem·

21 967 124 1041 «pta,
155 962 277 1041 absque
305 961 447 1039 legitima
469 960 621 1022 facultate
646 961 812 1035 accedunt,
838 959 1049 1040 colloquendo

27 1078 115 1139 «per
136 1059 364 1139 quodcumque
385 1059 545 1121 modicum
566 1060 718 1138 temporis
736 1059 874 1137 spatium
890 1076 961 1118 cum
982 1077 1051 1120 mo-

27 1184 41 1212 «
55 1158 240 1219 nialibus...
258 1175 389 1236 peccare
410 1157 603 1232 mortaliter3
621 1175 737 1236 eosque
756 1156 813 1216 sub
833 1157 1050 1217 excommuni-

30 1281 42 1308 «
58 1255 210 1329 cationis
229 1255 416 1334 privationis
438 1254 523 1316 vocis
547 1255 657 1316 activae
682 1259 713 1315 et
732 1253 905 1334 passivae...
929 1254 1054 1314 statutis

30 1377 45 1409 «
58 1354 168 1432 poeuis
191 1371 285 1433 posse
308 1354 348 1414 ab
372 1353 549 1429 Ordinario,
578 1358 728 1433 tanquam
753 1352 842 1414 Sedis
862 1351 1052 1432 Apostolicae

36 1473 48 1509 c
61 1451 227 1530 delegato,
244 1452 401 1513 coerceri¹
421 1477 450 1512 ».

89 1551 162 1612 483.
174 1552 290 1610 -Lex
305 1549 458 1612 canonica
468 1551 633 1625 clausurae,
645 1549 748 1631 qualis
758 1550 791 1611 in
802 1548 1053 1629 praecedentibus

33 1648 214 1729 exponitur,
237 1637 364 1727 attingit
383 1649 508 1710 ordines
527 1655 559 1712 et
578 1648 839 1727 congregationes
861 1646 1054 1728 regularium

35 1749 278 1824 solemniavota
295 1749 520 1826 professorum,
537 1766 602 1809 non
621 1765 697 1808 vero
717 1745 979 1826 congregationes
1000 1763 1053 1806 ee-

39 1847 229 1908 clesiasticas
249 1851 304 1906 aut
322 1843 485 1924 religiosas
504 1863 575 1926 quae
597 1846 718 1906 habent
736 1843 958 1906 tantummodo
980 1848 1056 1905 vota

39 1945 204 2025 simplicia,
221 1944 282 2004 nisi
296 1943 388 2005 aliter
401 1943 560 2005 indultum
575 1944 680 2006 fuerit.

76 2043 237 2117 Glausura,
255 2061 351 2120 quam
364 2041 504 2124 papalem
520 2047 647 2115 vocant,
664 2041 724 2102 luit
740 2042 895 2103 hactenus
906 2039 1051 2102 ,conditio

39 2140 208 2202 essentialis
223 2140 325 2200 omnis
340 2140 473 2201 instituti
489 2139 674 2201 monialium
688 2143 724 2200 ut
736 2157 756 2199 a
767 2139 884 2200 Sancta
897 2137 977 2200 Sede
996 2137 1054 2198 ad-

40 2240 200 2299 mittantur
219 2236 354 2299 advola
374 2237 552 2299 solemnia:
570 2243 602 2298 et
621 2238 648 2297 si
667 2237 847 2298 institutum
867 2237 907 2297 ab
927 2253 965 2296 ea
985 2235 1055 2313 lege

44 2337 195 2411 deiiceret,
207 2335 277 2414 ipso
291 2337 374 2402 lactc
388 2337 565 2414 privaretur
578 2333 731 2396 beneficio
743 2335 880 2396 obtenta
895 2332 1054 2412 approba·

44 2434 139 2508 tionis,
164 2434 242 2514 quin
263 2433 362 2494 ullam
387 2434 419 2494 in
441 2433 636 2496 contrarium
662 2431 922 2494 consuetudinem
946 2437 1057 2510 posset

46 2533 184 2610 allegare.
201 2531 376 2612 Aliquoties
395 2531 541 2594 clausura
556 2532 632 2593 data
650 2537 698 2592 est
712 2529 901 2592 auctoritate
917 2530 948 2591 S.
966 2528 1056 2592 Sedis

46 2631 242 2692 conventibus
252 2630 438 2692 monialium
450 2637 526 2691 vota
541 2629 697 2709 simplicia
707 2628 929 2702 emittentium,
941 2645 1053 2707 quem·

49 2729 210 2791 admodum
234 2747 418 2790 concessum
440 2729 586 2791 novimus
609 2728 642 2789 in
667 2746 741 2788 casu
764 2725 971 2806 subsequenti
994 2743 1001 2786 :
1025 2725 1057 2785 in

51 2827 284 2906 congregatione
308 2827 448 2906 generali
470 2829 531 2889 EE.
559 2829 590 2889 S.
616 2829 706 2888 Rom.
733 2824 816 2887 Eccl.
842 2822 1056 2886 Cardinalium

52 2925 282 3006 prepositorum
296 2925 431 3003 negotiis
443 2926 670 3004 Episcoporum
684 2929 716 2985 et
727 2922 933 3002 regularium,
948 2921 1058 2983 habita

52 3023 253 3088 tdecembris
276 3023 364 3097 1839,
385 3023 549 3104 proposito
572 3022 680 3095 dubio,
702 3041 743 3082 an
763 3027 795 3082 et
817 3019 978 3101 quomodo
999 3017 1056 3080 anss

91 3202 112 3248 l.
126 3197 304 3258 Mattbaaucei,
317 3211 375 3262 cap.
391 3197 602 3258 riu-Ferraria,
614 3195 886 3255 v⁰llonioles,art.1v,
900 3202 932 3244 n⁰
945 3196 982 3243 ll.
994 3193 1057 3242 Pro-

54 3274 136 3326 hibitio
153 3275 203 3324 sub
215 3273 304 3337 poenis
320 3273 426 3323 indictis
439 3272 520 3322 allicit
538 3272 626 3321 solum
646 3270 823 3320 confessarios
840 3267 987 3332 regulares,
1003 3281 1057 3317 non

56 3349 192 3400 sacerdotes
210 3348 361 3399 saeculares.
380 3347 479 3409 Lucidi,
498 3347 531 3397 dc
546 3347 619 3396 Vicit.
638 3346 697 3396 Soc.
714 3346 792 3406 iim„
808 3345 861 3394 vol.
879 3345 911 3402 ll,
924 3356 985 3406 pag.
1002 3345 1056 3393 176.

60 3453 84 3463 -
110 3425 229 3485 Birrarri,
264 3423 439 3484 collectaneo,
468 3437 530 3488 pag.
559 3425 599 3483 at,
618 3436 652 3472 ¹aa
679 3423 786 3486 integro
815 3419 897 3470 relert
921 3417 1058 3468 decretum

58 3503 80 3552 S.
91 3501 311 3566 congregationis,
328 3514 372 3550 an.
389 3501 459 3550 1823.
470 3498 536 3551 Vide
557 3499 668 3562 insuper
684 3511 746 3562 pag.
761 3497 807 3546 485
824 3493 947 3560 ejusdem
959 3493 1058 3544 decreti

61 3575 282 3637 confirmationem,
300 3575 333 3626 dc
357 3575 486 3640 gravitate
506 3573 608 3638 peccati
629 3573 701 3646 quod
725 3571 898 3622 committunt
918 3568 1056 3632 regulares

61 3653 153 3715 quando
163 3651 337 3716 alloquuntur
349 3651 489 3710 moniales,
505 3650 585 3700 etiam
600 3663 725 3700 excausa
739 3644 904 3706 rationabili,
915 3645 937 3694 si
948 3659 1003 3696 non
1014 3646 1059 3696 ha·

64 3729 133 3779 beant
145 3728 280 3778 obtentam
295 3727 439 3777 licentiam.
620 3715 626 3724 ’
