2642 4268
255 257 308 311 476
519 264 596 314 plns
615 265 662 312 lll.
683 263 739 313 RES
760 263 1005 313 tccttstlst'lcn.

256 383 428 444 coemeterii
440 401 498 463 pro
517 383 683 463 sepultura
696 399 826 444 snorum
838 379 980 444 fidelium
990 400 1002 458 ;Ι
1012 380 1175 443 incumbit
1190 379 1275 444 enim

255 481 434 561 municipiis
453 499 525 561 quae
544 499 584 542 ex
602 481 694 542 bonis
712 480 811 541 totius
831 479 1068 542 communitatis
1088 479 1275 542 coemeteria

253 577 431 658 acquirunt,
442 577 595 659 obligatio
604 578 792 659 providendi
802 577 1041 639 necessitatibus
1050 577 1273 657 spiritualibus

251 676 429 738 incolarum
440 677 581 757 ejusdem
591 677 839 751 communitatis,
851 675 1273 756 quisusthacntsicutcoetcri
1311 737 1312 756 ἶ

251 793 348 836 onera
375 775 503 854 publica
526 781 558 836 et
582 775 773 856 profitentur
796 775 981 852 religionem
1002 773 1219 836 catholicam.
1245 775 1272 836 Si

250 874 578 953 Ecclesiadenegetur
586 873 1163 954 illaparscoemeterii‚locumsaltcm
1174 873 1271 934 bene·
1311 871 1312 898 l

249 971 325 1032 dicit
343 990 406 1053 quo
420 973 599 1036 tumulatur
613 990 728 1054 eorpus
746 971 898 1048 defuncti,
915 976 951 1032 ut
966 970 1062 1052 juxta
1078 970 1271 1032 traditiones

248 1069 446 1146 christianas
464 1071 570 1151 quoad
589 1071 659 1134 fieri
678 1075 793 1151 potest,
810 1070 965 1131 condatur
983 1070 1016 1131 in
1037 1075 1125 1132 terra
1142 1076 1267 1131 saneta.

307 1172 339 1231 2⁰
352 1171 528 1232 Proventns
542 1171 734 1252 temporales
750 1169 934 1245 coemeterii,
951 1169 1006 1250 qui
1018 1169 1143 1230 scilicet
1159 1167 1268 1230 oriun-

247 1272 298 1328 tur
319 1287 358 1330 ex
378 1268 496 1348 plantis
518 1274 550 1331 ct
573 1269 739 1330 arboribus
761 1285 846 1349 quaa,
866 1271 923 1330 aut
943 1273 1056 1347 sponte
1076 1273 1265 1340 nascuntur,
1312 1313 1313 1356 3

246 1370 300 1427 aut
313 1367 421 1429 labore
435 1366 600 1429 hominum
611 1372 829 1440 conseruntur,
842 1372 924 1428 etex
935 1367 1141 1428 concessione
1153 1366 1266 1428 tumuli
1312 1417 1313 1438 2

244 1463 276 1523 in
301 1470 490 1545 perpetuum
513 1471 569 1528 aut
595 1467 628 1526 in
652 1465 845 1546 praefinitum
868 1470 1005 1544 tempus,
1028 1465 1100 1542 lege
1125 1465 1264 1526 naturali

218 1619 219 1622 ,
244 1562 467 1624 adscribuntur
480 1563 610 1626 domino
619 1564 720 1625 fundi,
734 1563 879 1626 nitantur
886 1562 920 1624 in
935 1563 1135 1625 eontrarium
1150 1563 1261 1624 litterae

241 1679 334 1739 quas,
351 1679 435 1723 anno
452 1663 542 1737 1834,
559 1663 700 1724 cultuum
721 1662 958 1724 administrator
976 1661 1076 1722 civilis
1089 1661 1210 1724 direxit
1223 1663 1260 1722 ad

242 1759 429 1839 praeiectum
453 1761 612 1822 districtus
636 1763 802 1823 Garumna
826 1778 834 1823 ε
858 1779 968 1822 verum
991 1760 1061 1822 haec
1085 1760 1259 1840 praevalerc

218 1854 222 1862 '
242 1861 671 1941 nequeunteontraregulam
680 1862 861 1941 generalem
867 1858 1088 1939 jurenaturali
1097 1860 1255 1934 innixam3

241 1955 355 2018 rationi
379 1958 464 2019 enirn
485 1960 622 2020 maxime
645 1964 799 2020 consonat
819 1964 855 2019 ut
875 1977 922 2020 res
940 1956 1109 2040 sanctificet
1127 1957 1250 2018 denariae.

243 2077 259 2110 o
274 2055 361 2116 Gelui
376 2057 432 2135 qui
446 2076 465 2118 a
478 2057 510 2118 la
527 2058 687 2137 propriete
704 2058 779 2119 d’un
794 2056 925 2131 terrain,
942 2057 987 2118 uit
999 2074 1104 2117 recens
1117 2056 1248 2136 scriptor.

239 2177 259 2230 ¹«
274 2159 351 2232 peut
371 2154 439 2215 seul
456 2175 478 2235 y
496 2155 574 2216 faire
593 2157 648 2216 des
668 2156 877 2229 eoncessiens,
895 2173 949 2217 oar
968 2155 1043 2216 c'est
1057 2173 1103 2216 un
1119 2155 1253 2216 demem-
1313 2187 1314 2190 κ

244 2277 259 2307 κ
273 2251 417 2314 brement
441 2259 472 2316 et
494 2274 538 2315 un
562 2253 692 2334 produit
714 2255 752 2315 de
776 2253 809 2315 la
831 2253 991 2334 propriete
1014 2271 1022 2315 :
1047 2271 1205 2333 supposes
1225 2254 1255 2314 la

243 2373 258 2406 «
274 2351 418 2431 fabrique
426 2352 645 2432 proprietaire,
657 2356 689 2413 et
698 2352 914 2414 accenderala
922 2369 1090 2415 commune
1100 2351 1135 2413 la
1146 2352 1254 2414 saeuite

242 2471 257 2505 α
274 2449 313 2510 de
333 2450 485 2530 disposer,
502 2451 578 2513 c’cst
594 2451 748 2514 admettrc
762 2450 808 2512 les
821 2450 907 2512 ideas
922 2451 967 2511 les
982 2451 1054 2531 plus
1070 2451 1253 2513 inconcilia-

242 2570 258 2604 «
274 2547 373 2611 hles¹.
389 2571 403 2608 n

279 2645 509 2711 Nota-Placia
518 2650 617 2712 civilis
625 2649 797 2712 Galliarum
812 2649 924 2711 tribuit
937 2649 1066 2710 labrieae
1080 2648 1255 2729 parochiali

239 2744 364 2821 herbas,
381 2748 514 2832 fructus,
530 2755 563 2811 et
580 2767 684 2810 ramos
699 2750 850 2810 arborum
869 2765 939 2827 quae
955 2754 1068 2827 sponte
1084 2755 1257 2810 naseuntur

238 2842 272 2903 in
285 2847 475 2923 eoemeterio,
488 2848 608 2926 absque
623 2849 748 2909 cultura
761 2847 899 2908 hominis
912 2863 919 2908 :
932 2846 987 2906 clii
997 2863 1109 2907 omnes
1122 2865 1254 2926 proven·

240 2947 290 3002 tus
311 2943 533 3006 adscribuntur
556 2946 745 3026 municipiis,
769 2945 904 3026 quoties,
928 2949 1023 3024 prout
1046 2946 1256 3007 communiter

240 3043 452 3117 constituitur,
467 3044 641 3104 dominium
655 3045 828 3106 coemeterii
841 3043 977 3123 pertinet
989 3044 1029 3104 ad
1044 3045 1255 3106 communita·

239 3145 304 3200 tem
319 3141 476 3203 civilem².

300 3241 332 3299 2⁰
348 3241 480 3313 Quando
495 3241 575 3302 alter
590 3241 717 3322 eligitur
736 3242 824 3303 loeus
843 3241 1024 3322 sepulturis
1042 3241 1152 3321 priore
1168 3243 1255 3303 dere-

287 3431 309 3477 l.
324 3428 438 3493 (laudm,
457 3430 541 3480 Tacite
555 3430 586 3480 de
603 3407 632 3480 lu¹
645 3430 793 3494 quislulien
813 3431 857 3480 des
874 3429 963 3494 calles,
979 3435 1043 3482 tom.
1059 3431 1092 3490 ΙΙ,
1109 3441 1143 3480 n⁰
1161 3432 1219 3480 745.
1231 3457 1256 3466 -

241 3502 279 3551 Ci.
297 3503 407 3553 Journal
425 3506 469 3556 des
487 3506 629 3572 scabriones,
650 3511 715 3557 tom.
736 3508 768 3568 ll,
789 3521 848 3571 pag.
871 3509 931 3570 1823
952 3511 1017 3558 tom.
1037 3507 1093 3567 Vll,
1114 3522 1178 3572 pag.
1199 3509 1255 3566 269;

239 3583 304 3629 toni.
320 3583 386 3644 Vlll,
400 3597 460 3646 pag.
475 3585 535 3642 3723
549 3587 614 3632 tem.
629 3583 659 3646 X,
672 3599 698 3646 p.
711 3585 767 3632 361.

288 3675 311 3721 2.
327 3675 378 3724 Art.
394 3675 504 3738 361egis
521 3689 564 3726 an.
581 3680 650 3727 1809.
667 3678 705 3726 Ci.
720 3677 790 3726 Cede
806 3677 850 3726 des
864 3676 999 3748 subriperes
1013 3678 1094 3741 (auct.
1111 3677 1145 3729 de
1162 3679 1254 3729 Cham-

241 3749 348 3810 peaux).
363 3754 381 3798 t.
394 3751 415 3811 1,
427 3764 455 3813 p.
470 3754 523 3812 ltl,
538 3751 572 3800 du
583 3752 693 3802 Pneduil
703 3753 830 3816 spontant
843 3754 887 3802 des
901 3751 1059 3803 Oim'etidres.
