2588 4276
124 284 199 334 ΛΒΤ.
225 286 274 335 111.
292 286 473 335 lernoenrto
493 287 591 336 onetn.
613 287 652 336 ΕΤ
672 287 797 336 esserto
818 287 961 335 convene.
1001 277 1049 332 23¹

33 401 232 463 referuntur.
251 405 347 484 Atqui
361 406 538 467 sanctiones
552 406 711 467 canonicae
727 407 766 466 de
786 404 900 483 quibus
918 403 1052 480 agimus,

33 501 53 560 si
74 517 172 560 sensu
200 505 345 565 naturali
371 503 539 566 verborum
561 509 593 566 et
621 510 771 566 consueta
796 503 1054 582 interpretatione

33 600 273 682 temporisque
291 602 383 664 editae
399 607 472 664 sunt
490 609 667 677 sumantur,
690 603 834 664 alliciunt
853 601 1054 662 solummodo

33 699 304 776 congregationes
321 701 485 779 religiosas
500 719 571 780 quae
588 706 663 762 vota
678 701 789 762 saltem
808 699 965 778 simplicia
982 717 1054 776 oum

32 797 142 856 habitu
155 797 329 878 religionis
343 799 473 862 babent.
488 799 636 873 Quamvis
652 799 781 860 enimin
795 800 927 859 Decreta
943 796 1054 857 Conci-

33 894 63 954 lti
74 913 137 954 vox
152 893 244 956 Ordo
256 898 337 958 forte
349 897 444 958 latius
459 903 567 977 pateat
579 917 677 978 quam
690 915 752 960 vox
765 896 893 975 Religio,
909 901 945 956 ut
960 899 1054 956 nota-

34 999 96 1052 tum
107 993 258 1055 diximus
278 1015 297 1056 a
314 997 497 1071 canonistis,
518 1002 810 1076 nunquamtamen,
824 1015 881 1055 usu
902 997 1054 1056 consueto

36 1093 201 1171 loquendi,
221 1111 287 1154 vox
299 1095 355 1156 ills
368 1100 441 1156 tuno
453 1097 606 1174 temporis
619 1115 683 1156 non
699 1113 787 1156 secus
800 1113 837 1154 ac
848 1093 971 1155 saeculis
983 1090 1056 1156 sub·

39 1191 259 1270 sequentibus,
288 1193 431 1255 adbibita
451 1194 510 1254 fuit
534 1193 679 1255 adalind
702 1193 931 1270 designandum
957 1208 1054 1270 quam

39 1289 224 1350 lnstitutum
238 1288 420 1370 religiosum
437 1292 529 1365 rotie,
545 1293 656 1352 saltem
671 1290 877 1372 simplicibus,
892 1290 1053 1350 firmatum

42 1393 67 1447 et
77 1388 195 1449 habitu
211 1409 232 1450 a
247 1391 450 1452 societatibus
463 1390 667 1452 sacularibus
682 1389 876 1462 distinctum,
900 1389 967 1448 sine
983 1386 1053 1466 qui-

42 1485 92 1545 bus
105 1504 147 1546 ne
162 1488 548 1568 excogitabaturquidem
558 1484 707 1550 constitui
717 1503 809 1567 posse
820 1487 964 1547 ordinem
979 1484 1054 1546 reli-

44 1585 173 1660 giosmm.

94 1685 168 1747 448.
189 1717 231 1732 -·
243 1687 285 1747 ll⁰
303 1685 411 1747 Utrum
432 1695 462 1747 et
483 1693 627 1767 quatenus
652 1685 809 1747 necessitas
830 1677 1076 1766 approbationes

48 1791 210 1862 temperata
220 1783 318 1863 suerit
331 1804 351 1845 a
366 1793 496 1867 tempore
510 1783 629 1846 conatii
641 1780 867 1863 sequanenses?

96 1881 120 1941 Ι.
134 1882 315 1960 Disciplina
325 1902 344 1942 a
354 1883 487 1944 concilio
499 1861 702 1962 tigernensi
712 1881 833 1942 sancita
842 1880 875 1940 in
886 1899 941 1941 suo
951 1879 1056 1959 rigore

49 1978 81 2037 ad
94 1985 240 2040 nostram
255 1984 381 2041 estatem
399 1981 571 2060 permansit
588 1980 694 2059 quoad
715 1997 824 2041 omnes
841 1979 967 2040 ordines
980 1979 1054 2040 reli-

50 2076 157 2155 giosos,
181 2078 238 2156 qui
253 2078 372 2139 habent
391 2081 465 2140 vota
481 2079 651 2154 solemnis3
672 2079 750 2140 adeo
769 2084 805 2139 ut
825 2095 982 2157 nusquam
997 2077 1054 2138 ad-

50 2175 134 2235 missa
145 2177 187 2237 sit
198 2177 350 2238 solemnis
362 2177 517 2256 professio
531 2178 605 2238 vitae
618 2177 786 2259 regularis,
800 2178 919 2256 absque
935 2177 1054 2257 praevia

51 2275 274 2351 approbatione
290 2275 378 2337 Sedis
389 2275 593 2354 Apostolioae.

100 2371 138 2434 ll.
150 2375 331 2453 Atempore
341 2374 467 2434 concilii
478 2374 704 2451 Lugdunensis,
718 2393 755 2436 ac
765 2375 940 2453 praesertim
951 2393 969 2434 s
979 2380 1057 2435 tem·

5 2487 6 2490 ¹
51 2486 116 2544 porc
129 2471 258 2532 concilii
270 2471 456 2546 Tridentini,
468 2473 613 2551 plurimae
624 2473 889 2550 Congregationes
903 2459 1054 2532 institutae

53 2573 114 2628 sunt
124 2588 198 2629 oum
207 2571 289 2630 votis
301 2570 506 2650 simplicibus
519 2569 585 2630 sine
598 2571 717 2650 praevia
728 2571 956 2650 approbatione
967 2571 1056 2632 Sedis

5 2699 6 2702 =
53 2667 246 2743 spostolicae.
258 2668 434 2729 ldvetitum
450 2667 683 2747 quidcmfuisse
693 2687 751 2748 pro
767 2669 1055 2730 conventibusmu-

6 2777 7 2792 ³
54 2761 152 2826 lterum
177 2785 196 2828 a
219 2767 251 2828 S.
273 2767 329 2827 Pio
349 2767 376 2828 V
396 2766 533 2826 vidimus
554 2785 650 2846 supra
669 2765 716 2847 (n0
731 2766 819 2848 436);
845 2768 900 2847 qui
923 2769 1055 2830 alteram

4 2879 5 2884 ¹
55 2861 138 2923 etiam
152 2865 422 2940 constitutionem,
435 2864 685 2926 scilieetBullam
697 2865 860 2926 Labrinum
870 2865 939 2928 vita
951 2875 1054 2946 penas,

5 3041 6 3044 Ἴ
56 2975 126 3022 anno
142 2962 348 3035 laos-edidit
360 2981 419 3041 pro
435 2954 643 3022 conventibus
657 2962 809 3036 virorum,
826 2982 889 3042 qua
898 2965 1054 3036 edicebat,

4 3059 7 3124 t,
56 3059 103 3118 sub
122 3061 225 3140 poeuis
245 3061 449 3138 gravissimis,
473 3065 508 3122 ut
527 3079 637 3122 omnes
657 3062 881 3123 conventuales
905 3081 1057 3142 quarum-

2 3192 8 3287 Ι
58 3173 178 3238 eumque
193 3160 493 3238 congregationum,
508 3159 737 3240 professionem
751 3161 929 3238 regularem
943 3161 1056 3223 solem·

3 3292 5 3320 ,
57 3253 125 3316 niter
134 3259 323 3332 emitterent,
336 3257 393 3317 sub
404 3257 588 3337 unaregula
600 3277 639 3319 ex
649 3259 846 3337 approbatis,
858 3259 884 3318 si
894 3258 1013 3320 vellent
1021 3259 1054 3318 in

60 3351 150 3432 torno,
178 3357 347 3430 conventu,
371 3374 425 3416 seu
448 3357 693 3436 congregatione
716 3357 917 3418 commorari.
939 3358 1055 3417 Verum

59 3447 115 3512 hnc
128 3453 295 3532 disciplina
313 3471 378 3514 non
392 3452 447 3514 diu
465 3453 566 3530 viguit
580 3455 613 3514 in
628 3454 734 3534 praxi3
751 3473 827 3514 nam
842 3453 966 3515 suculis
981 3471 1056 3513 mox

62 3553 313 3632 secutisplurimae
326 3558 427 3613 enatae
441 3558 516 3613 sunt
530 3554 809 3632 Gangregationes,
825 3553 888 3612 sub·
899 3551 1053 3629 regimine

62 3645 283 3731 bpisooporum,
301 3649 510 3728 tolerantibus
526 3651 580 3713 ss,
597 3651 814 3726 Pontificibus,
830 3665 901 3730 quoe
916 3667 981 3710 non
998 3650 1057 3712 hs-

64 3742 163 3814 bebsnt
172 3755 248 3812 vota
257 3749 428 3823 solemnius
439 3755 471 3811 et
482 3749 666 3828 hujusmodi
676 3751 821 3811 lnstituts
833 3749 950 3812 Senatu
959 3750 1056 3812 sede·
