2568 4272
210 213 263 268 322
548 221 623 272 PARS
641 223 676 273 11.
698 221 884 271 REGULARRS.

270 339 391 400 Exinde
401 339 543 418 sequitur
553 339 743 420 Episcopum
756 357 849 419 posse
858 355 917 418 per
931 339 1081 418 seipsum,
1095 341 1164 398 aut
1181 355 1237 417 per

209 439 317 511 alium,
326 439 506 500 examinare
516 457 557 500 an
566 440 728 516 regulares
740 438 847 499 idonei
859 437 922 500 sint
932 455 991 518 pro
1001 436 1236 510 suadoctrina,

209 539 335 612 virtute,
348 543 443 618 atque
457 538 635 618 prudentia,
651 537 842 621 excipiendis
858 537 1128 599 confessionibus,

85 673 96 694 ι
164 699 166 704 s
271 636 420 717 Sequitur
437 636 646 699 admittendos
665 655 742 712 esse,
765 635 974 698 communiter
992 635 1179 716 loquendo,
1202 637 1240 696 ad

211 735 385 798 audiendas
405 735 614 797 confessiones
630 735 810 798 indistincte
829 740 925 816 atque
946 734 1013 796 sine
1036 733 1240 796 limitatione

211 825 373 922 temporis,
390 832 543 908 locorum,
560 839 616 895 aut
631 851 850 913 personarum,
867 851 947 914 quos
962 833 1123 913 repererit
1139 849 1240 911 gene-

210 931 320 996 raliter
332 932 474 1008 idoneos
495 937 625 994 cataros
642 951 717 994 vero
733 932 837 994 minus
852 932 983 994 idoneos
1002 949 1075 993 cum
1091 931 1241 994 limitata

210 1036 366 1111 potestate
380 1031 505 1092 admitti
519 1031 646 1108 debere,
659 1037 756 1112 prout
769 1031 924 1112 Episcopo
934 1031 1109 1093 ridebitur.

272 1129 343 1190 Dixi
359 1129 554 1191 commutator
569 1129 725 1212 loquendo,
742 1131 818 1211 quia
834 1131 861 1190 si
876 1130 984 1210 praxis
998 1131 1173 1204 diuturna,
1193 1129 1240 1190 vel

213 1232 365 1291 statutum
388 1222 602 1290 dioecesanum
622 1230 704 1291 ferat
725 1229 914 1304 sacerdotes,
936 1249 966 1290 v.
984 1247 1030 1308 g.‚
1045 1229 1088 1291 ad
1116 1247 1241 1289 annum

213 1326 413 1390 solummodo
427 1327 610 1408 approbari,
628 1328 679 1390 vel
692 1326 834 1408 juniores
851 1346 915 1389 non
932 1327 1057 1389 admitti
1076 1326 1239 1406 usquead

214 1431 333 1490 certam
342 1430 467 1488 aetatem
476 1444 533 1506 pro
541 1425 706 1488 audiendis
715 1425 1240 1500 confessionibusmulierum‚non

216 1530 263 1586 est
280 1543 336 1586 cur
352 1525 462 1602 regula
480 1524 536 1586 illa
555 1525 710 1604 generalis
722 1526 796 1586 ‘non
811 1524 1025 1604 applicaretur
1038 1521 1238 1604 presbyteris

215 1623 425 1701 regularibus,
438 1623 550 1684 eodem
563 1623 658 1685 modo
673 1641 710 1684 ac
723 1623 936 1686 saecularibus.
952 1623 1099 1685 Clemens
1112 1623 1143 1682 X
1156 1626 1238 1682 tutos

216 1740 282 1782 esse
293 1720 397 1783 voluit
408 1720 570 1800 regulares
585 1741 604 1782 a
617 1721 867 1784 restrictionibus
882 1726 913 1782 et
924 1719 1178 1782 limitationibus
1189 1737 1236 1780 ar-

215 1818 372 1894 bitrariis3
390 1839 483 1882 nemo
499 1820 766 1900 autemconqueri
778 1819 848 1899 jure
863 1825 968 1899 potest
978 1818 1017 1880 de
1034 1817 1236 1898 gravamine,

219 1917 294 1978 dum
313 1917 478 1996 subjicitur
494 1918 668 1998 disciplina
686 1917 847 1981 communi
864 1917 1016 1980 dioeoesis.
1038 1919 1119 1980 Haec
1139 1916 1235 1978 inter·

217 2016 354 2097 pretatio
369 2017 574 2081 confirmetur
592 2018 781 2081 auctoritate
799 2015 961 2078 Benedicti
976 2017 1055 2090 XIV,
1075 2015 1149 2095 qui,
1169 2032 1236 2075 cum

218 2119 299 2196 esset
307 2115 784 2195 archiepiscopusbononiensis,
794 2133 858 2176 non
866 2113 1136 2176 existimavitullo
1144 2113 1236 2174 modo

218 2214 411 2278 conuarium
424 2233 491 2276 esse
505 2214 722 2276 constitutioni
735 2213 903 2281 Clementis
917 2217 1071 2276 statutum
1087 2211 1236 2290 generale

221 2313 307 2394 quod
317 2314 361 2376 sio
369 2313 467 2375 edixit
479 2332 486 2375 :
496 2312 684 2376 Fautorem
693 2311 849 2376 audienda
859 2311 1052 2392 confessionis
1059 2313 1156 2374 certis
1164 2309 1235 2370 linu'·

220 2412 297 2474 utus
307 2411 539 2474 concludendam
553 2411 695 2485 dicimus,
706 2411 750 2472 ito
760 2411 875 2472 utacni
883 2410 1014 2492 spatulum
1022 2428 1184 2491 auaqum
1193 2427 1236 2468 ec·

219 2511 314 2585 cedat,
326 2520 545 2594 eoqueperocto
554 2508 704 2585 sacerdos,
714 2520 777 2570 tum
786 2508 948 2589 reputaris,
959 2508 1198 2584 tumsaeeulun's,
1207 2504 1234 2566 e'l·

219 2609 276 2670 ltus
286 2611 554 2691 prorogationem
564 2608 751 2690 competere
759 2617 906 2670 teneatur.
916 2607 1006 2689 (last.
1014 2623 1144 2683 axxxvr,
1152 2605 1233 2686 noo.)

279 2709 428 2788 Sequitur
435 2709 636 2788 Episcopum,
649 2706 772 2774 etiamsi
779 2706 1233 2770 facultatemconcesseritabs-

195 2887 199 2895 ⁸
221 2825 282 2887 que
297 2795 363 2868 ulla
377 2806 563 2872 limitatione
576 2806 738 2886 temporis,
751 2823 843 2885 posse
858 2806 899 2866 ad
910 2824 1028 2866 novum
1043 2823 1181 2866 examen
1193 2823 1233 2864 re·

220 2924 334 2968 vocare
347 2906 519 2985 regulares,
538 2907 666 2987 quando
683 2905 764 2966 ratio
781 2910 829 2966 est
844 2905 976 2964 timendi
991 2923 1031 2965 ne
1045 2904 1156 2966 idonei
1171 2920 1231 2964 esse

221 3023 311 3066 sacro
335 3004 508 3066 ministerio
530 3004 697 3078 desierint;
721 3003 990 3083 quemadmodum
1013 3007 1120 3083 potest
1143 3002 1231 3063 etiam

223 3103 404 3188 examinare
424 3121 477 3164 eos
499 3102 553 3183 qui
575 3103 747 3164 examinati
766 3107 798 3163 et
818 3099 987 3182 approbati
1003 3101 1125 3176 fuerint
1143 3119 1163 3161 a
1180 3117 1229 3160 suo

209 3197 461 3283 predecessore,
477 3202 527 3262 vel
541 3219 562 3262 a
576 3219 632 3261 suo
646 3200 765 3262 vicario
782 3199 933 3278 generali.
950 3199 1039 3272 Quod
1055 3199 1093 3274 si,
1108 3203 1229 3279 peracto

223 3301 378 3374 examine,
393 3305 606 3380 opportunum
617 3298 807 3377 judicaverit
819 3297 986 3358 facultates
1000 3315 1164 3360 concessas
1177 3315 1225 3356 au-

222 3401 313 3473 ferre,
337 3398 417 3459 nihil
441 3398 546 3459 obstat
565 3397 733 3477 quominus
753 3413 805 3456 eas
825 3394 985 3455 retrahere
1006 3395 1132 3474 valeat3
1152 3391 1228 3474 quod

223 3502 348 3560 sanctus
364 3497 492 3559 Carolus
509 3497 541 3556 in
559 3515 615 3556 suo
631 3483 764 3557 concilio
781 3493 1008 3556 Mediolanensi
1021 3510 1052 3556 u
1065 3495 1226 3574 prudenter

221 3594 360 3670 caverat,
372 3595 563 3675 Episcopum
574 3612 732 3673 quemque
742 3591 953 3666 admonendo,
965 3596 1001 3652 ut
1012 3616 1028 3648 c
1040 3611 1060 3653 a
1070 3589 1226 3654 confessio-

227 3720 242 3751 «
260 3693 353 3755 nibus
369 3692 531 3755 audiendis
546 3691 729 3772 suspendat,
746 3697 799 3754 aut
814 3691 944 3752 omnino
959 3685 1107 3752 amoveat
1121 3687 1223 3754 confes
