2642 4268
136 215 206 264 ΛΒΤ.
227 215 260 262 11.
282 215 466 264 effluescere
486 217 522 264 ΕΤ
541 215 719 264 senuerunt
737 215 968 264 succentarios.
1006 206 1058 264 463

19 331 101 395 bet
115 349 195 394 cura
205 335 238 392 et
251 331 391 393 officium
405 331 592 412 providendi
604 329 874 392 nemalelectores
890 329 1067 392 abutuntur

23 429 202 494 beneflcio
214 429 305 509 asyli,
316 430 349 490 in
362 429 586 491 detrimentum
596 429 731 491 aliorum
742 435 773 490 ct
782 428 952 508 perniciem
962 427 1066 507 ipsios

25 527 216 589 societatis.
236 527 319 600 Quid
340 527 367 588 si
384 529 527 607 tempore
549 527 824 608 perturbationum
848 527 1058 605 politicarum,

29 624 270 706 conjuratores
278 625 311 684 in
324 627 443 704 templo
453 625 658 688 convenirent
671 625 712 685 ed
724 624 919 686 moliendum
932 623 1061 684 insidias

30 728 74 785 et
84 722 179 784 belle
191 727 301 787 contre
314 739 381 784 rem
395 723 704 801 publicamint'um
718 722 828 801 itaque
834 721 880 782 ‘ad
894 727 1067 800 utramque

36 819 285 893 auctoritatem,
296 819 360 880 'sub
379 820 501 882 ditet-so
520 821 673 900 respectu,
690 821 767 882 haec·
778 821 914 882 materie
928 823 1060 898 spectet,

35 924 160 978 mutuo
183 925 339 978 consensu
361 918 570 997 componitur.
591 917 672 978 lnit'o
694 917 1068 996 concordeto,pr1nceps

38 1014 211 1076 saecularis
220 1032 285 1075 non
294 1014 661 1076 dehcteconditionibus
669 1015 837 1094 stipulans,
849 1032 907 1094 pro
919 1013 1061 1083 arbitrio,

38 1112 214 1187 recedere
226 1113 295 1192 loge
306 1112 391 1173 enim
401 1113 548 1186 naturali,
561 1118 592 1174 et
598 1113 671 1192 jdre
681 1113 835 1191 gentium,
846 1116 941 1192 pecta
953 1112 1061 1172 obser-

40 1210 115 1272 vari
126 1209 272 1289 jubetur.
310 1240 322 1266 ,ι
347 1239 382 1266 ι..
400 1225 417 1265 ,·
531 1255 533 1264 .
657 1213 659 1218 ’

106 1310 180 1369 Non
195 1307 384 1368 assentimur
401 1308 572 1369 cunonistis
590 1309 645 1387 qni
664 1307 862 1387 disciplinam
883 1307 962 1386 asyli
981 1306 1064 1367 reie-

43 1409 125 1466 runt
138 1405 223 1466 inter
236 1406 364 1484 negotia
379 1424 450 1486 quea
465 1406 505 1467 ab
520 1407 651 1467 arbitrio
666 1406 847 1485 principum
864 1403 1080 1466 solummodo*

43 1503 192 1582 pendent
202 1505 294 1579 ;sunt
304 1504 434 1582 quippe,
446 1521 485 1565 ex
496 1505 591 1565 modo
605 1504 708 1578 dictis,
719 1503 934 1564 immunitates
948 1501 1070 1564 locales

41 1599 127 1680 juris
155 1600 253 1662 etiam
278 1600 446 1674 ltontilicii,
472 1619 532 1662 noc
555 1601 687 1681 proinde
715 1601 777 1661 illis
800 1600 892 1662 aliter
917 1598 1065 1679 derogari

45 1697 163 1760 debuit
175 1709 273 1777 qaam
287 1698 365 1760 inito
380 1697 512 1759 consilio
526 1717 598 1760 cum
612 1698 795 1777 Apostolica
807 1697 898 1760 Sede.
913 1695 1064 1757 Animad-

46 1795 241 1858 vertendum
254 1804 362 1856 tamen
378 1785 463 1874 quod
476 1796 551 1857 licet
564 1795 724 1875 principes
735 1814 799 1856 non
813 1793 975 1874 potuerint
988 1812 1064 1874 pro·

47 1894 119 1974 pria
131 1899 248 1973 sponte
257 1911 406 1954 revocare
418 1894 584 1974 privilegia
593 1893 954 1969 Ecclesiarum,illorum
964 1892 1067 1953 edicta

48 1991 251 2054 occasionem
265 1992 422 2052 dederunt
433 2008 524 2053 norae
535 1991 727 2053 ordinationi
738 2007 855 2066 rerum,
870 2007 941 2070 quse
955 1987 1065 2051 laben-

51 2090 138 2152 tibus
158 2089 258 2164 annis‚
277 2094 308 2150 et
326 2089 421 2150 tacite
440 2090 630 2152 assentiente
645 2089 761 2152 Senctc
776 2089 958 2168 Apostolioe
971 2087 1064 2164 Sede,

50 2187 314 2250 consuetudinem
325 2187 455 2248 invexit.
470 2211 486 2245 α
495 2189 561 2248 Hoc
573 2186 704 2262 hebent,
716 2185 762 2247 ait
771 2183 1065 2272 Sohmalzgrueber,

54 2312 69 2342 «
84 2303 200 2348 omncs
210 2285 299 2362 leges
318 2303 389 2365 quae
402 2303 466 2346 non
477 2285 549 2363 jure
564 2285 713 2359 naturali,
730 2289 785 2346 eut
798 2281 904 2345 divino
919 2282 1065 2363 positivo,
1113 2339 1117 2346 .

55 2407 70 2440 α
85 2383 144 2446 sed
162 2383 305 2444 humano
325 2383 427 2444 solum
441 2381 591 2444 Ecclesiae
607 2384 657 2443 vel
677 2383 761 2443 civili
780 2387 853 2442 sunt
867 2377 1016 2456 inducto,
1033 2379 1085 2440 ut‘

55 2505 70 2538 (ι
87 2481 159 2544 tolli
177 2499 235 2560 per
252 2480 511 2541 consuetudinem
530 2481 671 2559 legitime
690 2479 907 2560 proscriptam
922 2475 1066 2557 possint:

56 2603 72 2636 n
88 2597 194 2660 quare
207 2578 305 2657 igitur
324 2597 387 2639 non
406 2578 503 2639 etiam
521 2579 573 2640 lex
593 2578 767 2640 concedens
786 2579 869 2638 hene
884 2575 1068 2637 immunita·

58 2702 73 2732 α
84 2676 177 2739 emt
192 2699 209 2732 »
226 2675 322 2756 (Loco
337 2676 446 2753 citato,
464 2683 499 2734 n⁰
513 2675 600 2755 loo.)

199 2904 205 2910 ·
266 2885 438 2974 Anrrcucns
458 2897 492 2944 n.
515 2887 556 2928 -'
575 2883 621 2943 De
642 2883 852 2944 dinumerans.
886 2963 890 2968 Ι
937 2899 940 2909 ·
983 2963 987 2970 Ι
1026 2911 1029 2918 κ

116 3071 188 3131 566.
206 3101 244 3118 -·
260 3069 445 3130 Goemeteria
463 3063 578 3150 (groecc
597 3069 781 3152 κοιμηθήριον,
801 3087 820 3131 a
837 3069 933 3131 verbo
953 3069 1074 3150 receptrice,¹

58 3167 194 3248 dormio)
215 3171 289 3227 sunt
307 3167 379 3228 loca
396 3165 554 3227 destinata
573 3165 760 3244 sepulturis3
778 3168 863 3247 apud
881 3167 1071 3229 christianos

58 3272 167 3328 autem
179 3271 253 3326 sunt
265 3265 361 3326 sacris
373 3265 485 3329 ritibus
497 3264 703 3326 sanctificata.

117 3366 193 3426 lure
211 3363 311 3423 veteri
326 3365 552 3434 Romanorum,
569 3368 601 3423 et
618 3362 798 3442 principum
815 3360 910 3425 ctiam
928 3351 1074 3425 christie-

60 3479 173 3523 norum
192 3460 316 3535 edictis,
332 3460 407 3520 olim
427 3465 556 3521 cautum
575 3466 642 3522 erat
661 3479 701 3522 ne
719 3461 922 3541 sepulchrum
941 3459 1090 3522 mortuis,⁴

61 3559 287 3622 concederetur
298 3558 384 3620 intra
399 3557 553 3632 civitates,
567 3559 653 3638 quod
667 3559 929 3640 impedimentum
944 3559 1004 3619 luit
1016 3577 1077 3638 per

62 3658 192 3740 aliquod
207 3663 383 3736 tempusue
398 3656 561 3720 christiani
574 3658 782 3737 sepelirentur
795 3657 826 3718 in
841 3657 965 3738 templis
975 3657 1072 3719 urbe-
