2588 4276
244 245 312 295 nur.
333 244 354 292 Ι.
376 243 462 294 omno
482 243 619 294 dubiumr
638 243 876 293 ndtlolosonuu.
1018 235 1068 290 ΙΘἸ

109 360 288 422 Ganonistse
316 361 526 422 communiter
549 361 659 422 dicunt
686 365 803 421 statum
823 359 1017 438 religiosum,
1042 359 1069 422 si

50 462 213 538 spectetur
227 458 333 538 quoad
343 457 564 533 substantiam,
581 449 760 519 institutum
776 458 872 519 fuisse
888 476 907 519 a
922 457 1064 533 Christ03

50 555 159 617 sivero
175 561 336 637 spectetur
350 557 457 636 quoad
470 556 664 636 peculiarem
677 556 984 635 determinatumque
996 573 1066 617 mo-

51 655 121 715 dum
137 654 278 729 vivendi,
291 673 382 716 suam
397 651 552 733 originem
563 655 681 716 habere
697 655 737 715 ab
747 653 943 715 institutione
958 652 1066 714 Eccle-

49 751 100 814 sia
117 771 125 814 :
144 752 232 814 unde
248 752 443 815 concludunt
454 753 540 813 hunc
557 757 675 825 statum
688 753 863 818 secundum
878 770 922 826 se,
940 751 1065 813 abstra-

50 848 152 910 hendo
168 869 190 910 a
201 851 305 912 forma
319 849 390 910 talis
406 849 575 912 alteriusve
590 849 720 923 ordinis,
734 868 800 910 esse
814 839 852 909 de
863 847 934 928 jure
945 848 1065 924 divium

51 964 110 1007 non
121 947 343 1026 praecipiente,
360 946 416 1008 sed
429 947 625 1008 consulente.
644 969 661 1002 «
677 949 752 1008 Haec
766 950 814 1006 est
828 945 985 1007 sententia
999 964 1067 1007 om-

53 1067 67 1099 «
80 1043 170 1104 nium
187 1044 419 1106 catholicorum
433 1050 517 1106 recte
532 1043 735 1106 sentientium
749 1065 780 1118 n,
804 1043 849 1104 ait
865 1045 990 1106 suarez.
1009 1041 1068 1123 (De

51 1140 216 1222 Relipibnc,
232 1142 288 1205 lib.
305 1143 358 1216 ΙΙΙ,
374 1161 443 1222 cap.
461 1159 495 1221 11,
510 1149 545 1203 n⁰
558 1141 602 1222 3.)

103 1240 270 1301 Assertum
284 1241 421 1319 probant
434 1240 465 1298 l⁰
481 1238 671 1301 Auctoritote
687 1238 751 1302 SS.
770 1239 911 1314 Patrem,
929 1255 1066 1317 quorum

51 1335 101 1397 alii
117 1336 208 1398 hunc
223 1343 341 1399 statum
359 1337 524 1417 appellant
544 1335 772 1418 Philosophiam
791 1355 810 1397 a
827 1335 945 1398 Christo
965 1337 1062 1396 ἐπίνο-

53 1432 167 1496 ductam
174 1455 184 1511 3
202 1435 258 1496 alii
274 1435 431 1496 extollunt
444 1435 543 1496 vitam
555 1435 736 1513 religiosam
749 1440 902 1514 tanquam
917 1433 1067 1495 inritatio-

53 1549 119 1592 nem
132 1532 209 1594 vitae
224 1551 322 1611 quam
337 1533 478 1594 Christus
489 1551 561 1595 eum
576 1533 639 1594 suis
653 1533 812 1611 Apostolis
822 1531 924 1594 duxit.
936 1535 968 1592 2⁰
986 1531 1065 1592 Tec-

54 1627 125 1690 tzbcs
133 1628 426 1710 Evcnpelr'iquibus
436 1630 577 1692 Christus
593 1631 738 1691 homines
752 1630 937 1691 cohortetur
948 1627 1067 1692 ard-tria

55 1726 180 1788 consilia
190 1727 393 1808 evangelica:
412 1726 611 1808 Venditequc
622 1727 780 1808 possederis
791 1737 819 1788 et
834 1726 904 1788 dcte
914 1727 1065 1809 pauperi·

56 1822 135 1886 lus...
153 1824 238 1886 Sunt
255 1825 385 1886 cunuchi
394 1826 447 1906 qui
462 1845 492 1886 se
504 1825 582 1906 ipsos
591 1833 800 1887 castraverunt
804 1833 931 1905 propter
939 1843 1066 1905 repnum

56 1921 206 2000 celorum
224 1924 280 2004 qui
292 1931 391 2004 potest
399 1941 504 2004 capere
523 1923 662 2004 capiat...
681 1920 795 2004 Siquis
805 1921 870 1984 vult
876 1932 945 2002 post
956 1941 1002 1984 me
1020 1941 1068 1986 ve·
1152 1927 1157 1934 '

57 2037 123 2097 mre,
143 2019 273 2100 abneqel
286 2022 514 2102 semetipsum...
531 2023 606 2094 Quae
621 2021 756 2100 singula,
771 2003 928 2099 inquiunt,
946 2021 1020 2082 licet
1032 2021 1066 2081 in

60 2115 155 2196 aliquo
166 2136 260 2178 sensu
270 2119 392 2198 possint
401 2120 443 2180 ad
452 2137 562 2180 omnes
572 2118 681 2179 fideles
696 2118 864 2197 pertinere,
877 2117 1005 2197 proprie
1019 2123 1065 2179 ta·

58 2231 119 2274 men
128 2215 351 2296 intelliguntur
360 2218 399 2278 de
412 2217 529 2277 actuali
539 2215 682 2278 omnium
695 2215 895 2276 abdicatione
906 2215 947 2275 ad
957 2215 1063 2276 Chris·

57 2316 115 2372 tum
129 2315 269 2393 perfecte
284 2315 498 2396 sequendum
515 2333 579 2376 non
599 2314 703 2375 solum
717 2313 843 2393 praxim
858 2313 1065 2374 consiliorum

57 2413 284 2485 commendant,
297 2413 353 2474 sed
363 2418 513 2474 etvotum
523 2431 586 2493 quo
597 2411 699 2490 magis
709 2411 778 2473 haec
794 2411 931 2490 perfecte
942 2428 1065 2471 serven·

58 2511 109 2570 tur.
122 2533 137 2568 «
154 2511 196 2571 At
207 2529 299 2587 vero,
308 2511 354 2571 ait
366 2512 493 2583 suarez,
510 2509 688 2572 substantia
702 2514 802 2571 status
815 2507 953 2588 religiosi
967 2507 1000 2576 in
1014 2507 1066 2569 his
1167 2593 1169 2598 Ι

62 2624 74 2660 (ι
84 2606 179 2669 tribus
188 2610 271 2670 votis
282 2608 441 2684 consistit3
454 2627 529 2688 ergo
540 2607 592 2668 bic
607 2613 706 2669 status
718 2607 758 2668 ab
772 2608 841 2687 ipso
857 2606 979 2668 Christo
999 2613 1066 2668 tra·

59 2702 164 2766 «ditus
183 2711 271 2769 est...
291 2706 433 2768 Christus
448 2725 505 2768 nos
521 2705 668 2767 invitavit
684 2706 725 2766 ad
747 2705 916 2784 quamdam
936 2701 1065 2766 vivendi

59 2796 234 2864 «rationem
254 2809 286 2865 et
307 2810 437 2879 statum,
463 2823 591 2868 omnem
612 2804 701 2864 illam
723 2803 968 2880 abnegationem
990 2822 1063 2864 cum

60 2901 247 2962 «stabilitate
262 2901 487 2966 includentem.
506 2927 520 2958 »
544 2903 630 2984 (boc.
648 2901 716 2976 cit,
732 2911 768 2961 n⁰
785 2899 830 2981 5.)

107 2998 301 3078 Argumenta
308 3000 473 3079 proposita
481 2997 986 3076 convincuntstatumreligiosum
994 3015 1063 3060 esse

60 3095 183 3156 maxime
203 3103 452 3158 consentaneum
467 3097 657 3175 evangelicis
675 3095 836 3168 doctrinis,
853 3096 965 3175 inquo
984 3113 1062 3156 con·

59 3192 185 3254 sentiunt
205 3213 315 3254 omnes
335 3195 480 3256 doctores
500 3193 660 3256 catholici.
683 3193 758 3254 Cum
779 3194 919 3254 Christus
941 3211 998 3253 nos
1020 3191 1062 3253 ad

60 3289 168 3363 praxim
188 3291 393 3354 consiliorum
408 3291 579 3368 induxerit,
598 3290 851 3352 commendando
867 3291 1058 3368 castitatem,

61 3383 279 3451 abdicationem
306 3391 463 3452 bonorum
489 3389 725 3468 temporalium,
757 3394 787 3449 et
816 3386 1060 3464 abnegationem

62 3487 180 3563 propriae
195 3487 379 3562 voluntatis,
397 3507 507 3550 omnes
522 3487 577 3566 qui
590 3486 815 3566 perfectionem
830 3486 902 3546 vitae
918 3483 1061 3546 christia-

63 3595 100 3640 ne
120 3571 330 3663 praetendunt,
349 3587 422 3650 inde
443 3586 615 3646 incitantur
636 3585 677 3645 ad
699 3583 953 3662 amplectendam
975 3583 1059 3644 banc
1101 3655 1105 3664 ,

62 3675 119 3740 litae
137 3683 291 3744 rationem
314 3703 378 3762 qua
399 3683 525 3757 certius,
547 3701 584 3744 ac
605 3680 785 3761 perfectiori
807 3681 914 3757 modo,
937 3681 1058 3752 emissis
