2604 4274
188 333 254 379 aar.
276 333 297 379 1.
318 333 465 380 recussis
486 334 522 380 sr
543 333 672 382 suenum
693 296 829 382 sarriri.
961 329 1010 384 441

35 446 79 505 3⁰
99 448 232 510 Tertius
245 465 335 509 casus
348 453 395 510 est
408 449 520 510 effusio
526 449 652 510 seminis
662 449 795 512 humani
806 452 945 530 graviter
954 453 1017 514 illi·

7 548 58 617 ta,
73 543 175 606 intra
182 546 363 619 Ecclesiam,
377 547 403 607 si
414 537 692 626 tamenpeecatum
705 548 744 608 sit
753 549 915 628 publicum
926 556 1014 612 noto·

7 644 108 702 state
128 643 215 720 lacti,
233 643 296 704 sive
308 643 400 722 juris.
422 644 604 704 Communis
618 650 664 705 est
679 644 844 706 doctorum
859 647 1015 709 sententia

7 738 202 814 missionem,
217 747 273 802 aut
287 741 449 820 sanguinis
458 727 652 816 effusionem,
665 743 714 804 vel
726 750 892 822 peccatum
904 751 1015 806 contra

7 837 190 914 imitatem,
212 858 276 900 non
296 840 438 918 polluere
459 838 630 901 Ecclesiam
652 840 803 919 quamdiu
826 842 944 902 crimen
966 847 1013 904 est

7 934 173 996 :cultum
186 936 343 999 canonica
354 937 510 1016 legislatio
522 937 722 1016 potissimum
733 938 868 1008 attendit
877 940 915 1000 ad
928 957 1016 1000 scan-

7 1031 109 1092 elum
121 1051 140 1092 a
151 1033 297 1094 fidelibus
309 1035 552 1108 removendum3
565 1035 674 1095 fideles
688 1039 794 1096 autem
811 1054 874 1097 nou
890 1037 1015 1115 patiun-

7 1148 33 1187 ιν
50 1131 252 1192 scandalum
267 1132 308 1192 ob
318 1131 467 1211 injuriam
478 1133 574 1194 sacris
584 1132 705 1193 aedibus
714 1131 850 1205 illatam,
863 1134 1014 1214 quamdiu

7 1245 59 1286 eus
79 1247 181 1288 suum
194 1228 345 1290 delictum
363 1249 428 1290 non
442 1231 601 1294 confessus
616 1235 674 1300 est,
691 1248 747 1290 nec
764 1230 854 1290 adest
867 1231 1014 1309 probatio

7 1329 78 1386 arta
97 1344 157 1386 seu
171 1345 228 1405 per
239 1327 461 1390 notorietatem
477 1328 564 1401 facti,
580 1346 633 1388 seu
644 1345 702 1406 per
717 1326 1014 1389 condemnationem

7 1422 29 1482 ai
53 1423 103 1483 de
127 1423 256 1484 crimine
276 1424 422 1488 convicti.
439 1425 472 1488 Si
486 1430 597 1504 postea
610 1442 684 1485 vero
699 1431 866 1504 peccatum
888 1425 1013 1503 publice

7 1521 185 1596 ructuant,
203 1522 343 1583 Ecclesia
356 1523 479 1601 polluta
493 1522 672 1598 habebitur,
687 1527 718 1582 et
728 1523 941 1584 necessarium
956 1523 1016 1584 erit

7 1635 63 1678 am
108 1618 307 1680 reconciliari
336 1619 433 1681 sacris
464 1619 585 1682 ritibus.
615 1618 702 1700 (Gap.
726 1617 766 1680 St
785 1619 935 1694 Ecclesia,
964 1620 1013 1694 10,

7 1715 155 1797 adlit.)
187 1728 188 1736 ’

48 1816 88 1873 4⁰
107 1815 243 1886 Quartus
258 1833 348 1876 casus
366 1820 424 1890 est,
440 1815 466 1876 si
481 1817 773 1878 excommunicatus
794 1815 1012 1886 denuntiatus

8 1911 39 1971 el
55 1911 215 1987 infidelis,
231 1913 374 1992 sepultus
387 1913 427 1974 sit
438 1913 471 1973 in
484 1914 634 1976 Ecclesia.
982 1984 985 1990 ,

52 2009 232 2089 Sepultura
258 2011 523 2074 excommunicati
541 2011 665 2074 tolerati
688 2031 753 2072 non
775 2010 889 2090 polluit
906 2010 1015 2072 Eccle-

7 2105 89 2180 iam,
112 2106 270 2186 siquidem
284 2127 323 2170 cx
337 2109 428 2170 Bulla
443 2108 496 2170 Ar
511 2109 655 2171 evitando
670 2107 825 2184 scandolo,
845 2127 909 2169 non
925 2116 1013 2178 tene-

7 2222 66 2264 our
81 2204 186 2266 vitare
207 2207 496 2268 excommunicatos
511 2207 680 2281 toleratos;
696 2226 761 2268 non
776 2211 823 2267 cst
839 2211 945 2266 autem
960 2224 1017 2266 cur

7 2301 174 2364 lebcamus
188 2304 288 2364 vitare
300 2309 371 2384 post
385 2288 522 2366 mortem
537 2322 590 2366 sos
607 2304 721 2383 quibus
735 2303 813 2364 vivis
825 2303 946 2371 licitum
958 2303 1017 2363 luit
1091 2327 1093 2332 ’

7 2401 246 2464 ommunicare.
261 2403 336 2463 Ilaec
350 2402 595 2464 communicatio
608 2421 672 2463 non
687 2401 770 2464 cedit
783 2401 902 2462 directe
916 2401 949 2460 in
964 2401 1010 2460 fa·

7 2515 107 2560 orem
126 2500 485 2574 excommunicatorum,
504 2499 610 2562 sedin
632 2500 768 2580 gratiam
793 2498 945 2570 fidelium,
975 2499 1027 2558 ne

7 2595 163 2657 triventur
180 2597 271 2658 bonis
293 2597 521 2676 spiritualibus,
543 2598 584 2659 ob
604 2597 923 2658 communicationem
939 2613 1011 2656 cum

7 2694 279 2756 :xcommunicatis
295 2695 447 2758 toleratis.
921 2755 923 2764 ,

52 2790 233 2854 Difficultas
263 2811 328 2853 non
358 2792 525 2854 mediocris
550 2798 598 2854 est
621 2792 660 2853 de
684 2792 846 2872 sepultura
873 2791 1016 2853 haeretici

7 2889 128 2963 rotorii,
144 2889 198 2950 sed
216 2908 279 2950 non
298 2890 477 2951 denuntiati
496 2890 694 2952 nominatim.
709 2890 847 2952 Dubium
865 2889 1015 2950 oriturex

7 2987 213 3048 enoreBullae
223 2987 275 3048 Ad
282 2985 423 3050 evitando
432 2988 577 3050 scaudala
587 2987 689 3067 qualis
698 2986 1014 3072 insertafuitinCon·

7 3083 130 3144 ordato
144 3084 255 3145 Leonis
266 3087 293 3146 X
303 3103 375 3145 cum
387 3086 554 3146 Francisco
568 3087 593 3159 l,
606 3105 668 3164 quo
681 3085 776 3146 vitari
782 3086 923 3165 jubetur,
936 3101 1016 3163 prae-

7 3196 43 3240 er
55 3181 273 3256 denuntiatos,
295 3189 425 3244 caeteros
444 3178 553 3244 omnes
571 3203 651 3262 quos
669 3183 817 3244 incidisse
835 3183 867 3246 iu
887 3200 1014 3242 excom·

7 3277 246 3340 nunicationem
259 3280 305 3342 ita
322 3281 443 3342 notorie
459 3285 583 3342 constat
599 3281 735 3342 utnulla
754 3279 1013 3358 tergiversatione

7 3375 95 3436 :clari
105 3377 214 3454 possit.
225 3379 357 3458 Insuper
367 3377 474 3457 plures
486 3381 591 3439 textus
604 3377 685 3457 juris
699 3377 872 3456 prohibent
886 3395 926 3436 ne
944 3376 1012 3438 hae-

7 3473 87 3534 etici
102 3475 220 3534 notorii
233 3475 428 3554 sepeliantur
441 3475 474 3535 in
490 3476 566 3545 locis
583 3478 648 3537 Deo
661 3475 768 3536 sacris,
781 3473 937 3552 Denegari
948 3473 1016 3552 qui·

7 3568 70 3631 lem
93 3570 187 3633 debet
204 3573 368 3652 sepultura
387 3573 600 3634 ecclesiastica
613 3568 770 3635 haereticis
789 3571 934 3646 notoriis3
954 3571 1009 3632 sed

7 3685 61 3728 ron
71 3668 189 3732 idcirco
205 3669 457 3732 concludendum
472 3671 664 3734 arbitramur
682 3671 854 3734 Ecclesiam
869 3668 970 3748 pollui
986 3669 1014 3730 si

7 3762 168 3828 haereticus
186 3767 220 3828 in
240 3787 277 3830 ea
297 3769 482 3831 tumuletur.
505 3769 659 3847 Theologi
677 3769 722 3830 ita
741 3768 939 3830 communius
956 3767 1014 3828 do-

827 3887 870 3941 25.
