2568 4272
223 233 275 288 eat
561 239 634 288 rias
654 239 687 288 u.
709 209 900 286 nocuisses.

222 357 384 418 nuendum
403 361 486 418 esset
505 356 651 436 precibus
664 355 813 436 Episcopi
832 353 976 417 dioecesis
995 352 1030 416 in
1043 371 1147 434 regno
1162 356 1238 416 Nea·

220 455 374 535 politaoo,
387 456 443 536 qui
456 456 673 536 postulaverat
685 454 834 517 constitui
846 459 1037 516 conventum
1051 452 1239 516 monialium

221 574 292 616 cum
308 554 455 616 clausura
470 554 613 630 solemni,
626 555 701 616 licet
711 554 803 634 juxta
816 553 865 614 sui
875 552 1009 614 instituti
1025 553 1241 614 conditionem

153 713 154 716 ,
219 654 365 715 emittant
376 655 452 717 'vota
465 653 632 732 simplicia,
647 652 835 733 rescriptum
848 657 895 714 est
908 669 916 712 :
931 651 1135 733 affirmatius,
1150 651 1240 734 firma

218 761 387 814 remanente
399 751 584 834 professione
593 761 729 815 uotorum
743 749 934 832 simplicium,
951 769 1008 830 pro
1022 750 1131 830 pratia
1143 751 1237 830 impa-

216 850 333 912 sitionis
348 851 493 912 clausura
504 849 635 931 papalis,
646 847 802 912 accedente
815 867 959 912 censensu
970 849 1104 913 omnium
1118 850 1237 910 monia·

217 948 291 1010 lium
310 949 455 1010 vocalium
476 968 532 1030 per·
552 957 663 1010 secreta
685 946 856 1028 suffrapia;
876 966 971 1028 quam
994 946 1237 1027 responsionem

216 1048 404 1126 approbavit
423 1053 454 1110 et
472 1047 672 1110 confirmavit
691 1047 859 1126 Gregorius
871 1048 950 1122 XVI,
968 1047 1129 1110 concessis
1143 1048 1233 1126 Epis-

214 1165 294 1226 copo
308 1146 511 1208 facullatibus
526 1146 709 1208 necessariis
723 1151 755 1208 et
768 1145 957 1226 opportunis
970 1146 1012 1208 ad
1026 1147 1191 1209 effectum.

274 1245 502 1324 Episcoporum
516 1264 599 1310 curae
615 1243 826 1306 demandatur
837 1250 872 1306 ut
885 1245 1093 1324 praescribant
1108 1244 1235 1324 regulas

215 1341 380 1418 clausura,
397 1361 476 1423 quas
488 1342 638 1422 expedire
652 1343 685 1404 in
697 1343 832 1406 Domino
848 1342 1073 1424 judicaverint,
1095 1361 1234 1405 conven-

213 1441 297 1501 tibus
308 1441 492 1502 monialium
503 1460 574 1522 quac
588 1446 664 1503 vota
675 1441 830 1521 simplicia
843 1441 1002 1515 emittunt,
1015 1446 1051 1520 et¹
1060 1459 1128 1504 suae
1137 1441 1232 1521 juris-

214 1538 344 1600 dictioni
363 1539 508 1613 subsunt,
528 1545 672 1620 etsuper
690 1539 874 1618 hujusmodi
890 1539 1016 1602 statutis
1035 1539 1231 1620 dispensent.

212 1639 261 1698 lta
277 1655 463 1717 responsum
477 1637 537 1699 fuit
553 1637 716 1718 Episcopis
731 1637 903 1700 Galliarum
918 1656 977 1718 pro
993 1637 1146 1700 domibus
1164 1656 1230 1700 mo·

213 1736 354 1810 nialium,
371 1757 442 1817 quae
458 1743 633 1818 atempore
643 1738 957 1812 Concordatierectse
970 1744 1045 1800 sunt
1057 1740 1080 1801 ¹.
1094 1741 1231 1802 Possunt

211 1835 449 1915 utiquavetare
470 1837 529 1898 sub
551 1837 654 1917 poenis
675 1836 845 1911 canonicis,
867 1853 907 1898 ne
928 1836 1056 1917 ipsimet
1067 1838 1229 1919 regulares

210 1935 362 1998 accedant
381 1936 422 1997 ad
441 1942 630 2000 conventum
650 1935 846 2012 monialium,
868 1955 933 1998 non
951 1937 1084 2000 obtenta
1103 1938 1229 2002 licentia

208 2034 366 2115 blpiscopi.

226 2221 241 2297 §
258 2220 287 2280 3.
306 2218 528 2303 —Quotuplici
541 2219 628 2280 modo
642 2221 807 2296 immutari,
819 2220 866 2284 ael
877 2222 967 2284 etiam
981 2239 1096 2284 cessare
1106 2224 1218 2306 possint
1282 2257 1283 2278 i

506 2318 701 2398 obligationes
721 2319 917 2401 regularium.

265 2513 480 2592 obligationes
502 2514 698 2593 regularium
720 2513 930 2580 immutantur
954 2515 1159 2596 promotione
1184 2515 1220 2576 ad
1281 2577 1282 2584 p

206 2612 391 2691 praelaturas
414 2613 591 2688 saculares,
617 2619 649 2676 et
669 2615 805 2678 transitu
831 2615 872 2681 ad
896 2615 991 2677 aliam
1012 2614 1216 2694 religionem;
1281 2589 1282 2679 i

205 2711 347 2790 extingui
364 2717 469 2774 autem
483 2714 609 2793 penitus
627 2721 760 2795 possunt
779 2714 1013 2796 dispensatione
1035 2721 1067 2778 at
1086 2714 1215 2778 saccula·

204 2809 363 2872 risstione.
1207 2809 1209 2820 '
1280 2873 1281 2900 ζ

263 2908 332 2970 aaa.
344 2909 419 2970 *1⁰
434 2907 541 2972 Utrum
552 2919 579 2971 ct
591 2921 737 2991 quatenus
744 2911 914 2994 religiosus,
927 2913 969 2978 ad
977 2913 1156 2997 beneficium
1165 2932 1214 2976 sa·
1280 2905 1281 2961 l

202 3003 303 3068 calare
314 3017 479 3087 promotus,
495 3008 648 3070 animatur
661 3009 698 3072 ab
712 3009 946 3092 obligationibus
954 3021 1049 3075 status
1059 3009 1213 3094 religiosi?

262 3108 387 3169 Certum
404 3112 450 3168 est
465 3106 644 3185 regularem
663 3111 843 3189 promoveri
859 3130 952 3191 posse
970 3112 1009 3172 ad
1027 3093 1212 3174 beneficium

247 3279 269 3326 t.
285 3276 333 3326 Die
348 3279 359 3325 t
375 3289 435 3340 aug.
452 3289 494 3326 an.
511 3278 583 3338 1839,
595 3278 622 3328 S.
636 3278 767 3345 Cougrsg.
783 3279 872 3344 Episc.
886 3282 987 3347 etReg.
1001 3282 1148 3334 declaravit
1161 3295 1212 3333 mo·

201 3349 285 3401 nieles
294 3356 488 3414 conventuum,
501 3351 550 3402 ubi
561 3365 617 3404 non
629 3358 694 3404 suut
704 3361 768 3406 vota
780 3356 920 3420 solemnia,
929 3371 986 3408 non
996 3360 1086 3419 ,teneri
1097 3359 1131 3410 ad
1145 3359 1212 3410 elsu-

200 3439 289 3476 suram
304 3427 473 3488 servandam,
486 3439 567 3492 quam
582 3432 646 3480 voto
662 3430 779 3494 simplici
793 3413 903 3495 vorant,
916 3434 967 3485 sub
982 3437 1106 3486 cessans
1119 3450 1136 3486 s
1147 3434 1211 3488 Trid.

201 3502 304 3566 syuodo
321 3501 422 3564 edictis,
438 3503 486 3554 sed
501 3504 552 3554 sub
567 3506 689 3555 censuris
707 3506 820 3558 tortasse
834 3509 868 3559 ab
883 3511 1014 3574 Episcopo
1029 3511 1172 3576 impositis.
1185 3535 1211 3548 -

200 3603 230 3614 -
244 3579 427 3642 ingredientes
441 3582 519 3642 septa
534 3583 700 3643 monasterii,
715 3582 819 3648 absque
833 3583 948 3645 licentis,
961 3587 1098 3636 incurrere
1112 3601 1210 3652 poensm

199 3665 341 3715 excomm,
360 3656 383 3704 si
407 3655 441 3704 ab
462 3656 593 3720 Episcopo
616 3657 724 3728 decreta
757 3660 852 3711 tuerit.
871 3687 902 3700 -
918 3661 967 3724 (ct.
996 3661 1209 3714 Commentariun

199 3729 324 3778 Arannini
337 3731 364 3778 io
379 3731 491 3782 constit.
505 3732 656 3796 spostolicae
670 3735 767 3800 Sedis.)
