<?xml version="1.0" encoding="UTF-8"?>
<!DOCTYPE html PUBLIC "-//W3C//DTD XHTML 1.0 Transitional//EN"
    "http://www.w3.org/TR/xhtml1/DTD/xhtml1-transitional.dtd">
<html xmlns="http://www.w3.org/1999/xhtml" xml:lang="en" lang="en">
 <head>
  <title>
</title>
<meta http-equiv="Content-Type" content="text/html;charset=utf-8" />
  <meta name='ocr-system' content='tesseract 3.04.00' />
  <meta name='ocr-capabilities' content='ocr_page ocr_carea ocr_par ocr_line ocrx_word'/>
</head>
<body>
  <div class='ocr_page' id='page_1' title='image "./praelectionesju00murrgoog_0265.png"; bbox 0 0 2588 4276; ppageno 0'>
   <div class='ocr_carea' id='block_1_1' title="bbox 234 239 959 302">
    <p class='ocr_par' dir='ltr' id='par_1_1' title="bbox 234 239 959 302">
     <span class='ocr_line' id='line_1_1' title="bbox 234 239 959 302; baseline -0.004 -10"><span class='ocrx_word' id='word_1_1' title='bbox 234 239 288 293; x_wconf 77' lang='lat'><strong>252</strong></span> <span class='ocrx_word' id='word_1_2' title='bbox 573 242 649 292; x_wconf 78' lang='lat' dir='ltr'><strong>rcus</strong></span> <span class='ocrx_word' id='word_1_3' title='bbox 667 242 700 290; x_wconf 87' lang='lat'><strong>11.</strong></span> <span class='ocrx_word' id='word_1_4' title='bbox 721 241 904 291; x_wconf 73' lang='lat' dir='ltr'><strong>arentinos.</strong></span> <span class='ocrx_word' id='word_1_5' title='bbox 958 295 959 302; x_wconf 39' lang='lat'><strong>.</strong></span> 
     </span>
    </p>
   </div>
   <div class='ocr_carea' id='block_1_2' title="bbox 233 357 1231 639">
    <p class='ocr_par' dir='ltr' id='par_1_2' title="bbox 233 357 1231 639">
     <span class='ocr_line' id='line_1_2' title="bbox 234 357 1231 444; baseline -0.007 -20"><span class='ocrx_word' id='word_1_6' title='bbox 234 363 339 444; x_wconf 86' lang='lat' dir='ltr'><strong>agitur</strong></span> <span class='ocrx_word' id='word_1_7' title='bbox 351 363 389 423; x_wconf 89' lang='lat' dir='ltr'><strong>de</strong></span> <span class='ocrx_word' id='word_1_8' title='bbox 403 362 635 441; x_wconf 78' lang='lat' dir='ltr'><strong>dispensatione</strong></span> <span class='ocrx_word' id='word_1_9' title='bbox 649 362 695 422; x_wconf 93' lang='lat' dir='ltr'><strong>rei</strong></span> <span class='ocrx_word' id='word_1_10' title='bbox 707 360 833 422; x_wconf 88' lang='lat' dir='ltr'><strong>levioris</strong></span> <span class='ocrx_word' id='word_1_11' title='bbox 847 359 1010 434; x_wconf 78' lang='lat' dir='ltr'>momenti,</span> <span class='ocrx_word' id='word_1_12' title='bbox 1026 379 1057 419; x_wconf 85' lang='lat' dir='ltr'><strong>v.</strong></span> <span class='ocrx_word' id='word_1_13' title='bbox 1074 375 1118 436; x_wconf 89' lang='lat' dir='ltr'><strong>g.,</strong></span> <span class='ocrx_word' id='word_1_14' title='bbox 1134 357 1169 418; x_wconf 92' lang='lat' dir='ltr'><strong>dc</strong></span> <span class='ocrx_word' id='word_1_15' title='bbox 1183 359 1231 417; x_wconf 89' lang='lat' dir='ltr'><strong>ad-</strong></span> 
     </span>
     <span class='ocr_line' id='line_1_3' title="bbox 233 456 1230 538; baseline -0.006 -16"><span class='ocrx_word' id='word_1_16' title='bbox 233 461 464 522; x_wconf 80' lang='lat' dir='ltr'><strong>ministratione</strong></span> <span class='ocrx_word' id='word_1_17' title='bbox 483 460 589 521; x_wconf 85' lang='lat' dir='ltr'><strong>tutelae</strong></span> <span class='ocrx_word' id='word_1_18' title='bbox 616 478 686 538; x_wconf 81' lang='lat' dir='ltr'><strong>quae</strong></span> <span class='ocrx_word' id='word_1_19' title='bbox 708 459 804 520; x_wconf 92' lang='lat' dir='ltr'><strong>nullis</strong></span> <span class='ocrx_word' id='word_1_20' title='bbox 826 458 1012 537; x_wconf 90' lang='lat' dir='ltr'><strong>ambagibus</strong></span> <span class='ocrx_word' id='word_1_21' title='bbox 1033 457 1138 518; x_wconf 84' lang='lat' dir='ltr'><strong>locum</strong></span> <span class='ocrx_word' id='word_1_22' title='bbox 1162 456 1230 516; x_wconf 87' lang='lat' dir='ltr'><strong>darc</strong></span> 
     </span>
     <span class='ocr_line' id='line_1_4' title="bbox 234 555 1231 639; baseline -0.005 -19"><span class='ocrx_word' id='word_1_23' title='bbox 234 559 344 635; x_wconf 90' lang='lat' dir='ltr'><strong>debet;</strong></span> <span class='ocrx_word' id='word_1_24' title='bbox 373 559 399 620; x_wconf 91' lang='lat' dir='ltr'><strong>si</strong></span> <span class='ocrx_word' id='word_1_25' title='bbox 423 577 486 639; x_wconf 91' lang='lat' dir='ltr'><strong>qua</strong></span> <span class='ocrx_word' id='word_1_26' title='bbox 510 558 591 619; x_wconf 90' lang='lat' dir='ltr'><strong>ratio</strong></span> <span class='ocrx_word' id='word_1_27' title='bbox 615 559 746 619; x_wconf 87' lang='lat' dir='ltr'><strong>suadeat</strong></span> <span class='ocrx_word' id='word_1_28' title='bbox 768 557 892 636; x_wconf 80' lang='lat' dir='ltr'><strong>ingredi</strong></span> <span class='ocrx_word' id='word_1_29' title='bbox 912 556 1099 636; x_wconf 78' lang='lat' dir='ltr'><strong>religionem</strong></span> <span class='ocrx_word' id='word_1_30' title='bbox 1122 555 1231 634; x_wconf 81' lang='lat' dir='ltr'><strong>absque</strong></span> 
     </span>
    </p>
   </div>
   <div class='ocr_carea' id='block_1_3' title="bbox 135 656 906 738">
    <p class='ocr_par' dir='ltr' id='par_1_3' title="bbox 135 656 906 738">
     <span class='ocr_line' id='line_1_5' title="bbox 135 656 906 738; baseline -0.003 -18"><span class='ocrx_word' id='word_1_31' title='bbox 135 661 137 665; x_wconf 78' lang='grc'>’</span> <span class='ocrx_word' id='word_1_32' title='bbox 231 677 332 732; x_wconf 86' lang='lat' dir='ltr'><strong>mora,</strong></span> <span class='ocrx_word' id='word_1_33' title='bbox 346 657 379 718; x_wconf 94' lang='lat' dir='ltr'><strong>id</strong></span> <span class='ocrx_word' id='word_1_34' title='bbox 394 657 562 738; x_wconf 88' lang='lat' dir='ltr'><strong>superioris</strong></span> <span class='ocrx_word' id='word_1_35' title='bbox 574 657 705 718; x_wconf 85' lang='lat' dir='ltr'><strong>arbitrio</strong></span> <span class='ocrx_word' id='word_1_36' title='bbox 721 656 906 718; x_wconf 79' lang='lat' dir='ltr'><strong>dimittetur.</strong></span> 
     </span>
    </p>
   </div>
   <div class='ocr_carea' id='block_1_4' title="bbox 291 753 1232 836">
    <p class='ocr_par' dir='ltr' id='par_1_4' title="bbox 291 753 1232 836">
     <span class='ocr_line' id='line_1_6' title="bbox 291 753 1232 836; baseline -0.003 -19"><span class='ocrx_word' id='word_1_37' title='bbox 291 759 361 818; x_wconf 71' lang='lat'><strong>457.</strong></span> <span class='ocrx_word' id='word_1_38' title='bbox 374 791 412 804; x_wconf 90' lang='lat'><em>-</em></span> <span class='ocrx_word' id='word_1_39' title='bbox 424 758 475 818; x_wconf 90' lang='grc' dir='ltr'><strong>ΠΙ.</strong></span> <span class='ocrx_word' id='word_1_40' title='bbox 488 754 637 817; x_wconf 79' lang='lat' dir='ltr'><strong>Adstricti</strong></span> <span class='ocrx_word' id='word_1_41' title='bbox 645 754 826 836; x_wconf 80' lang='lat' dir='ltr'><strong>oblipatione</strong></span> <span class='ocrx_word' id='word_1_42' title='bbox 833 753 1010 816; x_wconf 78' lang='lat' dir='ltr'><strong>sublevandi</strong></span> <span class='ocrx_word' id='word_1_43' title='bbox 1022 761 1177 834; x_wconf 79' lang='lat' dir='ltr'><strong>apostatem</strong></span> <span class='ocrx_word' id='word_1_44' title='bbox 1184 771 1232 835; x_wconf 86' lang='lat' dir='ltr'><strong>po·</strong></span> 
     </span>
    </p>
   </div>
   <div class='ocr_carea' id='block_1_5' title="bbox 146 864 357 917">
    <p class='ocr_par' dir='ltr' id='par_1_5' title="bbox 146 864 357 917">
     <span class='ocr_line' id='line_1_7' title="bbox 146 864 357 917; baseline 0.014 -3"><span class='ocrx_word' id='word_1_45' title='bbox 146 905 153 914; x_wconf 84' lang='grc'><em>,</em></span> <span class='ocrx_word' id='word_1_46' title='bbox 229 864 357 917; x_wconf 81' lang='lat' dir='ltr'><strong>rentum.</strong></span> 
     </span>
    </p>
   </div>
   <div class='ocr_carea' id='block_1_6' title="bbox 154 948 1259 3790">
    <p class='ocr_par' dir='ltr' id='par_1_6' title="bbox 188 948 1233 1917">
     <span class='ocr_line' id='line_1_8' title="bbox 188 948 1232 1036; baseline -0.003 -23"><span class='ocrx_word' id='word_1_47' title='bbox 188 957 192 970; x_wconf 90' lang='lat'>&#39;</span> <span class='ocrx_word' id='word_1_48' title='bbox 289 951 464 1014; x_wconf 73' lang='lat' dir='ltr'><strong>canonistas</strong></span> <span class='ocrx_word' id='word_1_49' title='bbox 475 956 583 1012; x_wconf 89' lang='lat' dir='ltr'><strong>tenent</strong></span> <span class='ocrx_word' id='word_1_50' title='bbox 594 951 805 1036; x_wconf 89' lang='lat' dir='ltr'><strong>communiter</strong></span> <span class='ocrx_word' id='word_1_51' title='bbox 813 948 934 1012; x_wconf 88' lang='lat' dir='ltr'><strong>licitum</strong></span> <span class='ocrx_word' id='word_1_52' title='bbox 943 969 1006 1012; x_wconf 95' lang='lat' dir='ltr'><strong>non</strong></span> <span class='ocrx_word' id='word_1_53' title='bbox 1016 952 1084 1012; x_wconf 88' lang='lat' dir='ltr'><strong>fore</strong></span> <span class='ocrx_word' id='word_1_54' title='bbox 1092 949 1158 1010; x_wconf 82' lang='lat' dir='ltr'><strong>lilio</strong></span> <span class='ocrx_word' id='word_1_55' title='bbox 1167 968 1232 1010; x_wconf 92' lang='lat' dir='ltr'><strong>suos</strong></span> 
     </span>
     <span class='ocr_line' id='line_1_9' title="bbox 227 1048 1230 1130; baseline -0.003 -20"><span class='ocrx_word' id='word_1_56' title='bbox 227 1055 373 1130; x_wconf 89' lang='lat' dir='ltr'><strong>parentes</strong></span> <span class='ocrx_word' id='word_1_57' title='bbox 382 1049 415 1110; x_wconf 92' lang='lat' dir='ltr'><strong>in</strong></span> <span class='ocrx_word' id='word_1_58' title='bbox 426 1055 579 1125; x_wconf 85' lang='lat' dir='ltr'><strong>extrema,</strong></span> <span class='ocrx_word' id='word_1_59' title='bbox 589 1049 640 1110; x_wconf 89' lang='lat' dir='ltr'><strong>vel</strong></span> <span class='ocrx_word' id='word_1_60' title='bbox 651 1048 748 1110; x_wconf 89' lang='lat' dir='ltr'><strong>etiarn</strong></span> <span class='ocrx_word' id='word_1_61' title='bbox 759 1049 848 1128; x_wconf 83' lang='lat' dir='ltr'><strong>gravi</strong></span> <span class='ocrx_word' id='word_1_62' title='bbox 858 1049 1056 1124; x_wconf 88' lang='lat' dir='ltr'><strong>necessitate,</strong></span> <span class='ocrx_word' id='word_1_63' title='bbox 1068 1048 1230 1125; x_wconf 84' lang='lat' dir='ltr'><strong>dimittere,</strong></span> 
     </span>
     <span class='ocr_line' id='line_1_10' title="bbox 226 1147 1229 1226; baseline -0.001 -17"><span class='ocrx_word' id='word_1_64' title='bbox 226 1154 261 1209; x_wconf 92' lang='lat' dir='ltr'><strong>ut</strong></span> <span class='ocrx_word' id='word_1_65' title='bbox 277 1148 504 1210; x_wconf 90' lang='lat' dir='ltr'><strong>monasterium</strong></span> <span class='ocrx_word' id='word_1_66' title='bbox 518 1147 724 1226; x_wconf 88' lang='lat' dir='ltr'><strong>ingrediatur.</strong></span> <span class='ocrx_word' id='word_1_67' title='bbox 746 1148 948 1210; x_wconf 76' lang='lat' dir='ltr'><strong>«Dicendum</strong></span> <span class='ocrx_word' id='word_1_68' title='bbox 965 1153 1022 1222; x_wconf 89' lang='lat' dir='ltr'><strong>est,</strong></span> <span class='ocrx_word' id='word_1_69' title='bbox 1037 1147 1082 1208; x_wconf 87' lang='lat' dir='ltr'><strong>ait</strong></span> <span class='ocrx_word' id='word_1_70' title='bbox 1100 1147 1133 1208; x_wconf 88' lang='lat' dir='ltr'><strong>S.</strong></span> <span class='ocrx_word' id='word_1_71' title='bbox 1149 1147 1229 1208; x_wconf 79' lang='lat' dir='ltr'><strong>&#39;lbo-</strong></span> 
     </span>
     <span class='ocr_line' id='line_1_11' title="bbox 228 1245 1233 1326; baseline 0.001 -22"><span class='ocrx_word' id='word_1_72' title='bbox 228 1270 243 1304; x_wconf 89' lang='lat'><strong><em>«</em></strong></span> <span class='ocrx_word' id='word_1_73' title='bbox 259 1266 338 1324; x_wconf 87' lang='lat' dir='ltr'><strong>mas,</strong></span> <span class='ocrx_word' id='word_1_74' title='bbox 364 1247 449 1326; x_wconf 88' lang='lat' dir='ltr'><strong>quod</strong></span> <span class='ocrx_word' id='word_1_75' title='bbox 473 1247 656 1326; x_wconf 88' lang='lat' dir='ltr'><strong>parentibus</strong></span> <span class='ocrx_word' id='word_1_76' title='bbox 680 1247 714 1306; x_wconf 93' lang='lat' dir='ltr'><strong>in</strong></span> <span class='ocrx_word' id='word_1_77' title='bbox 740 1247 925 1308; x_wconf 80' lang='lat' dir='ltr'><strong>necessitate</strong></span> <span class='ocrx_word' id='word_1_78' title='bbox 950 1245 1170 1320; x_wconf 84' lang='lat' dir='ltr'><strong>existentibus,</strong></span> <span class='ocrx_word' id='word_1_79' title='bbox 1192 1245 1233 1305; x_wconf 83' lang='lat' dir='ltr'><strong>ite</strong></span> 
     </span>
     <span class='ocr_line' id='line_1_12' title="bbox 228 1343 1231 1426; baseline 0.002 -24"><span class='ocrx_word' id='word_1_80' title='bbox 228 1369 244 1402; x_wconf 91' lang='lat'>«</span> <span class='ocrx_word' id='word_1_81' title='bbox 261 1346 347 1426; x_wconf 89' lang='lat' dir='ltr'><strong>qnod</strong></span> <span class='ocrx_word' id='word_1_82' title='bbox 361 1346 405 1406; x_wconf 88' lang='lat' dir='ltr'><strong>eis</strong></span> <span class='ocrx_word' id='word_1_83' title='bbox 425 1345 589 1406; x_wconf 88' lang='lat' dir='ltr'><strong>commode</strong></span> <span class='ocrx_word' id='word_1_84' title='bbox 604 1345 697 1406; x_wconf 88' lang='lat' dir='ltr'><strong>aliter</strong></span> <span class='ocrx_word' id='word_1_85' title='bbox 713 1364 810 1425; x_wconf 90' lang='lat' dir='ltr'><strong>quarn</strong></span> <span class='ocrx_word' id='word_1_86' title='bbox 824 1364 881 1426; x_wconf 90' lang='lat' dir='ltr'><strong>per</strong></span> <span class='ocrx_word' id='word_1_87' title='bbox 895 1345 1033 1406; x_wconf 86' lang='lat' dir='ltr'><strong>filiorum</strong></span> <span class='ocrx_word' id='word_1_88' title='bbox 1051 1343 1231 1423; x_wconf 88' lang='lat' dir='ltr'><strong>obsequium</strong></span> 
     </span>
     <span class='ocr_line' id='line_1_13' title="bbox 228 1443 1232 1524; baseline 0.002 -25"><span class='ocrx_word' id='word_1_89' title='bbox 228 1469 243 1500; x_wconf 78' lang='lat' dir='ltr'><strong>c</strong></span> <span class='ocrx_word' id='word_1_90' title='bbox 258 1443 416 1504; x_wconf 92' lang='lat' dir='ltr'><strong>subveniri</strong></span> <span class='ocrx_word' id='word_1_91' title='bbox 431 1462 495 1504; x_wconf 90' lang='lat' dir='ltr'><strong>non</strong></span> <span class='ocrx_word' id='word_1_92' title='bbox 510 1443 619 1522; x_wconf 88' lang='lat' dir='ltr'><strong>possit,</strong></span> <span class='ocrx_word' id='word_1_93' title='bbox 634 1462 698 1504; x_wconf 94' lang='lat' dir='ltr'><strong>non</strong></span> <span class='ocrx_word' id='word_1_94' title='bbox 713 1443 787 1504; x_wconf 86' lang='lat' dir='ltr'><strong>lieet</strong></span> <span class='ocrx_word' id='word_1_95' title='bbox 799 1443 883 1519; x_wconf 88' lang='lat' dir='ltr'><strong>filiis,</strong></span> <span class='ocrx_word' id='word_1_96' title='bbox 899 1443 1111 1524; x_wconf 80' lang='lat' dir='ltr'><strong>praetermisso</strong></span> <span class='ocrx_word' id='word_1_97' title='bbox 1128 1459 1232 1522; x_wconf 91' lang='lat' dir='ltr'><strong>paren·</strong></span> 
     </span>
     <span class='ocr_line' id='line_1_14' title="bbox 197 1527 1230 1622; baseline 0.002 -22"><span class='ocrx_word' id='word_1_98' title='bbox 197 1597 199 1600; x_wconf 83' lang='grc'>.</span> <span class='ocrx_word' id='word_1_99' title='bbox 229 1565 244 1600; x_wconf 84' lang='lat' dir='ltr'><strong>c</strong></span> <span class='ocrx_word' id='word_1_100' title='bbox 258 1547 326 1602; x_wconf 92' lang='lat' dir='ltr'><strong>tum</strong></span> <span class='ocrx_word' id='word_1_101' title='bbox 337 1541 499 1620; x_wconf 89' lang='lat' dir='ltr'><strong>obsequio,</strong></span> <span class='ocrx_word' id='word_1_102' title='bbox 512 1541 697 1619; x_wconf 85' lang='lat' dir='ltr'><strong>religionem</strong></span> <span class='ocrx_word' id='word_1_103' title='bbox 710 1541 839 1604; x_wconf 89' lang='lat' dir='ltr'><strong>intrare.</strong></span> <span class='ocrx_word' id='word_1_104' title='bbox 852 1567 867 1597; x_wconf 89' lang='lat'>»</span> <span class='ocrx_word' id='word_1_105' title='bbox 880 1544 910 1618; x_wconf 75' lang='lat'><strong>2,</strong></span> <span class='ocrx_word' id='word_1_106' title='bbox 922 1527 953 1616; x_wconf 74' lang='lat'><strong>2,</strong></span> <span class='ocrx_word' id='word_1_107' title='bbox 964 1546 1075 1622; x_wconf 87' lang='lat' dir='ltr'><strong>quaest.</strong></span> <span class='ocrx_word' id='word_1_108' title='bbox 1091 1556 1230 1612; x_wconf 72' lang='lat' dir='ltr'><strong>ccxxxix,</strong></span> 
     </span>
     <span class='ocr_line' id='line_1_15' title="bbox 225 1639 1232 1720; baseline -0.001 -20"><span class='ocrx_word' id='word_1_109' title='bbox 225 1646 284 1701; x_wconf 90' lang='lat' dir='ltr'><strong>art.</strong></span> <span class='ocrx_word' id='word_1_110' title='bbox 320 1642 349 1702; x_wconf 84' lang='grc'><strong>6.</strong></span> <span class='ocrx_word' id='word_1_111' title='bbox 378 1640 412 1700; x_wconf 90' lang='lat' dir='ltr'><strong>ld</strong></span> <span class='ocrx_word' id='word_1_112' title='bbox 443 1643 531 1701; x_wconf 85' lang='lat' dir='ltr'><strong>vetat</strong></span> <span class='ocrx_word' id='word_1_113' title='bbox 558 1645 752 1720; x_wconf 90' lang='lat' dir='ltr'><strong>praeceptum</strong></span> <span class='ocrx_word' id='word_1_114' title='bbox 783 1640 928 1702; x_wconf 85' lang='lat' dir='ltr'><strong>naturale</strong></span> <span class='ocrx_word' id='word_1_115' title='bbox 955 1639 1083 1700; x_wconf 85' lang='lat' dir='ltr'><strong>Honora</strong></span> <span class='ocrx_word' id='word_1_116' title='bbox 1114 1647 1232 1720; x_wconf 83' lang='lat' dir='ltr'><strong>patrem</strong></span> 
     </span>
     <span class='ocr_line' id='line_1_16' title="bbox 224 1736 1233 1817; baseline -0.002 -19"><span class='ocrx_word' id='word_1_117' title='bbox 224 1747 317 1813; x_wconf 84' lang='lat' dir='ltr'><strong>tuum,</strong></span> <span class='ocrx_word' id='word_1_118' title='bbox 340 1742 413 1812; x_wconf 78' lang='lat' dir='ltr'><strong>eto,</strong></span> <span class='ocrx_word' id='word_1_119' title='bbox 437 1737 496 1798; x_wconf 92' lang='lat' dir='ltr'><strong>nisi</strong></span> <span class='ocrx_word' id='word_1_120' title='bbox 517 1743 624 1799; x_wconf 87' lang='lat' dir='ltr'><strong>tamen</strong></span> <span class='ocrx_word' id='word_1_121' title='bbox 644 1738 782 1816; x_wconf 82' lang='lat' dir='ltr'><strong>graviter</strong></span> <span class='ocrx_word' id='word_1_122' title='bbox 805 1743 917 1817; x_wconf 88' lang='lat' dir='ltr'><strong>urgeat</strong></span> <span class='ocrx_word' id='word_1_123' title='bbox 938 1738 1108 1800; x_wconf 78' lang='lat' dir='ltr'><strong>necessitas</strong></span> <span class='ocrx_word' id='word_1_124' title='bbox 1129 1736 1233 1799; x_wconf 83' lang='lat' dir='ltr'><strong>salutis</strong></span> 
     </span>
     <span class='ocr_line' id='line_1_17' title="bbox 223 1835 913 1917; baseline 0.003 -21"><span class='ocrx_word' id='word_1_125' title='bbox 223 1835 291 1912; x_wconf 88' lang='lat' dir='ltr'><strong>filii,</strong></span> <span class='ocrx_word' id='word_1_126' title='bbox 309 1837 393 1914; x_wconf 92' lang='lat' dir='ltr'><strong>quod</strong></span> <span class='ocrx_word' id='word_1_127' title='bbox 407 1836 459 1897; x_wconf 86' lang='lat' dir='ltr'><strong>vix</strong></span> <span class='ocrx_word' id='word_1_128' title='bbox 472 1836 705 1898; x_wconf 89' lang='lat' dir='ltr'><strong>admittendum</strong></span> <span class='ocrx_word' id='word_1_129' title='bbox 716 1837 750 1896; x_wconf 92' lang='lat' dir='ltr'><strong>in</strong></span> <span class='ocrx_word' id='word_1_130' title='bbox 762 1838 863 1917; x_wconf 87' lang='lat' dir='ltr'><strong>praxi.</strong></span> <span class='ocrx_word' id='word_1_131' title='bbox 911 1845 913 1849; x_wconf 81' lang='grc'><strong>“</strong></span> 
     </span>
    </p>

    <p class='ocr_par' dir='ltr' id='par_1_7' title="bbox 154 1934 1259 3101">
     <span class='ocr_line' id='line_1_18' title="bbox 284 1934 1233 2014; baseline 0.002 -20"><span class='ocrx_word' id='word_1_132' title='bbox 284 1934 440 2009; x_wconf 76' lang='lat' dir='ltr'><strong>omnimo,</strong></span> <span class='ocrx_word' id='word_1_133' title='bbox 455 1934 711 1996; x_wconf 75' lang='lat' dir='ltr'><strong>iidem&#39;doctores</strong></span> <span class='ocrx_word' id='word_1_134' title='bbox 724 1935 855 1997; x_wconf 89' lang='lat' dir='ltr'><strong>tradunt</strong></span> <span class='ocrx_word' id='word_1_135' title='bbox 865 1935 966 1997; x_wconf 89' lang='lat' dir='ltr'><strong>filium</strong></span> <span class='ocrx_word' id='word_1_136' title='bbox 983 1935 1081 1998; x_wconf 87' lang='lat' dir='ltr'><strong>teneri</strong></span> <span class='ocrx_word' id='word_1_137' title='bbox 1095 1935 1205 2014; x_wconf 87' lang='lat' dir='ltr'><strong>egredi</strong></span> <span class='ocrx_word' id='word_1_138' title='bbox 1218 1950 1233 1996; x_wconf 89' lang='lat' dir='ltr'><strong>e</strong></span> 
     </span>
     <span class='ocr_line' id='line_1_19' title="bbox 221 2033 1234 2115; baseline 0 -20"><span class='ocrx_word' id='word_1_139' title='bbox 221 2034 428 2108; x_wconf 86' lang='lat' dir='ltr'><strong>monasterio,</strong></span> <span class='ocrx_word' id='word_1_140' title='bbox 443 2034 527 2094; x_wconf 88' lang='lat' dir='ltr'><strong>facta</strong></span> <span class='ocrx_word' id='word_1_141' title='bbox 543 2033 638 2094; x_wconf 87' lang='lat' dir='ltr'><strong>etiam</strong></span> <span class='ocrx_word' id='word_1_142' title='bbox 652 2034 860 2115; x_wconf 77' lang='lat' dir='ltr'><strong>professione.</strong></span> <span class='ocrx_word' id='word_1_143' title='bbox 872 2035 898 2096; x_wconf 92' lang='lat' dir='ltr'><strong>si</strong></span> <span class='ocrx_word' id='word_1_144' title='bbox 907 2041 1054 2114; x_wconf 91' lang='lat' dir='ltr'><strong>parentes</strong></span> <span class='ocrx_word' id='word_1_145' title='bbox 1068 2034 1234 2114; x_wconf 90' lang='lat' dir='ltr'><strong>prolaban-</strong></span> 
     </span>
     <span class='ocr_line' id='line_1_20' title="bbox 222 2132 1233 2208; baseline -0.003 -13"><span class='ocrx_word' id='word_1_146' title='bbox 222 2133 320 2195; x_wconf 89' lang='lat' dir='ltr'><strong>turin</strong></span> <span class='ocrx_word' id='word_1_147' title='bbox 335 2137 476 2194; x_wconf 84' lang='lat' dir='ltr'><strong>extrema</strong></span> <span class='ocrx_word' id='word_1_148' title='bbox 486 2132 683 2208; x_wconf 79' lang='lat' dir='ltr'><strong>necessitate,</strong></span> <span class='ocrx_word' id='word_1_149' title='bbox 697 2151 733 2194; x_wconf 87' lang='lat' dir='ltr'><strong>ac</strong></span> <span class='ocrx_word' id='word_1_150' title='bbox 743 2132 825 2194; x_wconf 89' lang='lat' dir='ltr'><strong>desit</strong></span> <span class='ocrx_word' id='word_1_151' title='bbox 838 2133 925 2194; x_wconf 90' lang='lat' dir='ltr'><strong>aliud</strong></span> <span class='ocrx_word' id='word_1_152' title='bbox 939 2134 1079 2195; x_wconf 88' lang='lat' dir='ltr'><strong>medium</strong></span> <span class='ocrx_word' id='word_1_153' title='bbox 1089 2133 1153 2194; x_wconf 86' lang='lat' dir='ltr'><strong>illis</strong></span> <span class='ocrx_word' id='word_1_154' title='bbox 1163 2133 1233 2194; x_wconf 88' lang='lat' dir='ltr'><strong>sub·</strong></span> 
     </span>
     <span class='ocr_line' id='line_1_21' title="bbox 221 2230 1233 2310; baseline -0.003 -17"><span class='ocrx_word' id='word_1_155' title='bbox 221 2232 378 2299; x_wconf 83' lang='lat' dir='ltr'><strong>veniendi.</strong></span> <span class='ocrx_word' id='word_1_156' title='bbox 396 2230 463 2292; x_wconf 89' lang='lat' dir='ltr'><strong>Hoc</strong></span> <span class='ocrx_word' id='word_1_157' title='bbox 482 2239 664 2306; x_wconf 74' lang='lat' dir='ltr'><strong>cccccccccc,</strong></span> <span class='ocrx_word' id='word_1_158' title='bbox 682 2231 726 2292; x_wconf 89' lang='lat' dir='ltr'><strong>ait</strong></span> <span class='ocrx_word' id='word_1_159' title='bbox 746 2232 777 2293; x_wconf 88' lang='lat' dir='ltr'><strong>S.</strong></span> <span class='ocrx_word' id='word_1_160' title='bbox 796 2231 934 2310; x_wconf 87' lang='lat' dir='ltr'><strong>Liguori.</strong></span> <span class='ocrx_word' id='word_1_161' title='bbox 953 2233 985 2293; x_wconf 91' lang='lat' dir='ltr'><strong>Si</strong></span> <span class='ocrx_word' id='word_1_162' title='bbox 996 2251 1072 2294; x_wconf 87' lang='lat' dir='ltr'><strong>vero</strong></span> <span class='ocrx_word' id='word_1_163' title='bbox 1089 2233 1130 2293; x_wconf 91' lang='lat' dir='ltr'><strong>de</strong></span> <span class='ocrx_word' id='word_1_164' title='bbox 1146 2231 1233 2310; x_wconf 89' lang='lat' dir='ltr'><strong>gravi</strong></span> 
     </span>
     <span class='ocr_line' id='line_1_22' title="bbox 219 2329 1234 2411; baseline -0.003 -18"><span class='ocrx_word' id='word_1_165' title='bbox 219 2331 403 2393; x_wconf 85' lang='lat' dir='ltr'><strong>necessitate</strong></span> <span class='ocrx_word' id='word_1_166' title='bbox 426 2335 548 2410; x_wconf 84' lang='lat' dir='ltr'><strong>agatur,</strong></span> <span class='ocrx_word' id='word_1_167' title='bbox 573 2329 628 2390; x_wconf 91' lang='lat' dir='ltr'><strong>alii</strong></span> <span class='ocrx_word' id='word_1_168' title='bbox 649 2329 740 2390; x_wconf 87' lang='lat' dir='ltr'><strong>aliter</strong></span> <span class='ocrx_word' id='word_1_169' title='bbox 760 2330 941 2411; x_wconf 88' lang='lat' dir='ltr'><strong>opinantur.</strong></span> <span class='ocrx_word' id='word_1_170' title='bbox 968 2331 1079 2392; x_wconf 89' lang='lat' dir='ltr'><strong>Plures</strong></span> <span class='ocrx_word' id='word_1_171' title='bbox 1103 2335 1234 2392; x_wconf 89' lang='lat' dir='ltr'><strong>censent</strong></span> 
     </span>
     <span class='ocr_line' id='line_1_23' title="bbox 154 2413 1259 2509; baseline 0 -19"><span class='ocrx_word' id='word_1_172' title='bbox 154 2413 159 2422; x_wconf 46' lang='lat'><strong><em>⁴</em></strong></span> <span class='ocrx_word' id='word_1_173' title='bbox 219 2430 320 2490; x_wconf 91' lang='lat' dir='ltr'><strong>filium</strong></span> <span class='ocrx_word' id='word_1_174' title='bbox 335 2428 436 2490; x_wconf 89' lang='lat' dir='ltr'><strong>teneri</strong></span> <span class='ocrx_word' id='word_1_175' title='bbox 449 2427 556 2505; x_wconf 82' lang='lat' dir='ltr'><strong>egredi</strong></span> <span class='ocrx_word' id='word_1_176' title='bbox 570 2427 799 2489; x_wconf 88' lang='lat' dir='ltr'><strong>emonasterio.</strong></span> <span class='ocrx_word' id='word_1_177' title='bbox 819 2430 866 2490; x_wconf 90' lang='lat' dir='ltr'><strong>lta</strong></span> <span class='ocrx_word' id='word_1_178' title='bbox 880 2429 1080 2509; x_wconf 73' lang='lat' dir='ltr'><strong>praecaeteris</strong></span> <span class='ocrx_word' id='word_1_179' title='bbox 1095 2429 1231 2503; x_wconf 88' lang='lat' dir='ltr'><strong>Lessius,</strong></span> <span class='ocrx_word' id='word_1_180' title='bbox 1256 2445 1259 2452; x_wconf 58' lang='lat'><strong>⁴</strong></span> 
     </span>
     <span class='ocr_line' id='line_1_24' title="bbox 219 2525 1234 2608; baseline -0.004 -16"><span class='ocrx_word' id='word_1_181' title='bbox 219 2531 334 2592; x_wconf 86' lang='lat' dir='ltr'><strong>Suarez</strong></span> <span class='ocrx_word' id='word_1_182' title='bbox 349 2532 380 2588; x_wconf 89' lang='lat' dir='ltr'><strong>ct</strong></span> <span class='ocrx_word' id='word_1_183' title='bbox 395 2525 531 2607; x_wconf 87' lang='lat' dir='ltr'><strong>Sylvius,</strong></span> <span class='ocrx_word' id='word_1_184' title='bbox 546 2526 724 2606; x_wconf 88' lang='lat' dir='ltr'><strong>praesertim</strong></span> <span class='ocrx_word' id='word_1_185' title='bbox 744 2528 873 2606; x_wconf 88' lang='lat' dir='ltr'><strong>quando</strong></span> <span class='ocrx_word' id='word_1_186' title='bbox 890 2527 1059 2590; x_wconf 84' lang='lat' dir='ltr'><strong>necessitas</strong></span> <span class='ocrx_word' id='word_1_187' title='bbox 1073 2529 1234 2608; x_wconf 88' lang='lat' dir='ltr'><strong>praecessit</strong></span> 
     </span>
     <span class='ocr_line' id='line_1_25' title="bbox 218 2623 1233 2707; baseline 0.002 -21"><span class='ocrx_word' id='word_1_188' title='bbox 218 2627 395 2704; x_wconf 89' lang='lat' dir='ltr'><strong>ingressum</strong></span> <span class='ocrx_word' id='word_1_189' title='bbox 407 2623 567 2704; x_wconf 90' lang='lat' dir='ltr'><strong>religionis</strong></span> <span class='ocrx_word' id='word_1_190' title='bbox 580 2643 587 2686; x_wconf 93' lang='lat'>:</span> <span class='ocrx_word' id='word_1_191' title='bbox 600 2625 630 2684; x_wconf 84' lang='lat' dir='ltr'><strong>l⁰</strong></span> <span class='ocrx_word' id='word_1_192' title='bbox 644 2624 719 2703; x_wconf 88' lang='lat' dir='ltr'><strong>quia</strong></span> <span class='ocrx_word' id='word_1_193' title='bbox 729 2625 882 2704; x_wconf 88' lang='lat' dir='ltr'><strong>obligatio</strong></span> <span class='ocrx_word' id='word_1_194' title='bbox 893 2627 1047 2688; x_wconf 85' lang='lat' dir='ltr'><strong>naturalis</strong></span> <span class='ocrx_word' id='word_1_195' title='bbox 1057 2645 1130 2706; x_wconf 83' lang='lat' dir='ltr'><strong>quae</strong></span> <span class='ocrx_word' id='word_1_196' title='bbox 1142 2632 1233 2707; x_wconf 91' lang='lat' dir='ltr'><strong>urget</strong></span> 
     </span>
     <span class='ocr_line' id='line_1_26' title="bbox 219 2722 1231 2802; baseline 0.003 -17"><span class='ocrx_word' id='word_1_197' title='bbox 219 2729 292 2785; x_wconf 87' lang='lat' dir='ltr'><strong>ante</strong></span> <span class='ocrx_word' id='word_1_198' title='bbox 313 2722 540 2802; x_wconf 86' lang='lat' dir='ltr'><strong>professionem</strong></span> <span class='ocrx_word' id='word_1_199' title='bbox 563 2741 627 2782; x_wconf 90' lang='lat' dir='ltr'><strong>non</strong></span> <span class='ocrx_word' id='word_1_200' title='bbox 652 2723 848 2800; x_wconf 84' lang='lat' dir='ltr'><strong>extinguitur</strong></span> <span class='ocrx_word' id='word_1_201' title='bbox 872 2723 1039 2786; x_wconf 89' lang='lat' dir='ltr'><strong>emissione</strong></span> <span class='ocrx_word' id='word_1_202' title='bbox 1062 2730 1231 2800; x_wconf 82' lang='lat' dir='ltr'><strong>votorum3</strong></span> 
     </span>
     <span class='ocr_line' id='line_1_27' title="bbox 218 2821 1230 2901; baseline 0 -17"><span class='ocrx_word' id='word_1_203' title='bbox 218 2826 250 2884; x_wconf 78' lang='lat'><strong>2⁰</strong></span> <span class='ocrx_word' id='word_1_204' title='bbox 269 2823 344 2901; x_wconf 90' lang='lat' dir='ltr'><strong>qnia</strong></span> <span class='ocrx_word' id='word_1_205' title='bbox 358 2822 416 2882; x_wconf 89' lang='lat' dir='ltr'><strong>filii</strong></span> <span class='ocrx_word' id='word_1_206' title='bbox 430 2839 494 2882; x_wconf 92' lang='lat' dir='ltr'><strong>non</strong></span> <span class='ocrx_word' id='word_1_207' title='bbox 509 2826 657 2882; x_wconf 91' lang='lat' dir='ltr'><strong>tenentur</strong></span> <span class='ocrx_word' id='word_1_208' title='bbox 671 2822 775 2882; x_wconf 88' lang='lat' dir='ltr'><strong>solum</strong></span> <span class='ocrx_word' id='word_1_209' title='bbox 789 2821 822 2882; x_wconf 91' lang='lat' dir='ltr'><strong>in</strong></span> <span class='ocrx_word' id='word_1_210' title='bbox 840 2840 913 2883; x_wconf 90' lang='lat' dir='ltr'><strong>casu</strong></span> <span class='ocrx_word' id='word_1_211' title='bbox 931 2829 1080 2884; x_wconf 71' lang='lat' dir='ltr'><strong>extremae</strong></span> <span class='ocrx_word' id='word_1_212' title='bbox 1096 2824 1230 2885; x_wconf 90' lang='lat' dir='ltr'><strong>necessi·</strong></span> 
     </span>
     <span class='ocr_line' id='line_1_28' title="bbox 217 2919 1231 3003; baseline 0.001 -21"><span class='ocrx_word' id='word_1_213' title='bbox 217 2921 302 2997; x_wconf 89' lang='lat' dir='ltr'><strong>tatis,</strong></span> <span class='ocrx_word' id='word_1_214' title='bbox 312 2920 367 2983; x_wconf 90' lang='lat' dir='ltr'><strong>sed</strong></span> <span class='ocrx_word' id='word_1_215' title='bbox 377 2925 408 2983; x_wconf 92' lang='lat' dir='ltr'><strong>et</strong></span> <span class='ocrx_word' id='word_1_216' title='bbox 418 2919 539 3000; x_wconf 88' lang='lat' dir='ltr'><strong>gravis;</strong></span> <span class='ocrx_word' id='word_1_217' title='bbox 553 2919 694 2998; x_wconf 88' lang='lat' dir='ltr'><strong>alioquin</strong></span> <span class='ocrx_word' id='word_1_218' title='bbox 704 2939 768 2980; x_wconf 93' lang='lat' dir='ltr'><strong>non</strong></span> <span class='ocrx_word' id='word_1_219' title='bbox 776 2921 876 2998; x_wconf 88' lang='lat' dir='ltr'><strong>magis</strong></span> <span class='ocrx_word' id='word_1_220' title='bbox 887 2940 964 3001; x_wconf 90' lang='lat' dir='ltr'><strong>erga</strong></span> <span class='ocrx_word' id='word_1_221' title='bbox 973 2927 1122 3003; x_wconf 87' lang='lat' dir='ltr'><strong>parentes</strong></span> <span class='ocrx_word' id='word_1_222' title='bbox 1133 2941 1231 3002; x_wconf 86' lang='lat' dir='ltr'><strong>quarn</strong></span> 
     </span>
     <span class='ocr_line' id='line_1_29' title="bbox 218 3019 1006 3101; baseline 0 -19"><span class='ocrx_word' id='word_1_223' title='bbox 218 3039 293 3101; x_wconf 88' lang='lat' dir='ltr'><strong>erga</strong></span> <span class='ocrx_word' id='word_1_224' title='bbox 306 3025 471 3082; x_wconf 86' lang='lat' dir='ltr'><strong>extraneos</strong></span> <span class='ocrx_word' id='word_1_225' title='bbox 486 3022 612 3097; x_wconf 88' lang='lat' dir='ltr'><strong>urgeret</strong></span> <span class='ocrx_word' id='word_1_226' title='bbox 623 3024 817 3098; x_wconf 76' lang='lat' dir='ltr'><strong>pracceptum</strong></span> <span class='ocrx_word' id='word_1_227' title='bbox 833 3019 1006 3082; x_wconf 86' lang='lat' dir='ltr'><strong>charitatis.</strong></span> 
     </span>
    </p>

    <p class='ocr_par' dir='ltr' id='par_1_8' title="bbox 214 3116 1230 3790">
     <span class='ocr_line' id='line_1_30' title="bbox 277 3116 1230 3200; baseline 0 -20"><span class='ocrx_word' id='word_1_228' title='bbox 277 3119 339 3181; x_wconf 89' lang='lat' dir='ltr'><strong>Alii</strong></span> <span class='ocrx_word' id='word_1_229' title='bbox 357 3116 550 3180; x_wconf 86' lang='lat' dir='ltr'><strong>eontrarium</strong></span> <span class='ocrx_word' id='word_1_230' title='bbox 573 3116 755 3194; x_wconf 85' lang='lat' dir='ltr'><strong>opinantur,</strong></span> <span class='ocrx_word' id='word_1_231' title='bbox 781 3117 846 3179; x_wconf 88' lang='lat' dir='ltr'><strong>sive</strong></span> <span class='ocrx_word' id='word_1_232' title='bbox 868 3119 1039 3180; x_wconf 88' lang='lat' dir='ltr'><strong>necessitas</strong></span> <span class='ocrx_word' id='word_1_233' title='bbox 1059 3125 1230 3200; x_wconf 88' lang='lat' dir='ltr'><strong>parentum</strong></span> 
     </span>
     <span class='ocr_line' id='line_1_31' title="bbox 214 3215 1229 3300; baseline 0 -20"><span class='ocrx_word' id='word_1_234' title='bbox 214 3216 420 3300; x_wconf 71' lang='lat' dir='ltr'><strong>precesserit,</strong></span> <span class='ocrx_word' id='word_1_235' title='bbox 437 3215 501 3276; x_wconf 86' lang='lat' dir='ltr'><strong>sive</strong></span> <span class='ocrx_word' id='word_1_236' title='bbox 517 3216 741 3294; x_wconf 88' lang='lat' dir='ltr'><strong>supervenerit.</strong></span> <span class='ocrx_word' id='word_1_237' title='bbox 758 3217 807 3276; x_wconf 88' lang='lat' dir='ltr'><strong>lta</strong></span> <span class='ocrx_word' id='word_1_238' title='bbox 822 3217 853 3278; x_wconf 88' lang='lat' dir='ltr'><strong>S.</strong></span> <span class='ocrx_word' id='word_1_239' title='bbox 867 3216 1008 3296; x_wconf 85' lang='lat' dir='ltr'><strong>Lignori,</strong></span> <span class='ocrx_word' id='word_1_240' title='bbox 1026 3217 1082 3297; x_wconf 89' lang='lat' dir='ltr'><strong>qui</strong></span> <span class='ocrx_word' id='word_1_241' title='bbox 1097 3224 1229 3280; x_wconf 79' lang='lat' dir='ltr'><strong>caetero·</strong></span> 
     </span>
     <span class='ocr_line' id='line_1_32' title="bbox 215 3311 1228 3398; baseline -0.002 -20"><span class='ocrx_word' id='word_1_242' title='bbox 215 3317 292 3398; x_wconf 93' lang='lat' dir='ltr'><strong>quin</strong></span> <span class='ocrx_word' id='word_1_243' title='bbox 310 3311 447 3396; x_wconf 80' lang='lat' dir='ltr'><strong>priorem</strong></span> <span class='ocrx_word' id='word_1_244' title='bbox 462 3312 644 3392; x_wconf 88' lang='lat' dir='ltr'><strong>opinionem</strong></span> <span class='ocrx_word' id='word_1_245' title='bbox 663 3313 756 3374; x_wconf 93' lang='lat' dir='ltr'><strong>valde</strong></span> <span class='ocrx_word' id='word_1_246' title='bbox 772 3314 970 3394; x_wconf 89' lang='lat' dir='ltr'><strong>probabilem</strong></span> <span class='ocrx_word' id='word_1_247' title='bbox 987 3316 1159 3377; x_wconf 85' lang='lat' dir='ltr'><strong>existimat.</strong></span> <span class='ocrx_word' id='word_1_248' title='bbox 1178 3317 1228 3376; x_wconf 92' lang='lat' dir='ltr'><strong>ln·</strong></span> 
     </span>
     <span class='ocr_line' id='line_1_33' title="bbox 214 3411 1229 3496; baseline -0.001 -19"><span class='ocrx_word' id='word_1_249' title='bbox 214 3417 358 3477; x_wconf 88' lang='lat' dir='ltr'><strong>nituntur</strong></span> <span class='ocrx_word' id='word_1_250' title='bbox 374 3413 404 3472; x_wconf 81' lang='lat'><strong>1⁰</strong></span> <span class='ocrx_word' id='word_1_251' title='bbox 419 3411 605 3474; x_wconf 79' lang='lat' dir='ltr'><strong>auctoritate</strong></span> <span class='ocrx_word' id='word_1_252' title='bbox 621 3412 652 3472; x_wconf 87' lang='lat' dir='ltr'><strong>S.</strong></span> <span class='ocrx_word' id='word_1_253' title='bbox 667 3412 796 3474; x_wconf 90' lang='lat' dir='ltr'><strong>Thomae</strong></span> <span class='ocrx_word' id='word_1_254' title='bbox 814 3413 868 3493; x_wconf 90' lang='lat' dir='ltr'><strong>qui</strong></span> <span class='ocrx_word' id='word_1_255' title='bbox 881 3413 978 3480; x_wconf 87' lang='lat' dir='ltr'><strong>dicit:</strong></span> <span class='ocrx_word' id='word_1_256' title='bbox 1000 3439 1014 3470; x_wconf 91' lang='lat'>«</span> <span class='ocrx_word' id='word_1_257' title='bbox 1028 3415 1083 3476; x_wconf 92' lang='lat' dir='ltr'><strong>lllc</strong></span> <span class='ocrx_word' id='word_1_258' title='bbox 1093 3414 1150 3495; x_wconf 90' lang='lat' dir='ltr'><strong>qui</strong></span> <span class='ocrx_word' id='word_1_259' title='bbox 1160 3415 1229 3496; x_wconf 83' lang='lat' dir='ltr'><strong>jam</strong></span> 
     </span>
     <span class='ocr_line' id='line_1_34' title="bbox 216 3511 1229 3592; baseline 0.001 -20"><span class='ocrx_word' id='word_1_260' title='bbox 216 3538 232 3572; x_wconf 74' lang='lat' dir='ltr'><strong>&lt;c</strong></span> <span class='ocrx_word' id='word_1_261' title='bbox 248 3513 342 3575; x_wconf 89' lang='lat' dir='ltr'><strong>estin</strong></span> <span class='ocrx_word' id='word_1_262' title='bbox 359 3511 510 3590; x_wconf 89' lang='lat' dir='ltr'><strong>religione</strong></span> <span class='ocrx_word' id='word_1_263' title='bbox 525 3512 694 3590; x_wconf 88' lang='lat' dir='ltr'><strong>professus,</strong></span> <span class='ocrx_word' id='word_1_264' title='bbox 711 3517 877 3592; x_wconf 88' lang='lat' dir='ltr'><strong>reputatur</strong></span> <span class='ocrx_word' id='word_1_265' title='bbox 888 3511 958 3590; x_wconf 88' lang='lat' dir='ltr'><strong>jam</strong></span> <span class='ocrx_word' id='word_1_266' title='bbox 977 3514 1070 3592; x_wconf 89' lang='lat' dir='ltr'><strong>quasi</strong></span> <span class='ocrx_word' id='word_1_267' title='bbox 1084 3518 1229 3574; x_wconf 86' lang='lat' dir='ltr'><strong>mortuus</strong></span> 
     </span>
     <span class='ocr_line' id='line_1_35' title="bbox 219 3609 1228 3692; baseline 0 -20"><span class='ocrx_word' id='word_1_268' title='bbox 219 3636 234 3673; x_wconf 85' lang='lat' dir='ltr'><strong>u</strong></span> <span class='ocrx_word' id='word_1_269' title='bbox 247 3613 384 3688; x_wconf 91' lang='lat' dir='ltr'><strong>mundo;</strong></span> <span class='ocrx_word' id='word_1_270' title='bbox 401 3612 548 3672; x_wconf 90' lang='lat' dir='ltr'><strong>indenon</strong></span> <span class='ocrx_word' id='word_1_271' title='bbox 563 3610 667 3686; x_wconf 87' lang='lat' dir='ltr'><strong>debet,</strong></span> <span class='ocrx_word' id='word_1_272' title='bbox 686 3609 849 3672; x_wconf 87' lang='lat' dir='ltr'><strong>occasione</strong></span> <span class='ocrx_word' id='word_1_273' title='bbox 863 3611 1101 3672; x_wconf 87' lang='lat' dir='ltr'><strong>sustentationis</strong></span> <span class='ocrx_word' id='word_1_274' title='bbox 1112 3631 1228 3692; x_wconf 88' lang='lat' dir='ltr'><strong>paren-</strong></span> 
     </span>
     <span class='ocr_line' id='line_1_36' title="bbox 216 3701 1228 3790; baseline 0.002 -20"><span class='ocrx_word' id='word_1_275' title='bbox 216 3736 233 3770; x_wconf 91' lang='lat'>«</span> <span class='ocrx_word' id='word_1_276' title='bbox 249 3717 330 3787; x_wconf 88' lang='lat' dir='ltr'><strong>tum,</strong></span> <span class='ocrx_word' id='word_1_277' title='bbox 346 3711 431 3774; x_wconf 82' lang='lat' dir='ltr'><strong>exire</strong></span> <span class='ocrx_word' id='word_1_278' title='bbox 448 3711 620 3772; x_wconf 84' lang='lat' dir='ltr'><strong>claustrum</strong></span> <span class='ocrx_word' id='word_1_279' title='bbox 635 3707 668 3770; x_wconf 92' lang='lat' dir='ltr'><strong>in</strong></span> <span class='ocrx_word' id='word_1_280' title='bbox 684 3727 747 3789; x_wconf 89' lang='lat' dir='ltr'><strong>quo</strong></span> <span class='ocrx_word' id='word_1_281' title='bbox 763 3701 887 3772; x_wconf 80' lang='lat' dir='ltr'><strong>Christo</strong></span> <span class='ocrx_word' id='word_1_282' title='bbox 905 3710 1183 3790; x_wconf 86' lang='lat' dir='ltr'><strong>consepelitur,.et</strong></span> <span class='ocrx_word' id='word_1_283' title='bbox 1195 3730 1228 3772; x_wconf 85' lang='lat' dir='ltr'><strong>se</strong></span> 
     </span>
    </p>
   </div>
   <div class='ocr_carea' id='block_1_7' title="bbox 0 0 1298 4276">
    <p class='ocr_par' dir='ltr' id='par_1_9' title="bbox 0 0 1298 4276">
     <span class='ocr_line' id='line_1_37' title="bbox 0 0 1298 4276; baseline 0 4"><span class='ocrx_word' id='word_1_284' title='bbox 0 0 1298 4276; x_wconf 95' lang='lat' dir='ltr'><strong> </strong></span> 
     </span>
    </p>
   </div>
  </div>
 </body>
</html>
