2642 4270
233 280 285 334 588
502 287 574 336 PARS
594 288 640 337 lll.
661 289 717 337 RES
738 287 978 337 EGGLESIASTIGAE.

233 401 369 461 curritur
389 400 430 462 ed
449 401 657 481 municipium
672 403 758 482 quod
774 409 908 479 tenetur,
924 404 958 464 in
978 403 1085 465 locum
1104 403 1243 479 fabrica,

231 498 398 577 providere
417 499 567 579 impensis
586 501 781 575 necessariis,
805 519 845 562 ex
865 507 925 562 art.
944 503 984 562 92
1002 500 1122 565 decreti
1147 503 1242 562 1809:

234 620 249 651 «
265 597 321 656 Les
335 595 467 674 charges
482 597 536 658 des
553 615 735 659 communes
754 583 973 660 relativement
988 619 1029 661 au
1047 600 1132 661 culte
1148 605 1219 660 sont
1235 617 1241 659 :

231 717 248 749 «
264 694 295 752 1ο
311 694 349 756 de
364 693 541 773 suppleera
555 693 777 756 l’insuflisanoe
787 697 843 756 des
858 715 993 758 revenus
1003 697 1042 758 de
1052 698 1085 757 la
1099 697 1241 776 fabrique

234 817 248 846 α
262 811 344 871 pour
359 792 403 852 les
430 792 562 871 charges
577 798 702 873 portees
722 812 762 854 en
776 794 859 856 l'art.
879 796 934 870 37;
955 799 988 855 2⁰
1004 796 1043 856 de
1058 795 1184 856 lournir
1204 815 1241 856 au

233 913 249 946 «
264 895 338 950 oure
352 908 393 951 ou
404 890 587 952 desservant
602 911 644 952 un
658 893 854 971 presbytera,
871 910 924 968 ou,
941 895 961 953 a
976 893 1087 955 detaut
1100 893 1141 955 de
1154 911 1240 972 pres-

233 1010 248 1042 u
263 987 384 1066 byttre,
403 1007 444 1048 un
460 988 630 1065 logement,
659 1008 712 1062 ou,
744 992 762 1050 a
786 989 895 1050 detaut
909 990 947 1051 de
961 991 1147 1070 presbytera
1163 991 1241 1052 etde

232 1109 247 1141 u
262 1085 433 1163 legement,
450 1105 511 1148 une
526 1087 700 1148 indemnite
715 1087 917 1166 pecuniaire;
934 1088 966 1147 3ο
988 1089 1028 1149 de
1042 1088 1167 1149 fournir
1181 1107 1241 1148 aux

232 1207 247 1236 u
261 1200 385 1259 grossas
398 1183 595 1262 reparatione
610 1184 665 1245 des
680 1183 805 1244 e'dilices
818 1191 982 1246 consceres
996 1204 1037 1245 au
1051 1184 1147 1246 culte.
1164 1207 1180 1240 u

288 1281 458 1343 Consilium
480 1281 670 1361 municipale
689 1300 752 1342 non
777 1282 959 1362 suppeditat
983 1287 1128 1362 sumptus
1145 1300 1239 1362 paro-

227 1379 318 1454 chiae,
336 1379 396 1440 nisi
405 1379 465 1440 sibi
475 1383 607 1455 constet,
621 1379 763 1459 inspecto
776 1379 878 1440 indice
890 1380 1071 1441 reddituum
1083 1386 1114 1440 et
1126 1398 1241 1458 expen-

227 1486 335 1530 sarum
353 1469 413 1530 rIte
431 1469 619 1548 approbato,
636 1486 788 1547 expensas
800 1470 839 1529 de
859 1469 974 1548 quibus
995 1474 1148 1530 statutum
1165 1468 1234 1541 luit,

165 1571 167 1576 ’
226 1569 330 1647 reipsa
340 1585 463 1645 urgere,
481 1572 512 1628 et
524 1567 665 1628 redditus
675 1567 835 1646 parochia
848 1585 912 1628 non
927 1567 1081 1632 sufficere.
1095 1567 1128 1627 Si
1138 1567 1239 1627 consi-

225 1665 304 1726 lium
314 1664 505 1742 municipale
521 1663 600 1724 nolit
610 1663 776 1743 providere
802 1664 1041 1725 necessitatibus
1065 1662 1237 1744 parochiae,

226 1781 371 1826 recursus
387 1761 522 1822 habetur
543 1762 583 1822 ad
597 1762 793 1841 praelectum.
811 1762 844 1824 Si
860 1780 935 1823 vero
953 1780 1017 1823 noo
1032 1761 1143 1840 possit,
1165 1760 1239 1840 quia

223 1861 374 1922 nimirum
383 1860 526 1940 privatur
541 1858 744 1920 facultatibus
764 1859 878 1938 quibus
889 1859 984 1919 simul
1003 1859 1171 1920 subveniat
1183 1877 1239 1918 ne·

224 1959 421 2022 cessitatibus
431 1957 605 2036 municipii,
615 1956 788 2018 recurritur
800 1957 1037 2037 adguberuium
1047 1956 1135 2036 quod
1147 1959 1238 2016 curat

223 2055 496 2136 utsingulisannis
506 2055 690 2129 destinetur,
700 2054 880 2134 inbudgeto
890 2055 1031 2134 generali
1042 2053 1236 2133 reipublicae,

224 2159 310 2216 certa
320 2153 578 2214 summafabriois
589 2152 812 2232 paroecialibus
817 2151 976 2231 juvandis.
987 2151 1146 2230 (Art93et
1155 2150 1237 2230 seq.)

282 2251 371 2313 Circa
393 2250 609 2325 alienationes,
631 2256 690 2310 art.
712 2252 752 2311 62
771 2250 881 2311 statuit
899 2268 906 2311 :
924 2274 939 2306 «
961 2252 1005 2310 Ne
1022 2253 1178 2330 pourront
1192 2247 1237 2308 les

224 2375 239 2405 «ι
253 2349 342 2410 biens
352 2347 539 2409 immeubles
553 2348 592 2408 de
604 2347 723 2426 l'eg'lise
738 2348 805 2410 etre
817 2349 949 2425 venduS,
968 2347 1097 2423 alienes
1114 2346 1235 2408 echan·

223 2471 238 2503 «
255 2452 320 2525 gae,
335 2465 407 2508 sans
421 2464 482 2507 unc
497 2445 705 2508 deliberation
718 2446 760 2507 du
774 2445 903 2519 conseil‚
916 2445 1005 2506 l'avis
1020 2446 1058 2506 de
1072 2429 1236 2523 l'l'lveque,

223 2567 238 2600 u
254 2550 286 2604 et
301 2550 390 2604 notre
405 2542 622 2605 autorisation.
641 2568 655 2598 »
674 2542 739 2603 Sub
756 2543 813 2604 illa
834 2543 1040 2620 generalitate
1061 2542 1237 2603 verborum

221 2643 400 2701 continetur
412 2659 506 2702 omne
521 2642 641 2702 bonum
653 2640 815 2702 immobile
830 2641 1051 2720 quodcumque
1068 2639 1120 2713 sit,
1137 2639 1239 2700 etiam

220 2738 337 2798 modici
356 2739 484 2801 valoris.
508 2738 684 2800 Prohibitio
705 2738 833 2817 insuper
848 2738 1041 2811 extenditur,
1056 2737 1088 2797 vi
1101 2736 1238 2797 alterius

150 2820 155 2830 ’
218 2834 309 2914 legis,
325 2835 365 2896 ad
383 2854 494 2896 census
516 2855 637 2897 annuos
660 2851 796 2916 quorum
816 2835 967 2897 alienatio
987 2834 1189 2915 prohibetur,
1205 2839 1238 2894 et
1317 2875 1318 2918 ,

217 2933 427 3013 probabiliter
450 2933 491 2992 ad
513 2933 686 2994 cessionem
703 2932 824 3012 jurium
837 2933 1114 3013 incorporeorum.
1139 2931 1239 2992 Nulla

216 3031 416 3110 igituratque
426 3030 516 3090 irrita
526 3031 849 3110 reputaturvenditio,
860 3037 915 3092 aut
925 3030 1131 3093 commutatio
1140 3029 1240 3091 aliter
1316 3065 1317 3068 =

216 3130 301 3191 facta
317 3147 412 3208 quam
427 3147 467 3189 ex
482 3147 636 3190 consensu
654 3129 816 3206 gubernii;
833 3129 1023 3208 gubernium
1036 3146 1123 3201 vero,
1140 3131 1235 3188 ante·
1316 3151 1317 3184 l

218 3244 313 3305 quam
328 3227 442 3306 probet
457 3225 526 3287 fieri
535 3225 719 3305 hujusmodi
734 3225 968 3300 alienationem,
984 3225 1187 3305 praerequirit
1201 3231 1237 3286 ut
1316 3221 1317 3248 ³

215 3324 276 3384 sibi
290 3324 480 3385 exhibeatur
493 3323 659 3385 aestimatio
670 3324 716 3384 rei
728 3342 747 3384 a
758 3323 880 3384 selectis
895 3323 1030 3397 arbitrie,
1047 3323 1237 3383 informatio

216 3425 287 3482 aeta
300 3421 339 3482 de
353 3421 519 3482 commodo
533 3426 564 3482 et
573 3420 787 3495 incommodo,
801 3405 987 3481 deliberatio
998 3419 1120 3481 consilii
1133 3419 1235 3480 labri·

215 3536 259 3580 oae
278 3524 310 3580 et
323 3519 446 3580 consilii
460 3518 635 3598 municipii,
652 3519 810 3580 sententia
824 3517 1025 3598 subpraefecti
1042 3523 1074 3578 et
1088 3517 1234 3596 praelecti

214 3616 362 3693 regionis,
378 3616 534 3678 sententia
543 3620 698 3696 praeterea
706 3616 865 3696 Episcopi,
877 3614 1060 3677 utsccurius
1065 3613 1233 3694 judicetur
1315 3661 1316 3737 1

214 3712 254 3773 de
267 3714 505 3791 opportunitate
521 3713 679 3775 cessionis.
