2632 4260
202 233 236 288 58
567 239 640 290 PARS
661 240 695 288 11.
718 240 847 289 ctunlcl.

202 357 332 419 denotat
348 357 450 436 legem
471 357 528 417 sub
547 357 637 435 gravi
653 356 808 436 obligare,
826 361 859 418 et
873 357 1027 438 attingere
1049 359 1132 422 solos
1151 359 1236 422 cle·

201 456 283 517 ricos
306 455 403 516 sacris
422 454 584 516 ordinibus
598 455 748 530 initiatos,
770 455 850 517 sicut
869 456 1080 520 communiter
1097 457 1238 521 intelli-

203 553 299 632 gitur.

261 652 299 714 ll.
325 651 413 713 Circa
443 651 656 713 assistentiam
688 651 811 713 choreis
837 659 869 714 et
894 652 1096 733 spectaculis,
1126 672 1233 716 conc.

201 749 394 812 Laodicense
417 749 550 811 statuit:
571 772 587 806 «
608 751 677 810 Non
699 754 826 830 oportet
847 751 1009 813 ministros
1036 751 1147 814 altaris
1170 749 1237 813 vel

205 873 220 904 «
244 848 400 926 quoslihet
422 847 552 908 elericos
576 848 774 926 spectaculis,
799 867 870 932 quae
892 850 942 911 vel
962 850 996 910 in
1019 849 1138 930 nuptiis
1167 853 1238 912 aut

208 966 223 1002 n
243 945 344 1006 scenis
368 945 569 1018 exhihentur,
593 946 755 1020 interesse,
782 946 837 1007 sed
861 953 1032 1027 antequam
1054 946 1238 1027 thymelici

206 1069 221 1099 α
242 1043 471 1123 ingrediantur,
496 1062 623 1122 surgere
644 1063 697 1105 eos
717 1045 756 1106 de
777 1045 919 1107 convivio
940 1052 971 1108 et
990 1046 1087 1108 abire.
1107 1069 1123 1101 o
1142 1046 1233 1126 Cap.

202 1139 273 1202 Noa
297 1151 422 1222 oportet,
444 1144 493 1214 37,
518 1142 589 1204 dist.
611 1160 639 1219 v,
657 1142 693 1203 de
717 1140 957 1205 Conseorotione.
985 1145 1086 1224 Gaput
1109 1141 1238 1206 Clerici

202 1258 278 1300 mox
292 1241 423 1302 citatum
437 1240 523 1300 idem
539 1244 636 1301 vetat.
656 1264 672 1296 «
685 1240 835 1304 Clerici...
853 1241 969 1316 mimiS,
988 1241 1235 1322 joculatoribus
1299 1249 1300 1326 J

205 1342 274 1398 «et
302 1337 509 1399 histrionibus
537 1355 601 1397 non
628 1337 807 1400 intendant.
833 1363 848 1394 >2
876 1341 1038 1422 Statuturn
1070 1339 1234 1401 Ecclesiae
1299 1337 1300 1358 *

202 1435 387 1496 Parisiensis
410 1435 468 1495 has
489 1435 574 1513 leges
599 1441 839 1512 commemorat,
867 1437 1033 1518 poenisque
1060 1436 1232 1498 canonicis
1299 1465 1300 1522 3

202 1532 303 1594 sancit
321 1551 328 1592 :
345 1555 361 1589 «
376 1533 461 1594 Nous
476 1533 661 1611 defendens,
684 1533 756 1595 sous
770 1534 861 1613 peine
877 1535 915 1596 de
931 1552 1093 1614 suspense,
1112 1537 1132 1596 d
1152 1539 1233 1595 tous
1299 1563 1300 1630 ἒ

85 1657 87 1660 v
205 1654 220 1688 κ
243 1630 289 1692 les
310 1630 564 1711 ecclesiastiques
591 1631 629 1692 de
649 1649 682 1692 se
704 1636 834 1692 trouver
856 1651 920 1693 aux
944 1633 1112 1706 comedies,
1139 1631 1230 1706 hals,
1299 1631 1300 1678 l

206 1754 222 1785 «
243 1733 373 1808 operas,
401 1729 592 1790 assemblees
619 1729 658 1790 de
678 1729 734 1809 jeu
759 1735 791 1790 et
815 1725 1120 1811 autres'spectacles
1147 1748 1232 1809 pro·

205 1849 221 1884 (ι
243 1827 342 1888 lanes
361 1849 376 1884 »
843 1877 844 1880 η
1071 1907 1073 1912 Ι
1299 1839 1300 1894 3

263 1926 332 1986 347.
353 1959 389 1971 -
407 1925 463 1987 ΙΙΙο
484 1924 592 1987 Utrum
608 1934 637 1987 et
654 1944 784 2008 quonam
804 1945 890 1988 sensu
910 1925 977 1988 ludi
995 1924 1231 1988 interdicantur
1299 1921 1300 2000 j

203 2021 343 2086 clericis?

225 2109 226 2112 ¹
265 2123 383 2182 Textus
391 2121 471 2201 juris
487 2119 601 2184 Clerici
609 2123 736 2183 statuit:
750 2146 765 2179 «
778 2122 889 2184 Clerici
899 2121 940 2183 ad
952 2121 1080 2183 taxilles
1094 2127 1125 2182 et
1136 2119 1231 2182 aleas

205 2242 221 2277 e
242 2238 307 2281 non
322 2219 445 2291 ludant,
462 2237 521 2279 nec
534 2219 715 2300 hujusmodi
729 2219 812 2280 ludis
827 2219 984 2281 intersint.
1004 2245 1019 2274 »

261 2317 369 2379 ludus
387 2316 504 2396 triplex
522 2317 727 2396 distinguitur
747 2334 754 2376 :
774 2316 805 2375 l⁰
820 2336 905 2378 mere
926 2317 1107 2390 amatorius,
1132 2315 1231 2396 quia
1299 2337 1300 2402 3

203 2421 286 2477 sorte
308 2415 411 2476 solum
432 2415 565 2493 pendet;
582 2417 613 2474 2⁰
627 2430 714 2474 mere
734 2413 941 2490 industrialis,
965 2415 1020 2494 qui
1041 2415 1109 2476 fere
1129 2412 1231 2476 unice

202 2514 321 2592 pendet
340 2511 511 2572 eludentis
531 2511 695 2584 industria,
716 2516 752 2572 ut
769 2511 862 2572 ludus
884 2513 1152 2589 latrunculorum,
1175 2512 1232 2574 vel
1299 2515 1300 2518 ’

202 2609 276 2689 pilae
294 2607 428 2686 (echecs,
445 2626 573 2686 paume,
589 2607 734 2688 billard);
749 2611 781 2670 3ο
796 2609 926 2684 mixtus,
944 2611 997 2688 qui
1012 2627 1102 2689 seque
1119 2615 1191 2670 tum
1208 2628 1229 2671 a
1299 2623 1300 2650 ³

203 2711 297 2782 sorte,
314 2710 383 2766 tum
397 2705 437 2766 ab
452 2695 608 2766 industria
622 2706 751 2784 pendet.

224 2843 228 2850 -
263 2803 342 2865 Ludi
353 2803 507 2876 aleatorii,
521 2807 614 2881 pacto
630 2803 780 2882 adjuncto
795 2803 963 2884 pecuniam
978 2804 1134 2882 lucrandi,
1147 2809 1226 2885 sunt

203 2900 325 2964 clericis
344 2901 515 2964 interdicti.
531 2905 595 2963 Lex
614 2903 681 2964 lata
695 2903 754 2964 luit
772 2904 909 2983 aprima
924 2901 1128 2983 antiquitate,
1144 2921 1225 2964 nam
1299 2971 1300 2976 ,

201 2999 358 3081 reperitur
371 2999 404 3060 in
419 3000 591 3062 canonibus
611 3001 792 3082 apostolicis
805 3003 857 3074 ll,
874 3003 924 3074 42,
944 3005 975 3061 et
991 3000 1025 3060 in
1041 3001 1224 3062 Institutio·
1299 2987 1300 2990 ¹

202 3098 296 3160 nibus
308 3097 487 3176 iustiniani,
503 3117 582 3178 quas
595 3100 670 3160 citat
681 3100 815 3160 collator
829 3097 1066 3176 Andegavensis
1080 3115 1089 3159 ι
1107 3099 1223 3178 «Epis-

206 3221 221 3252 «
236 3215 335 3277 copus
350 3200 405 3257 aut
419 3197 583 3277 presbyter
596 3203 650 3259 aut
663 3197 814 3259 diaconus
828 3197 882 3276 qui
896 3196 944 3256 vel
955 3195 1043 3274 aleae,
1057 3197 1108 3257 vel
1121 3197 1221 3258 ebrie-

204 3316 221 3351 «
235 3295 354 3356 tatibus
369 3294 523 3373 indulget,
541 3295 592 3357 uel
607 3295 740 3357 desinite
757 3295 808 3356 vel
822 3294 1000 3373 deponitor.
1019 3317 1035 3352 u
1048 3295 1085 3354 lt
1104 3312 1144 3355 ex
1160 3291 1221 3356 Ca-

202 3410 272 3454 non.
299 3401 395 3475 apost.
429 3393 536 3455 Ganon
560 3394 754 3474 subsequens
777 3392 858 3453 illud
884 3391 1047 3453 interdicit
1075 3390 1221 3454 similiter

203 3489 325 3552 clericis
338 3491 551 3552 inferioribus.

262 3585 353 3650 Nota.
371 3589 402 3648 1⁰
415 3591 492 3665 Lex,
511 3590 551 3651 oh
571 3609 661 3652 suam
682 3590 934 3671 generalitatem,
957 3608 1074 3652 omnes
1088 3589 1220 3652 clericos

203 3685 318 3761 allicit3
336 3685 391 3748 sed
404 3686 512 3748 multis
523 3687 648 3752 videtur
661 3689 708 3752 ita
727 3688 954 3753 consuetudine
976 3693 1167 3767 temperata,
1184 3693 1219 3751 ut
