2582 4278
254 244 324 292 llltr.
344 244 365 292 Ι.
386 244 624 294 saulaumonis!
644 244 843 293 marlrururr.
1019 239 1054 292 97

48 360 212 440 sumptibus
227 360 423 438 necessariis,
438 361 465 422 si
476 361 618 440 indigeat
632 355 847 437 seminarium,
863 361 960 423 totius
978 361 1055 423 cleri

47 462 163 520 interest
175 463 211 520 ut
226 464 373 521 accurate
384 459 644 521 administrentur
658 459 742 521 hona
753 460 950 538 temporalia.
960 459 1047 539 (th-

46 576 139 617 suurus
153 555 257 632 recol,
273 562 354 619 tom.
371 557 445 629 LXI,
457 577 490 637 p.
510 557 593 644 160¹.)

96 655 239 726 Quatuoc
250 654 422 716 consiliarii
439 654 601 733 eliguntur
615 655 647 715 in
664 661 865 735 perpetuum,
882 674 946 716 non
963 673 1053 717 secus

46 773 76 812 uc
88 753 194 815 caeteri
211 753 251 813 de
271 753 386 833 quibus
404 754 501 815 modo
519 754 704 832 agebamus,
721 771 758 815 eo
774 773 867 814 sensu
886 754 971 834 quod
987 772 1052 814 non

45 851 179 912 mutandi
200 851 262 912 sint
285 850 405 931 absque
430 851 519 932 gravi
537 851 680 926 ratione,
706 851 891 929 sussragium
909 851 1054 912 similiter

45 949 155 1010 hubent
169 949 428 1024 consultativum,
445 969 510 1012 non
522 949 706 1011 decisivum.

96 1047 292 1108 Consultatio
311 1049 537 1128 deputatorum
561 1048 734 1127 requiritur
755 1047 796 1108 ad
820 1048 1050 1108 detrahendum

46 1152 158 1224 partem
173 1145 316 1224 aliquam
328 1163 367 1206 ex
381 1145 535 1207 fructibus
546 1145 678 1223 integris
692 1163 808 1206 mensae
825 1145 1013 1223 episcopalis
1025 1150 1057 1204 et

48 1242 179 1321 capituli,
196 1262 340 1322 necnon
357 1243 584 1304 beneficiorum
605 1243 760 1317 dioecesis,
782 1249 813 1304 et
832 1242 872 1302 ad
892 1243 1056 1322 applican-

49 1343 112 1402 dum
120 1347 217 1420 atque
225 1341 494 1420 incorporandum
502 1341 585 1402 hanc
595 1347 719 1420 partem
727 1341 909 1415 seminario,
921 1346 952 1401 et
961 1340 1057 1400 etiam

49 1457 94 1516 pro
105 1457 179 1500 casu
190 1439 223 1498 in
236 1458 300 1519 qno
313 1439 413 1500 oritur
421 1439 528 1518 aliqua
540 1439 712 1500 difficultas
723 1439 807 1500 unde
818 1438 1059 1518 perturbaretur

50 1538 218 1598 institutum
231 1537 393 1598 seminarii
403 1539 427 1600 ¹.
895 1561 897 1565 ’

46 1685 48 1688 .
98 1637 345 1696 Controversum
365 1634 424 1694 fuit
439 1653 479 1695 an
497 1641 614 1714 praeter
628 1635 707 1696 duas
722 1635 958 1696 commissiones
973 1633 1057 1694 indi·

51 1737 135 1804 catas,
157 1732 254 1792 tertia
270 1731 454 1793 adhibenda
473 1732 513 1792 sit
530 1750 588 1812 pro
601 1751 716 1792 annua
731 1732 907 1793 redditione
923 1730 1056 1792 rationis

52 1829 203 1906 regiminis
216 1829 401 1910 temporalis
414 1848 421 1904 ;
442 1830 480 1890 de
499 1849 563 1909 qua
577 1831 688 1890 statuit
701 1848 791 1892 conc.
808 1829 1029 1890 Tridentinum
1046 1845 1052 1889 :

52 1928 224 1990 citationes
243 1928 424 1989 reddituum
444 1929 604 1989 seminarii
626 1929 799 2008 Episcopus
816 1927 907 1988 annis
929 1926 1059 2005 singulis

53 2026 219 2105 «accipiat,
242 2026 450 2106 praesentibus
470 2027 594 2087 duobus
617 2047 636 2086 a
660 2027 810 2106 capitulo,
834 2032 865 2087 et
887 2025 1018 2086 totidem
1041 2041 1079 2086 a'

55 2145 67 2178 u
77 2124 156 2185 clero
183 2123 319 2185 civitatis
343 2123 511 2202 deputetis.
543 2147 559 2180 u
593 2124 797 2186 Communior
824 2122 1057 2202 interpretatio,

53 2239 138 2298 quam
151 2241 211 2282 sua
226 2222 414 2282 auctoritate
426 2221 565 2282 firmavit
580 2223 611 2283 S.
627 2222 795 2299 congreg„
809 2225 855 2281 est
870 2239 933 2280 non
945 2237 1061 2280 novam

52 2320 158 2397 requiri
173 2320 412 2398 deputationum
432 2338 451 2380 a
466 2317 606 2379 secunda
621 2319 813 2392 distinctam,
834 2319 888 2378 sed
903 2316 1058 2378 redditio-

53 2434 116 2476 nem
129 2418 290 2478 rationum
303 2417 521 2496 excipiendam
537 2435 605 2477 ease
618 2435 637 2476 a
650 2421 786 2496 quatuor
799 2414 968 2495 deputatis,
986 2431 1059 2493 quo·

57 2508 115 2574 rum
125 2516 187 2576 duo
199 2534 239 2575 ex
248 2514 386 2595 capitulo
398 2519 610 2588 assumentur,
622 2533 705 2574 unus
713 2515 830 2575 electus
840 2514 879 2574 ab
890 2512 1059 2592 Episcopo,

58 2611 126 2673 alter
139 2632 160 2674 a
177 2613 331 2693 capitulo,
347 2618 378 2674 ct
392 2613 455 2672 duo
471 2631 510 2672 ex
529 2612 624 2690 clero,
641 2631 723 2672 unus
742 2613 783 2672 ab
798 2611 964 2690 Episcopo,
982 2610 1063 2671 alter

58 2710 162 2772 eclero
175 2713 199 2771 ².
1125 2697 1130 2706 ⁴

104 2809 172 2869 369.
193 2843 233 2852 -
251 2808 303 2871 lv.
316 2808 363 2870 De
383 2810 498 2873 unitate
516 2809 676 2872 seminarii
697 2809 728 2869 iu
744 2807 872 2888 seopulis
891 2807 1062 2869 dioecesibus

57 2904 161 2983 legitur
172 2907 206 2966 in
222 2907 372 2968 decreto:
390 2933 405 2963 u
425 2911 460 2970 ln
474 2909 621 2971 Ecclesiis
637 2908 759 2986 amplas
777 2908 925 2968 dioeceses
939 2906 1062 2968 haben*

57 3026 68 3058 u
81 3004 174 3079 tibus,
186 3005 287 3084 possit
299 3005 472 3085 Episcopus
486 3026 585 3068 unum
599 3006 649 3067 vel
664 3007 758 3086 plura
767 3005 800 3064 in
814 3006 951 3082 dioecesi,
968 3009 1065 3084 prout

57 3125 68 3154 u
82 3101 139 3162 sihi
153 3108 370 3182 opportunum
389 3103 562 3180 videbitur,
578 3105 696 3165 habere
718 3103 907 3179 seminarie;
927 3121 998 3182 quae
1014 3107 1063 3161 ta·

57 3221 68 3252 u
82 3219 154 3261 men
168 3201 210 3262 ab
224 3200 281 3261 illo
294 3219 358 3262 uno
377 3203 462 3281 quod
472 3203 505 3262 in
521 3203 647 3264 civitate
663 3207 802 3263 erectum
816 3207 847 3262 et
859 3201 1064 3262 constitutum

58 3298 185 3373 «166111,
207 3299 241 3359 in
263 3299 412 3361 omnibus
434 3301 643 3380 dependeant.
671 3323 686 3357 u
712 3301 816 3362 Verba
837 3300 910 3360 su'nt
927 3295 1062 3368 concilii,

56 3397 215 3484 exquibus
230 3397 449 3458 concludimus
460 3398 669 3461 intentionem
685 3398 810 3460 concilii
823 3397 928 3471 luisse,
946 3396 986 3456 ad
999 3412 1064 3455 ser·

95 3560 116 3606 1.
131 3557 242 3620 Glraldi,
255 3544 316 3622 part
327 3561 359 3620 ll,
373 3563 436 3610 sect.
453 3571 499 3624 ox3
517 3587 546 3598 -
561 3559 714 3626 Pignatelli,
732 3563 796 3609 tom.
811 3556 1064 3632 lX,Cousult,1.xxc

56 3639 81 3678 u⁰
94 3634 136 3694 623
154 3659 184 3670 -
196 3635 358 3685 Benedictus
372 3636 437 3698 XIV,
454 3637 486 3686 ele
501 3635 615 3702 Spuodo,
628 3638 678 3687 lib.
693 3636 723 3698 V,
736 3649 794 3698 cap.
806 3649 843 3697 ur„
856 3633 892 3684 ni⁸
905 3635 971 3684 5-10,

94 3711 115 3758 2.
130 3709 275 3760 Thesaurus
289 3710 380 3775 lissei,
393 3716 459 3762 tom.
477 3727 544 3764 cmv.
556 3741 586 3752 -
598 3713 646 3763 Die
659 3715 687 3762 31
700 3714 778 3762 mart.
794 3724 838 3762 an.
855 3713 925 3762 1855.

908 3813 923 3864 6
