2642 4268
162 251 228 298 1111.
250 251 281 298 11.
303 250 499 312 OBLATIONES,
521 252 729 334 subuerterint
749 253 785 301 ΕΤ
806 252 974 301 dendritis.
1032 245 1080 298 1191

132 451 305 512 Anrrcnnus
325 469 357 512 11.
383 486 421 496 —
441 453 486 513 De
507 453 673 514 Pencrrurs
699 451 863 514 Srncrneus
885 466 1028 514 nouonuu

425 567 725 614 sccunsresrrconuu.

132 722 202 782 578.
220 721 384 783 -Actum
400 727 457 798 est,
469 723 502 785 in
517 723 779 804 praecedentibus,
792 724 832 784 de
843 721 940 784 sacris
951 721 1084 795 aedibus,
1099 784 1109 798 ‚

72 815 111 880 de
126 819 257 880 illarum
272 821 460 900 supellectili
477 828 508 883 et
523 822 561 883 de
576 822 775 884 caemeteriis.
794 821 864 884 Alia
883 821 969 882 bona
989 820 1088 882 ecele-

72 917 202 978 siastica
220 917 457 998 distinguuntur
471 919 645 998 generatim
659 919 692 980 in
706 919 847 998 mobilia,
863 916 1040 980 immobilia
1058 922 1090 978 et

72 1034 203 1090 census;
218 1035 290 1078 cum
299 1035 373 1078 vero
382 1018 472 1080 nulla
482 1018 521 1079 sit
529 1018 697 1080 difficultas
706 1019 763 1079 sub
774 1037 811 1080 eo
821 1021 979 1098 respectu,
992 1015 1102 1077 aliam

71 1113 309 1176 distinctionem
322 1115 479 1177 bonorum
494 1117 671 1196 expendere
687 1117 789 1195 magis
803 1120 1018 1196 opportunum
1034 1133 1086 1175 ar-

71 1213 243 1291 bitramur,
256 1213 377 1274 ratione
391 1213 503 1275 habita
514 1215 585 1276 sinis
597 1215 638 1276 ad
651 1234 746 1294 quem
757 1215 926 1276 donantur.
942 1213 1023 1274 Sunt
1035 1212 1087 1292 igi·

73 1310 524 1388 turoblationeS‚fundationes
533 1312 725 1375 etbenelicia
736 1313 895 1394 dequibus
906 1311 1090 1391 singillatim

73 1410 209 1483 dicetur,
223 1415 440 1490 posteaquam
453 1411 607 1472 nonnulla
619 1417 796 1492 praenotata
806 1411 932 1487 fuerint,
949 1410 990 1472 ad
1001 1409 1091 1471 intel-

72 1509 241 1588 ligentiam
251 1507 332 1588 juris
346 1514 377 1570 et
390 1509 504 1571 veteris
519 1509 703 1591 disciplinae,
720 1512 758 1571 de
773 1509 921 1591 primitiis
935 1508 1018 1570 etde
1032 1507 1089 1568 de-

75 1626 179 1669 ermrs.

330 1747 345 1821 ξ
361 1748 389 1806 1.
412 1777 451 1789 -
467 1742 513 1806 De
525 1743 678 1806 Prc'mitc'c's
692 1752 721 1806 et
737 1742 878 1806 Decimc's.

138 1935 209 1994 579.
228 1965 266 1978 -
280 1934 296 1996 J
302 1933 399 1996 udaeis
413 1933 633 2014 praescriptum
647 1933 717 2009 luit,
734 1935 803 2016 lege
818 1933 966 2008 llosaica,
980 1929 1093 2012 primid

78 2033 138 2092 tias
156 2032 284 2109 frugum
298 2037 390 2094 terrae
406 2033 528 2095 deferre
548 2033 581 2093 in
601 2033 731 2093 domum
745 2031 880 2107 Domini,
897 2036 933 2092 ut
945 2031 1093 2092 cederent

78 2132 111 2190 in
126 2149 221 2192 usum
233 2129 422 2192 Levitarum.

138 2229 299 2290 Primitiae
319 2229 483 2290 solvebant
500 2231 565 2291 Deo
584 2229 777 2303 immediate,
791 2228 823 2288 in
844 2229 1018 2307 gratiarum
1037 2245 1089 2288 ac-

78 2329 199 2389 tionem
213 2346 271 2408 pro
288 2327 547 2389 novis-fructibus
562 2347 581 2390 a
599 2328 705 2389 divina
719 2327 920 2407 providentia
936 2325 1089 2406 acceptis;

79 2427 134 2487 sed
153 2427 233 2503 haec,
249 2428 313 2488 Deo
333 2425 402 2506 ipso
419 2425 465 2486 ita
480 2426 658 2501 ordinante,
675 2425 888 2488 inserviebant
903 2424 1024 2486 alendis
1039 2443 1092 2486 sa·

80 2525 272 2586 cerdotibus
293 2525 489 2586 Decimast
458 2523 553 2586 ctiam
578 2523 720 2585 omnium
740 2524 901 2586 fructuum
924 2523 1092 2604 quotannis

80 2623 201 2690 solvere
213 2623 410 2703 jubebantur
424 2621 549 2685 Levitis.
642 2671 645 2678 .

139 2723 205 2782 Lex
219 2720 401 2798 evangelica
410 2720 489 2782 nihil
499 2738 538 2782 ea
550 2721 588 2782 de
601 2739 635 2782 re
647 2721 839 2802 praescripsit
852 2669 1018 2795 fidelibns;
1035 2737 1093 2782 nec

80 2817 287 2899 etprimitias
301 2819 428 2897 frugum
442 2821 518 2896 Deo,
531 2838 589 2882 nec
603 2824 639 2881 ut
649 2837 777 2880 suorum
787 2821 944 2882 bonorum
955 2819 1093 2882 decimas

78 2919 110 2978 in
127 2917 389 2978 sustentationem
405 2916 591 2978 clericorum
608 2917 824 2998 persolverent
838 2918 1093 2998 :obligationem

79 3023 187 3079 tamen
202 3015 381 3078 naturalem
396 3015 603 3078 subveniendi
617 3016 855 3078 necessitatibus
877 3017 1094 3080 ministrorum

80 3115 228 3178 Ecclesiae
249 3114 401 3176 sancitam
416 3113 529 3189 voluit,
544 3118 575 3174 et
596 3119 759 3193 pastorum
778 3116 955 3195 prudentiae
976 3115 1095 3178 dimisit

82 3213 305 3291 determinare,
321 3231 380 3292 pro
401 3211 523 3273 ratione
544 3216 720 3291 temporum
741 3218 773 3293 et
794 3213 946 3288 locorum,
963 3213 1093 3274 modum

80 3313 183 3392 magis
198 3330 373 3390 congruum
388 3329 453 3390 quo
469 3309 519 3370 his
534 3308 771 3370 necessitatibus
785 3311 947 3389 provisum
958 3312 1051 3374 foret.

140 3411 189 3472 Ab
204 3408 342 3471 exordiis
361 3407 517 3470 nascentis
531 3407 679 3470 Ecclesiae
699 3407 808 3470 fideles
827 3409 902 3470 dare
921 3428 1092 3472 consueve-

80 3516 157 3572 runt
177 3507 332 3588 primitias
354 3507 497 3586 frugum,
519 3524 614 3587 quem
634 3525 755 3568 morem
777 3505 894 3587 pietate
916 3507 1092 3582 inductum,

81 3605 1094 3694 atquemoribusinsitumsanctiPatresvaldecommendaverunt

82 3714 114 3770 et
130 3705 271 3769 Ecclesia
287 3703 351 3769 suis
372 3703 546 3766 canonibus
564 3705 755 3792 servandum
769 3704 893 3768 indixit.
911 3707 984 3768 Hac
1000 3705 1094 3768 disci·
