<?xml version="1.0" encoding="UTF-8"?>
<!DOCTYPE html PUBLIC "-//W3C//DTD XHTML 1.0 Transitional//EN"
    "http://www.w3.org/TR/xhtml1/DTD/xhtml1-transitional.dtd">
<html xmlns="http://www.w3.org/1999/xhtml" xml:lang="en" lang="en">
 <head>
  <title>
</title>
<meta http-equiv="Content-Type" content="text/html;charset=utf-8" />
  <meta name='ocr-system' content='tesseract 3.04.00' />
  <meta name='ocr-capabilities' content='ocr_page ocr_carea ocr_par ocr_line ocrx_word'/>
</head>
<body>
  <div class='ocr_page' id='page_1' title='image "./praelectionesju00murrgoog_0291.png"; bbox 0 0 2568 4272; ppageno 0'>
   <div class='ocr_carea' id='block_1_1' title="bbox 233 235 911 307">
    <p class='ocr_par' dir='ltr' id='par_1_1' title="bbox 233 235 911 307">
     <span class='ocr_line' id='line_1_1' title="bbox 233 235 911 307; baseline -0.004 0"><span class='ocrx_word' id='word_1_1' title='bbox 233 253 286 307; x_wconf 75' lang='lat' dir='ltr'><strong>ata</strong></span> <span class='ocrx_word' id='word_1_2' title='bbox 385 277 388 284; x_wconf 37' lang='lat'><strong>⁴</strong></span> <span class='ocrx_word' id='word_1_3' title='bbox 572 235 704 306; x_wconf 77' lang='lat' dir='ltr'><strong>rnns&#39;u.</strong></span> <span class='ocrx_word' id='word_1_4' title='bbox 724 239 911 304; x_wconf 72' lang='lat' dir='ltr'><strong>arausinas.</strong></span> 
     </span>
    </p>
   </div>
   <div class='ocr_carea' id='block_1_2' title="bbox 201 373 1273 3809">
    <p class='ocr_par' dir='ltr' id='par_1_2' title="bbox 201 373 1273 3809">
     <span class='ocr_line' id='line_1_2' title="bbox 234 373 1234 449; baseline 0.001 -14"><span class='ocrx_word' id='word_1_5' title='bbox 234 375 284 448; x_wconf 89' lang='lat' dir='ltr'><strong>sit,</strong></span> <span class='ocrx_word' id='word_1_6' title='bbox 308 373 467 434; x_wconf 80' lang='lat' dir='ltr'><strong>interdicit</strong></span> <span class='ocrx_word' id='word_1_7' title='bbox 485 391 594 434; x_wconf 89' lang='lat' dir='ltr'><strong>omnes</strong></span> <span class='ocrx_word' id='word_1_8' title='bbox 616 378 717 448; x_wconf 87' lang='lat' dir='ltr'><strong>actus,</strong></span> <span class='ocrx_word' id='word_1_9' title='bbox 739 391 813 434; x_wconf 91' lang='lat' dir='ltr'><strong>cum</strong></span> <span class='ocrx_word' id='word_1_10' title='bbox 832 377 980 434; x_wconf 86' lang='lat' dir='ltr'><strong>externos</strong></span> <span class='ocrx_word' id='word_1_11' title='bbox 1000 377 1068 433; x_wconf 91' lang='lat' dir='ltr'><strong>tum</strong></span> <span class='ocrx_word' id='word_1_12' title='bbox 1092 373 1234 449; x_wconf 87' lang='lat' dir='ltr'><strong>internos,</strong></span> 
     </span>
     <span class='ocr_line' id='line_1_3' title="bbox 234 469 1236 549; baseline 0.001 -16"><span class='ocrx_word' id='word_1_13' title='bbox 234 478 345 534; x_wconf 90' lang='lat' dir='ltr'><strong>contra</strong></span> <span class='ocrx_word' id='word_1_14' title='bbox 359 477 483 532; x_wconf 82' lang='lat' dir='ltr'><strong>sextum</strong></span> <span class='ocrx_word' id='word_1_15' title='bbox 503 476 697 549; x_wconf 71' lang='lat' dir='ltr'><strong>pracceptum</strong></span> <span class='ocrx_word' id='word_1_16' title='bbox 715 470 881 548; x_wconf 81' lang='lat' dir='ltr'><strong>Decalogi3</strong></span> <span class='ocrx_word' id='word_1_17' title='bbox 903 489 979 530; x_wconf 88' lang='lat' dir='ltr'><strong>nam</strong></span> <span class='ocrx_word' id='word_1_18' title='bbox 994 469 1088 549; x_wconf 83' lang='lat' dir='ltr'><strong>juxta</strong></span> <span class='ocrx_word' id='word_1_19' title='bbox 1111 479 1236 534; x_wconf 88' lang='lat' dir='ltr'><strong>mentem</strong></span> 
     </span>
     <span class='ocr_line' id='line_1_4' title="bbox 234 552 1238 650; baseline -0.001 -18"><span class='ocrx_word' id='word_1_20' title='bbox 234 589 270 649; x_wconf 86' lang='lat' dir='ltr'><strong>ac</strong></span> <span class='ocrx_word' id='word_1_21' title='bbox 281 552 480 648; x_wconf 82' lang='lat' dir='ltr'><strong>disciplinam</strong></span> <span class='ocrx_word' id='word_1_22' title='bbox 491 569 650 644; x_wconf 70' lang='lat' dir='ltr'><strong>Ecclesia,</strong></span> <span class='ocrx_word' id='word_1_23' title='bbox 662 568 802 646; x_wconf 77' lang='lat' dir='ltr'><strong>religiosi</strong></span> <span class='ocrx_word' id='word_1_24' title='bbox 815 573 933 629; x_wconf 91' lang='lat' dir='ltr'><strong>vovent</strong></span> <span class='ocrx_word' id='word_1_25' title='bbox 944 568 1135 642; x_wconf 76' lang='lat' dir='ltr'><strong>castitatem,</strong></span> <span class='ocrx_word' id='word_1_26' title='bbox 1149 571 1238 650; x_wconf 87' lang='lat' dir='ltr'><strong>qualis</strong></span> 
     </span>
     <span class='ocr_line' id='line_1_5' title="bbox 229 667 1236 750; baseline -0.001 -20"><span class='ocrx_word' id='word_1_27' title='bbox 229 670 302 750; x_wconf 88' lang='lat' dir='ltr'><strong>jure</strong></span> <span class='ocrx_word' id='word_1_28' title='bbox 317 667 454 730; x_wconf 90' lang='lat' dir='ltr'><strong>naturali</strong></span> <span class='ocrx_word' id='word_1_29' title='bbox 466 667 659 746; x_wconf 84' lang='lat' dir='ltr'><strong>praecipitur,</strong></span> <span class='ocrx_word' id='word_1_30' title='bbox 677 672 708 728; x_wconf 90' lang='lat' dir='ltr'><strong>et</strong></span> <span class='ocrx_word' id='word_1_31' title='bbox 723 667 764 728; x_wconf 89' lang='lat' dir='ltr'><strong>ad</strong></span> <span class='ocrx_word' id='word_1_32' title='bbox 778 667 863 727; x_wconf 92' lang='lat' dir='ltr'><strong>illius</strong></span> <span class='ocrx_word' id='word_1_33' title='bbox 876 667 1118 728; x_wconf 81' lang='lat' dir='ltr'><strong>observantiam</strong></span> <span class='ocrx_word' id='word_1_34' title='bbox 1133 686 1165 728; x_wconf 88' lang='lat' dir='ltr'><strong>se</strong></span> <span class='ocrx_word' id='word_1_35' title='bbox 1180 669 1236 729; x_wconf 92' lang='lat' dir='ltr'><strong>adi-</strong></span> 
     </span>
     <span class='ocr_line' id='line_1_6' title="bbox 234 765 1240 844; baseline -0.001 -17"><span class='ocrx_word' id='word_1_36' title='bbox 234 771 314 844; x_wconf 90' lang='lat' dir='ltr'><strong>gunt</strong></span> <span class='ocrx_word' id='word_1_37' title='bbox 327 766 442 827; x_wconf 88' lang='lat' dir='ltr'><strong>virtute</strong></span> <span class='ocrx_word' id='word_1_38' title='bbox 457 765 630 843; x_wconf 86' lang='lat' dir='ltr'><strong>religionis.</strong></span> <span class='ocrx_word' id='word_1_39' title='bbox 643 765 723 826; x_wconf 89' lang='lat' dir='ltr'><strong>Hinc</strong></span> <span class='ocrx_word' id='word_1_40' title='bbox 738 765 881 844; x_wconf 87' lang='lat' dir='ltr'><strong>sequitur</strong></span> <span class='ocrx_word' id='word_1_41' title='bbox 895 769 984 825; x_wconf 89' lang='lat' dir='ltr'><strong>actus</strong></span> <span class='ocrx_word' id='word_1_42' title='bbox 997 771 1113 826; x_wconf 90' lang='lat' dir='ltr'><strong>contra</strong></span> <span class='ocrx_word' id='word_1_43' title='bbox 1128 765 1240 826; x_wconf 84' lang='lat' dir='ltr'><strong>castita·</strong></span> 
     </span>
     <span class='ocr_line' id='line_1_7' title="bbox 232 862 1235 943; baseline 0 -19"><span class='ocrx_word' id='word_1_44' title='bbox 232 868 297 925; x_wconf 91' lang='lat' dir='ltr'><strong>tem</strong></span> <span class='ocrx_word' id='word_1_45' title='bbox 314 864 444 925; x_wconf 89' lang='lat' dir='ltr'><strong>induere</strong></span> <span class='ocrx_word' id='word_1_46' title='bbox 465 862 601 942; x_wconf 90' lang='lat' dir='ltr'><strong>speciem</strong></span> <span class='ocrx_word' id='word_1_47' title='bbox 616 863 782 942; x_wconf 85' lang='lat' dir='ltr'><strong>sacrilegii,</strong></span> <span class='ocrx_word' id='word_1_48' title='bbox 805 863 891 943; x_wconf 90' lang='lat' dir='ltr'><strong>quod</strong></span> <span class='ocrx_word' id='word_1_49' title='bbox 911 863 1124 942; x_wconf 87' lang='lat' dir='ltr'><strong>aperiendum</strong></span> <span class='ocrx_word' id='word_1_50' title='bbox 1140 882 1235 924; x_wconf 89' lang='lat' dir='ltr'><strong>neces·</strong></span> 
     </span>
     <span class='ocr_line' id='line_1_8' title="bbox 232 961 643 1023; baseline 0 -1"><span class='ocrx_word' id='word_1_51' title='bbox 232 961 316 1022; x_wconf 87' lang='lat' dir='ltr'><strong>sario</strong></span> <span class='ocrx_word' id='word_1_52' title='bbox 329 967 376 1022; x_wconf 92' lang='lat' dir='ltr'><strong>est</strong></span> <span class='ocrx_word' id='word_1_53' title='bbox 388 962 423 1022; x_wconf 94' lang='lat' dir='ltr'><strong>in</strong></span> <span class='ocrx_word' id='word_1_54' title='bbox 435 961 643 1023; x_wconf 88' lang='lat' dir='ltr'><strong>confessione.</strong></span> 
     </span>
     <span class='ocr_line' id='line_1_9' title="bbox 291 1056 1085 1139; baseline -0.004 -19"><span class='ocrx_word' id='word_1_55' title='bbox 291 1062 361 1122; x_wconf 73' lang='lat'><strong>472.</strong></span> <span class='ocrx_word' id='word_1_56' title='bbox 378 1057 533 1119; x_wconf 74' lang='lat' dir='ltr'><strong>-110Ad</strong></span> <span class='ocrx_word' id='word_1_57' title='bbox 546 1057 621 1138; x_wconf 82' lang='lat' dir='ltr'><strong>quid</strong></span> <span class='ocrx_word' id='word_1_58' title='bbox 633 1057 746 1138; x_wconf 78' lang='lat' dir='ltr'><strong>oble&#39;pet</strong></span> <span class='ocrx_word' id='word_1_59' title='bbox 761 1067 859 1120; x_wconf 84' lang='lat' dir='ltr'><strong>votum</strong></span> <span class='ocrx_word' id='word_1_60' title='bbox 873 1056 1085 1139; x_wconf 81' lang='lat' dir='ltr'><strong>paupertatis?</strong></span> 
     </span>
     <span class='ocr_line' id='line_1_10' title="bbox 232 1155 1237 1238; baseline -0.002 -22"><span class='ocrx_word' id='word_1_61' title='bbox 232 1231 234 1238; x_wconf 28' lang='grc' dir='ltr'>Ι</span> <span class='ocrx_word' id='word_1_62' title='bbox 291 1157 314 1217; x_wconf 88' lang='grc' dir='ltr'><strong>Ι.</strong></span> <span class='ocrx_word' id='word_1_63' title='bbox 327 1159 442 1218; x_wconf 88' lang='lat' dir='ltr'><strong>Votum</strong></span> <span class='ocrx_word' id='word_1_64' title='bbox 451 1157 591 1218; x_wconf 88' lang='lat' dir='ltr'><strong>solemne</strong></span> <span class='ocrx_word' id='word_1_65' title='bbox 603 1157 800 1235; x_wconf 82' lang='lat' dir='ltr'><strong>paupertatis</strong></span> <span class='ocrx_word' id='word_1_66' title='bbox 811 1156 933 1235; x_wconf 86' lang='lat' dir='ltr'><strong>obligat</strong></span> <span class='ocrx_word' id='word_1_67' title='bbox 943 1155 1109 1234; x_wconf 74' lang='lat' dir='ltr'><strong>regulares</strong></span> <span class='ocrx_word' id='word_1_68' title='bbox 1121 1155 1162 1217; x_wconf 90' lang='lat' dir='ltr'><strong>ad</strong></span> <span class='ocrx_word' id='word_1_69' title='bbox 1171 1155 1237 1216; x_wconf 88' lang='lat' dir='ltr'><strong>nihil</strong></span> 
     </span>
     <span class='ocr_line' id='line_1_11' title="bbox 230 1253 1238 1332; baseline -0.001 -18"><span class='ocrx_word' id='word_1_70' title='bbox 230 1254 426 1327; x_wconf 88' lang='lat' dir='ltr'><strong>habendum,</strong></span> <span class='ocrx_word' id='word_1_71' title='bbox 444 1258 474 1314; x_wconf 92' lang='lat' dir='ltr'><strong>et</strong></span> <span class='ocrx_word' id='word_1_72' title='bbox 487 1254 526 1313; x_wconf 92' lang='lat' dir='ltr'><strong>de</strong></span> <span class='ocrx_word' id='word_1_73' title='bbox 543 1254 632 1313; x_wconf 91' lang='lat' dir='ltr'><strong>nulla</strong></span> <span class='ocrx_word' id='word_1_74' title='bbox 645 1271 679 1314; x_wconf 91' lang='lat' dir='ltr'><strong>re</strong></span> <span class='ocrx_word' id='word_1_75' title='bbox 694 1253 940 1332; x_wconf 87' lang='lat' dir='ltr'><strong>disponendum,</strong></span> <span class='ocrx_word' id='word_1_76' title='bbox 957 1253 1018 1314; x_wconf 92' lang='lat' dir='ltr'><strong>nisi</strong></span> <span class='ocrx_word' id='word_1_77' title='bbox 1039 1255 1100 1314; x_wconf 91' lang='lat' dir='ltr'><strong>sub</strong></span> <span class='ocrx_word' id='word_1_78' title='bbox 1119 1253 1238 1314; x_wconf 89' lang='lat' dir='ltr'><strong>arbitrio</strong></span> 
     </span>
     <span class='ocr_line' id='line_1_12' title="bbox 229 1348 1235 1431; baseline 0 -19"><span class='ocrx_word' id='word_1_79' title='bbox 229 1351 410 1431; x_wconf 86' lang='lat' dir='ltr'><strong>superioris.</strong></span> <span class='ocrx_word' id='word_1_80' title='bbox 429 1352 504 1429; x_wconf 87' lang='lat' dir='ltr'><strong>Cap.</strong></span> <span class='ocrx_word' id='word_1_81' title='bbox 528 1348 604 1412; x_wconf 85' lang='lat' dir='ltr'><strong>Cum</strong></span> <span class='ocrx_word' id='word_1_82' title='bbox 616 1349 659 1411; x_wconf 88' lang='lat' dir='ltr'><strong>od</strong></span> <span class='ocrx_word' id='word_1_83' title='bbox 675 1353 898 1427; x_wconf 72' lang='lat' dir='ltr'><strong>monasterium,</strong></span> <span class='ocrx_word' id='word_1_84' title='bbox 916 1353 945 1426; x_wconf 86' lang='grc'><strong>6,</strong></span> <span class='ocrx_word' id='word_1_85' title='bbox 964 1367 1005 1413; x_wconf 82' lang='lat' dir='ltr'><strong>nn</strong></span> <span class='ocrx_word' id='word_1_86' title='bbox 1021 1351 1131 1412; x_wconf 77' lang='lat' dir='ltr'><strong>Srnru</strong></span> <span class='ocrx_word' id='word_1_87' title='bbox 1147 1368 1235 1414; x_wconf 81' lang='lat' dir='ltr'><strong>uora-</strong></span> 
     </span>
     <span class='ocr_line' id='line_1_13' title="bbox 230 1449 1234 1528; baseline 0 -18"><span class='ocrx_word' id='word_1_88' title='bbox 230 1467 370 1524; x_wconf 79' lang='lat' dir='ltr'><strong>cnonuu,</strong></span> <span class='ocrx_word' id='word_1_89' title='bbox 391 1449 542 1528; x_wconf 90' lang='lat' dir='ltr'><strong>prohibet</strong></span> <span class='ocrx_word' id='word_1_90' title='bbox 558 1449 697 1510; x_wconf 89' lang='lat' dir='ltr'><strong>districte</strong></span> <span class='ocrx_word' id='word_1_91' title='bbox 712 1449 745 1509; x_wconf 95' lang='lat' dir='ltr'><strong>in</strong></span> <span class='ocrx_word' id='word_1_92' title='bbox 764 1449 880 1510; x_wconf 90' lang='lat' dir='ltr'><strong>virtute</strong></span> <span class='ocrx_word' id='word_1_93' title='bbox 902 1455 1019 1511; x_wconf 89' lang='lat' dir='ltr'><strong>sanctae</strong></span> <span class='ocrx_word' id='word_1_94' title='bbox 1043 1449 1234 1522; x_wconf 81' lang='lat' dir='ltr'><strong>obedientia,</strong></span> 
     </span>
     <span class='ocr_line' id='line_1_14' title="bbox 231 1546 1231 1626; baseline 0.002 -22"><span class='ocrx_word' id='word_1_95' title='bbox 231 1566 299 1608; x_wconf 76' lang='lat' dir='ltr'><strong>unc</strong></span> <span class='ocrx_word' id='word_1_96' title='bbox 312 1546 381 1626; x_wconf 92' lang='lat' dir='ltr'><strong>quis</strong></span> <span class='ocrx_word' id='word_1_97' title='bbox 397 1547 626 1608; x_wconf 91' lang='lat' dir='ltr'><strong>monachorum</strong></span> <span class='ocrx_word' id='word_1_98' title='bbox 639 1547 804 1626; x_wconf 91' lang='lat' dir='ltr'><strong>proprium</strong></span> <span class='ocrx_word' id='word_1_99' title='bbox 819 1547 1025 1626; x_wconf 89' lang='lat' dir='ltr'><strong>aliquomodo</strong></span> <span class='ocrx_word' id='word_1_100' title='bbox 1040 1547 1231 1626; x_wconf 90' lang='lat' dir='ltr'><strong>possideat».</strong></span> 
     </span>
     <span class='ocr_line' id='line_1_15' title="bbox 201 1635 1235 1724; baseline 0.002 -21"><span class='ocrx_word' id='word_1_101' title='bbox 201 1635 203 1638; x_wconf 63' lang='grc'>’</span> <span class='ocrx_word' id='word_1_102' title='bbox 230 1643 405 1704; x_wconf 78' lang='lat' dir='ltr'><strong>Concilium</strong></span> <span class='ocrx_word' id='word_1_103' title='bbox 422 1643 641 1706; x_wconf 84' lang='lat' dir='ltr'><strong>Tridentinum</strong></span> <span class='ocrx_word' id='word_1_104' title='bbox 662 1645 707 1706; x_wconf 90' lang='lat' dir='ltr'><strong>sic</strong></span> <span class='ocrx_word' id='word_1_105' title='bbox 727 1644 928 1724; x_wconf 89' lang='lat' dir='ltr'><strong>disciplinam</strong></span> <span class='ocrx_word' id='word_1_106' title='bbox 947 1644 1143 1706; x_wconf 87' lang='lat' dir='ltr'><strong>confirmat:</strong></span> <span class='ocrx_word' id='word_1_107' title='bbox 1162 1668 1176 1701; x_wconf 77' lang='lat' dir='ltr'><strong>n</strong></span> <span class='ocrx_word' id='word_1_108' title='bbox 1189 1645 1235 1704; x_wconf 86' lang='lat' dir='ltr'><strong>lte-</strong></span> 
     </span>
     <span class='ocr_line' id='line_1_16' title="bbox 232 1741 1232 1821; baseline 0.002 -23"><span class='ocrx_word' id='word_1_109' title='bbox 232 1765 247 1798; x_wconf 83' lang='lat'>«</span> <span class='ocrx_word' id='word_1_110' title='bbox 266 1742 345 1802; x_wconf 92' lang='lat' dir='ltr'><strong>mini</strong></span> <span class='ocrx_word' id='word_1_111' title='bbox 366 1742 559 1821; x_wconf 80' lang='lat' dir='ltr'><strong>regularium</strong></span> <span class='ocrx_word' id='word_1_112' title='bbox 583 1747 651 1804; x_wconf 93' lang='lat' dir='ltr'><strong>tam</strong></span> <span class='ocrx_word' id='word_1_113' title='bbox 670 1741 812 1803; x_wconf 90' lang='lat' dir='ltr'><strong>virorum</strong></span> <span class='ocrx_word' id='word_1_114' title='bbox 836 1743 934 1821; x_wconf 88' lang='lat' dir='ltr'><strong>quam</strong></span> <span class='ocrx_word' id='word_1_115' title='bbox 957 1741 1133 1803; x_wconf 91' lang='lat' dir='ltr'><strong>mulierum</strong></span> <span class='ocrx_word' id='word_1_116' title='bbox 1154 1742 1232 1803; x_wconf 87' lang='lat' dir='ltr'><strong>liceat</strong></span> 
     </span>
     <span class='ocr_line' id='line_1_17' title="bbox 231 1827 1234 1919; baseline 0.003 -24"><span class='ocrx_word' id='word_1_117' title='bbox 231 1862 246 1896; x_wconf 76' lang='lat' dir='ltr'><strong>n</strong></span> <span class='ocrx_word' id='word_1_118' title='bbox 259 1840 345 1900; x_wconf 89' lang='lat' dir='ltr'><strong>bona</strong></span> <span class='ocrx_word' id='word_1_119' title='bbox 359 1840 535 1902; x_wconf 88' lang='lat' dir='ltr'><strong>immobilia</strong></span> <span class='ocrx_word' id='word_1_120' title='bbox 548 1840 599 1902; x_wconf 91' lang='lat' dir='ltr'><strong>vel</strong></span> <span class='ocrx_word' id='word_1_121' title='bbox 609 1839 751 1913; x_wconf 90' lang='lat' dir='ltr'><strong>mobilia,</strong></span> <span class='ocrx_word' id='word_1_122' title='bbox 764 1827 992 1919; x_wconf 87' lang='lat' dir='ltr'><strong>cujuscumque</strong></span> <span class='ocrx_word' id='word_1_123' title='bbox 1008 1839 1173 1919; x_wconf 80' lang='lat' dir='ltr'><strong>qualitatis</strong></span> <span class='ocrx_word' id='word_1_124' title='bbox 1182 1841 1234 1899; x_wconf 83' lang='lat' dir='ltr'><strong>fue</strong></span> 
     </span>
     <span class='ocr_line' id='line_1_18' title="bbox 232 1937 1273 2018; baseline 0.005 -27"><span class='ocrx_word' id='word_1_125' title='bbox 232 1937 325 1998; x_wconf 78' lang='lat' dir='ltr'><strong>«rint</strong></span> <span class='ocrx_word' id='word_1_126' title='bbox 346 1944 377 1999; x_wconf 94' lang='lat' dir='ltr'><strong>et</strong></span> <span class='ocrx_word' id='word_1_127' title='bbox 397 1938 508 2016; x_wconf 92' lang='lat' dir='ltr'><strong>quovis</strong></span> <span class='ocrx_word' id='word_1_128' title='bbox 532 1938 626 1999; x_wconf 90' lang='lat' dir='ltr'><strong>modo</strong></span> <span class='ocrx_word' id='word_1_129' title='bbox 649 1938 813 2017; x_wconf 88' lang='lat' dir='ltr'><strong>acquisita,</strong></span> <span class='ocrx_word' id='word_1_130' title='bbox 838 1942 992 2017; x_wconf 85' lang='lat' dir='ltr'><strong>tanquam</strong></span> <span class='ocrx_word' id='word_1_131' title='bbox 1020 1938 1164 2018; x_wconf 89' lang='lat' dir='ltr'><strong>propria,</strong></span> <span class='ocrx_word' id='word_1_132' title='bbox 1188 1942 1231 1997; x_wconf 88' lang='lat' dir='ltr'><strong>aut</strong></span> <span class='ocrx_word' id='word_1_133' title='bbox 1272 1975 1273 1984; x_wconf 26' lang='grc' dir='ltr'><strong>κ</strong></span> 
     </span>
     <span class='ocr_line' id='line_1_19' title="bbox 231 2035 1230 2115; baseline 0.004 -24"><span class='ocrx_word' id='word_1_134' title='bbox 231 2059 246 2091; x_wconf 78' lang='lat' dir='ltr'><strong>u</strong></span> <span class='ocrx_word' id='word_1_135' title='bbox 261 2036 357 2098; x_wconf 91' lang='lat' dir='ltr'><strong>etiam</strong></span> <span class='ocrx_word' id='word_1_136' title='bbox 370 2037 497 2097; x_wconf 89' lang='lat' dir='ltr'><strong>nomine</strong></span> <span class='ocrx_word' id='word_1_137' title='bbox 512 2042 696 2111; x_wconf 73' lang='lat' dir='ltr'><strong>conventuri,</strong></span> <span class='ocrx_word' id='word_1_138' title='bbox 713 2036 885 2115; x_wconf 88' lang='lat' dir='ltr'><strong>possidere,</strong></span> <span class='ocrx_word' id='word_1_139' title='bbox 902 2036 953 2097; x_wconf 94' lang='lat' dir='ltr'><strong>vel</strong></span> <span class='ocrx_word' id='word_1_140' title='bbox 966 2041 1089 2111; x_wconf 90' lang='lat' dir='ltr'><strong>tenere,</strong></span> <span class='ocrx_word' id='word_1_141' title='bbox 1114 2035 1168 2098; x_wconf 88' lang='lat' dir='ltr'><strong>sed</strong></span> <span class='ocrx_word' id='word_1_142' title='bbox 1181 2041 1230 2095; x_wconf 86' lang='lat' dir='ltr'><strong>sta·</strong></span> 
     </span>
     <span class='ocr_line' id='line_1_20' title="bbox 229 2133 1226 2213; baseline 0.003 -25"><span class='ocrx_word' id='word_1_143' title='bbox 229 2156 244 2188; x_wconf 74' lang='lat' dir='ltr'><strong>u</strong></span> <span class='ocrx_word' id='word_1_144' title='bbox 260 2133 317 2194; x_wconf 91' lang='lat' dir='ltr'><strong>tim</strong></span> <span class='ocrx_word' id='word_1_145' title='bbox 333 2153 370 2195; x_wconf 90' lang='lat' dir='ltr'><strong>ea</strong></span> <span class='ocrx_word' id='word_1_146' title='bbox 385 2135 540 2213; x_wconf 85' lang='lat' dir='ltr'><strong>superiori</strong></span> <span class='ocrx_word' id='word_1_147' title='bbox 550 2135 725 2211; x_wconf 89' lang='lat' dir='ltr'><strong>tradantur,</strong></span> <span class='ocrx_word' id='word_1_148' title='bbox 738 2134 971 2213; x_wconf 90' lang='lat' dir='ltr'><strong>conventuique</strong></span> <span class='ocrx_word' id='word_1_149' title='bbox 981 2133 1226 2213; x_wconf 90' lang='lat' dir='ltr'><strong>incorporentur.</strong></span> 
     </span>
     <span class='ocr_line' id='line_1_21' title="bbox 229 2231 1272 2311; baseline 0.004 -26"><span class='ocrx_word' id='word_1_150' title='bbox 229 2255 244 2286; x_wconf 79' lang='lat' dir='ltr'><strong>u</strong></span> <span class='ocrx_word' id='word_1_151' title='bbox 262 2233 325 2292; x_wconf 90' lang='lat' dir='ltr'><strong>Nec</strong></span> <span class='ocrx_word' id='word_1_152' title='bbox 340 2232 487 2311; x_wconf 91' lang='lat' dir='ltr'><strong>deinceps</strong></span> <span class='ocrx_word' id='word_1_153' title='bbox 500 2232 595 2293; x_wconf 88' lang='lat' dir='ltr'><strong>liceat</strong></span> <span class='ocrx_word' id='word_1_154' title='bbox 608 2232 823 2310; x_wconf 87' lang='lat' dir='ltr'><strong>superioribus</strong></span> <span class='ocrx_word' id='word_1_155' title='bbox 837 2231 924 2292; x_wconf 91' lang='lat' dir='ltr'><strong>bona</strong></span> <span class='ocrx_word' id='word_1_156' title='bbox 937 2231 1065 2292; x_wconf 85' lang='lat' dir='ltr'><strong>stabilia</strong></span> <span class='ocrx_word' id='word_1_157' title='bbox 1082 2231 1177 2293; x_wconf 89' lang='lat' dir='ltr'><strong>alicui</strong></span> <span class='ocrx_word' id='word_1_158' title='bbox 1191 2248 1230 2289; x_wconf 91' lang='lat' dir='ltr'><strong>re·</strong></span> <span class='ocrx_word' id='word_1_159' title='bbox 1271 2257 1272 2302; x_wconf 48' lang='lat' dir='ltr'><strong>q</strong></span> 
     </span>
     <span class='ocr_line' id='line_1_22' title="bbox 230 2309 1272 2410; baseline 0 -24"><span class='ocrx_word' id='word_1_160' title='bbox 230 2348 245 2386; x_wconf 90' lang='grc'>«</span> <span class='ocrx_word' id='word_1_161' title='bbox 259 2328 362 2406; x_wconf 88' lang='lat' dir='ltr'><strong>gulari</strong></span> <span class='ocrx_word' id='word_1_162' title='bbox 383 2329 557 2410; x_wconf 86' lang='lat' dir='ltr'><strong>concedere</strong></span> <span class='ocrx_word' id='word_1_163' title='bbox 581 2329 678 2390; x_wconf 89' lang='lat' dir='ltr'><strong>ctiam</strong></span> <span class='ocrx_word' id='word_1_164' title='bbox 716 2330 757 2389; x_wconf 92' lang='lat' dir='ltr'><strong>ad</strong></span> <span class='ocrx_word' id='word_1_165' title='bbox 789 2329 1031 2403; x_wconf 87' lang='lat' dir='ltr'><strong>usumfructum,</strong></span> <span class='ocrx_word' id='word_1_166' title='bbox 1059 2329 1115 2389; x_wconf 89' lang='lat' dir='ltr'><strong>vel</strong></span> <span class='ocrx_word' id='word_1_167' title='bbox 1137 2345 1227 2398; x_wconf 84' lang='lat' dir='ltr'><strong>usum,</strong></span> <span class='ocrx_word' id='word_1_168' title='bbox 1271 2309 1272 2397; x_wconf 71' lang='lat' dir='ltr'><strong>i</strong></span> 
     </span>
     <span class='ocr_line' id='line_1_23' title="bbox 228 2423 1227 2503; baseline 0 -21"><span class='ocrx_word' id='word_1_169' title='bbox 228 2425 578 2503; x_wconf 78' lang='lat' dir='ltr'><strong>«administrationem,</strong></span> <span class='ocrx_word' id='word_1_170' title='bbox 598 2426 648 2487; x_wconf 91' lang='lat' dir='ltr'><strong>vel</strong></span> <span class='ocrx_word' id='word_1_171' title='bbox 668 2424 901 2487; x_wconf 87' lang='lat' dir='ltr'><strong>commendam.</strong></span> <span class='ocrx_word' id='word_1_172' title='bbox 922 2423 1165 2487; x_wconf 69' lang='lat' dir='ltr'><strong>administratio</strong></span> <span class='ocrx_word' id='word_1_173' title='bbox 1180 2443 1227 2484; x_wconf 87' lang='lat' dir='ltr'><strong>au-</strong></span> 
     </span>
     <span class='ocr_line' id='line_1_24' title="bbox 228 2521 1271 2594; baseline 0.003 -17"><span class='ocrx_word' id='word_1_174' title='bbox 228 2545 243 2577; x_wconf 85' lang='lat'>«</span> <span class='ocrx_word' id='word_1_175' title='bbox 259 2526 324 2584; x_wconf 90' lang='lat' dir='ltr'><strong>tem</strong></span> <span class='ocrx_word' id='word_1_176' title='bbox 343 2524 500 2584; x_wconf 91' lang='lat' dir='ltr'><strong>bonorum</strong></span> <span class='ocrx_word' id='word_1_177' title='bbox 520 2523 784 2585; x_wconf 90' lang='lat' dir='ltr'><strong>monasteriorum</strong></span> <span class='ocrx_word' id='word_1_178' title='bbox 804 2528 836 2584; x_wconf 90' lang='lat' dir='ltr'><strong>et</strong></span> <span class='ocrx_word' id='word_1_179' title='bbox 858 2529 1071 2584; x_wconf 82' lang='lat' dir='ltr'><strong>conventuum</strong></span> <span class='ocrx_word' id='word_1_180' title='bbox 1094 2523 1135 2584; x_wconf 90' lang='lat' dir='ltr'><strong>ad</strong></span> <span class='ocrx_word' id='word_1_181' title='bbox 1156 2521 1227 2582; x_wconf 89' lang='lat' dir='ltr'><strong>solos</strong></span> <span class='ocrx_word' id='word_1_182' title='bbox 1270 2591 1271 2594; x_wconf 8' lang='grc' dir='ltr'><strong>Ἴ</strong></span> 
     </span>
     <span class='ocr_line' id='line_1_25' title="bbox 228 2609 1271 2700; baseline 0.005 -26"><span class='ocrx_word' id='word_1_183' title='bbox 228 2642 243 2675; x_wconf 78' lang='lat' dir='ltr'><strong>o</strong></span> <span class='ocrx_word' id='word_1_184' title='bbox 259 2620 410 2681; x_wconf 87' lang='lat' dir='ltr'><strong>officiales</strong></span> <span class='ocrx_word' id='word_1_185' title='bbox 424 2621 618 2694; x_wconf 87' lang='lat' dir='ltr'><strong>eorumdem,</strong></span> <span class='ocrx_word' id='word_1_186' title='bbox 638 2621 806 2682; x_wconf 87' lang='lat' dir='ltr'><strong>adnutum</strong></span> <span class='ocrx_word' id='word_1_187' title='bbox 823 2620 1022 2700; x_wconf 91' lang='lat' dir='ltr'><strong>superiorum</strong></span> <span class='ocrx_word' id='word_1_188' title='bbox 1037 2619 1225 2689; x_wconf 88' lang='lat' dir='ltr'><strong>amovibiles‚</strong></span> <span class='ocrx_word' id='word_1_189' title='bbox 1270 2609 1271 2679; x_wconf 76' lang='lat' dir='ltr'><strong>i</strong></span> 
     </span>
     <span class='ocr_line' id='line_1_26' title="bbox 227 2716 1227 2798; baseline 0.003 -26"><span class='ocrx_word' id='word_1_190' title='bbox 227 2717 423 2796; x_wconf 87' lang='lat' dir='ltr'><strong>«pertineat.</strong></span> <span class='ocrx_word' id='word_1_191' title='bbox 437 2718 601 2780; x_wconf 89' lang='lat' dir='ltr'><strong>Mobilium</strong></span> <span class='ocrx_word' id='word_1_192' title='bbox 616 2724 723 2780; x_wconf 88' lang='lat' dir='ltr'><strong>autam</strong></span> <span class='ocrx_word' id='word_1_193' title='bbox 738 2737 830 2780; x_wconf 91' lang='lat' dir='ltr'><strong>usum</strong></span> <span class='ocrx_word' id='word_1_194' title='bbox 849 2719 893 2780; x_wconf 88' lang='lat' dir='ltr'><strong>ite</strong></span> <span class='ocrx_word' id='word_1_195' title='bbox 908 2718 1088 2796; x_wconf 88' lang='lat' dir='ltr'><strong>superiores</strong></span> <span class='ocrx_word' id='word_1_196' title='bbox 1106 2716 1227 2798; x_wconf 91' lang='lat' dir='ltr'><strong>permit·</strong></span> 
     </span>
     <span class='ocr_line' id='line_1_27' title="bbox 226 2813 1227 2896; baseline 0 -24"><span class='ocrx_word' id='word_1_197' title='bbox 226 2837 242 2870; x_wconf 79' lang='lat' dir='ltr'><strong>o</strong></span> <span class='ocrx_word' id='word_1_198' title='bbox 257 2818 337 2886; x_wconf 84' lang='lat' dir='ltr'><strong>tant,</strong></span> <span class='ocrx_word' id='word_1_199' title='bbox 352 2819 507 2877; x_wconf 85' lang='lat' dir='ltr'><strong>uteorum</strong></span> <span class='ocrx_word' id='word_1_200' title='bbox 522 2817 665 2896; x_wconf 87' lang='lat' dir='ltr'><strong>supellex</strong></span> <span class='ocrx_word' id='word_1_201' title='bbox 675 2816 772 2877; x_wconf 90' lang='lat' dir='ltr'><strong>statui</strong></span> <span class='ocrx_word' id='word_1_202' title='bbox 784 2815 981 2895; x_wconf 88' lang='lat' dir='ltr'><strong>paupertatis</strong></span> <span class='ocrx_word' id='word_1_203' title='bbox 997 2834 1094 2895; x_wconf 90' lang='lat' dir='ltr'><strong>quam</strong></span> <span class='ocrx_word' id='word_1_204' title='bbox 1108 2813 1227 2895; x_wconf 90' lang='lat' dir='ltr'><strong>professi</strong></span> 
     </span>
     <span class='ocr_line' id='line_1_28' title="bbox 226 2914 1270 2993; baseline 0.005 -22"><span class='ocrx_word' id='word_1_205' title='bbox 226 2934 241 2968; x_wconf 91' lang='lat'>«</span> <span class='ocrx_word' id='word_1_206' title='bbox 257 2918 331 2973; x_wconf 89' lang='lat' dir='ltr'><strong>sunt</strong></span> <span class='ocrx_word' id='word_1_207' title='bbox 343 2914 520 2976; x_wconf 90' lang='lat' dir='ltr'><strong>conveniat.</strong></span> <span class='ocrx_word' id='word_1_208' title='bbox 537 2937 553 2970; x_wconf 90' lang='lat'>»</span> <span class='ocrx_word' id='word_1_209' title='bbox 569 2914 651 2976; x_wconf 86' lang='lat' dir='ltr'><strong>Sess.</strong></span> <span class='ocrx_word' id='word_1_210' title='bbox 668 2932 739 2990; x_wconf 84' lang='lat' dir='ltr'><strong>xxv,</strong></span> <span class='ocrx_word' id='word_1_211' title='bbox 755 2933 825 2993; x_wconf 89' lang='lat' dir='ltr'><strong>cap.</strong></span> <span class='ocrx_word' id='word_1_212' title='bbox 841 2931 874 2974; x_wconf 82' lang='lat'><strong>11.</strong></span> <span class='ocrx_word' id='word_1_213' title='bbox 1269 2919 1270 2961; x_wconf 76' lang='lat' dir='ltr'><strong>l</strong></span> 
     </span>
     <span class='ocr_line' id='line_1_29' title="bbox 283 3011 1222 3092; baseline -0.004 -22"><span class='ocrx_word' id='word_1_214' title='bbox 283 3011 362 3072; x_wconf 87' lang='lat' dir='ltr'><strong>Hinc</strong></span> <span class='ocrx_word' id='word_1_215' title='bbox 375 3012 546 3074; x_wconf 89' lang='lat' dir='ltr'><strong>concludas</strong></span> <span class='ocrx_word' id='word_1_216' title='bbox 562 3013 592 3072; x_wconf 87' lang='lat' dir='ltr'><strong>l⁰</strong></span> <span class='ocrx_word' id='word_1_217' title='bbox 606 3012 771 3092; x_wconf 87' lang='lat' dir='ltr'><strong>religiosos</strong></span> <span class='ocrx_word' id='word_1_218' title='bbox 785 3030 849 3072; x_wconf 92' lang='lat' dir='ltr'><strong>non</strong></span> <span class='ocrx_word' id='word_1_219' title='bbox 867 3029 959 3090; x_wconf 92' lang='lat' dir='ltr'><strong>posse</strong></span> <span class='ocrx_word' id='word_1_220' title='bbox 981 3011 1157 3091; x_wconf 89' lang='lat' dir='ltr'><strong>acquirere,</strong></span> <span class='ocrx_word' id='word_1_221' title='bbox 1173 3025 1222 3068; x_wconf 89' lang='lat' dir='ltr'><strong>neo</strong></span> 
     </span>
     <span class='ocr_line' id='line_1_30' title="bbox 222 3104 1269 3191; baseline -0.006 -22"><span class='ocrx_word' id='word_1_222' title='bbox 222 3108 383 3187; x_wconf 90' lang='lat' dir='ltr'><strong>possidere</strong></span> <span class='ocrx_word' id='word_1_223' title='bbox 406 3109 534 3171; x_wconf 90' lang='lat' dir='ltr'><strong>nomine</strong></span> <span class='ocrx_word' id='word_1_224' title='bbox 553 3111 682 3190; x_wconf 91' lang='lat' dir='ltr'><strong>proprio</strong></span> <span class='ocrx_word' id='word_1_225' title='bbox 709 3110 844 3191; x_wconf 82' lang='lat' dir='ltr'><strong>quodvis</strong></span> <span class='ocrx_word' id='word_1_226' title='bbox 867 3109 999 3182; x_wconf 92' lang='lat' dir='ltr'><strong>bonum,</strong></span> <span class='ocrx_word' id='word_1_227' title='bbox 1017 3127 1077 3170; x_wconf 90' lang='lat' dir='ltr'><strong>nec</strong></span> <span class='ocrx_word' id='word_1_228' title='bbox 1106 3104 1222 3174; x_wconf 87' lang='lat' dir='ltr'><strong>mobile,</strong></span> <span class='ocrx_word' id='word_1_229' title='bbox 1268 3173 1269 3176; x_wconf 8' lang='grc' dir='ltr'><strong>Ἴ</strong></span> 
     </span>
     <span class='ocr_line' id='line_1_31' title="bbox 222 3206 1269 3287; baseline -0.006 -20"><span class='ocrx_word' id='word_1_230' title='bbox 222 3223 279 3267; x_wconf 90' lang='lat' dir='ltr'><strong>nec</strong></span> <span class='ocrx_word' id='word_1_231' title='bbox 296 3207 477 3281; x_wconf 92' lang='lat' dir='ltr'><strong>immobile;</strong></span> <span class='ocrx_word' id='word_1_232' title='bbox 495 3210 527 3268; x_wconf 75' lang='lat'><strong>2⁰</strong></span> <span class='ocrx_word' id='word_1_233' title='bbox 539 3227 602 3270; x_wconf 93' lang='lat' dir='ltr'><strong>non</strong></span> <span class='ocrx_word' id='word_1_234' title='bbox 617 3227 709 3287; x_wconf 87' lang='lat' dir='ltr'><strong>posse</strong></span> <span class='ocrx_word' id='word_1_235' title='bbox 721 3211 945 3270; x_wconf 88' lang='lat' dir='ltr'><strong>testamentum</strong></span> <span class='ocrx_word' id='word_1_236' title='bbox 961 3206 1110 3281; x_wconf 90' lang='lat' dir='ltr'><strong>condere,</strong></span> <span class='ocrx_word' id='word_1_237' title='bbox 1126 3219 1221 3282; x_wconf 63' lang='lat' dir='ltr'><strong>,neque</strong></span> <span class='ocrx_word' id='word_1_238' title='bbox 1268 3209 1269 3243; x_wconf 71' lang='lat' dir='ltr'><strong>l</strong></span> 
     </span>
     <span class='ocr_line' id='line_1_32' title="bbox 221 3299 1221 3385; baseline 0 -21"><span class='ocrx_word' id='word_1_239' title='bbox 221 3308 444 3366; x_wconf 88' lang='lat' dir='ltr'><strong>testamentum</strong></span> <span class='ocrx_word' id='word_1_240' title='bbox 462 3311 536 3367; x_wconf 89' lang='lat' dir='ltr'><strong>ante</strong></span> <span class='ocrx_word' id='word_1_241' title='bbox 562 3307 791 3385; x_wconf 81' lang='lat' dir='ltr'><strong>professionem</strong></span> <span class='ocrx_word' id='word_1_242' title='bbox 817 3305 979 3367; x_wconf 91' lang='lat' dir='ltr'><strong>conditum</strong></span> <span class='ocrx_word' id='word_1_243' title='bbox 996 3303 1169 3376; x_wconf 89' lang='lat' dir='ltr'><strong>moderari;</strong></span> <span class='ocrx_word' id='word_1_244' title='bbox 1193 3299 1221 3358; x_wconf 83' lang='grc'><strong>30</strong></span> 
     </span>
     <span class='ocr_line' id='line_1_33' title="bbox 221 3401 1268 3485; baseline 0.006 -23"><span class='ocrx_word' id='word_1_245' title='bbox 221 3420 351 3480; x_wconf 88' lang='lat' dir='ltr'><strong>peccare</strong></span> <span class='ocrx_word' id='word_1_246' title='bbox 365 3409 476 3466; x_wconf 90' lang='lat' dir='ltr'><strong>contra</strong></span> <span class='ocrx_word' id='word_1_247' title='bbox 488 3409 597 3466; x_wconf 93' lang='lat' dir='ltr'><strong>votum</strong></span> <span class='ocrx_word' id='word_1_248' title='bbox 610 3404 807 3485; x_wconf 86' lang='lat' dir='ltr'><strong>paupertatis</strong></span> <span class='ocrx_word' id='word_1_249' title='bbox 821 3404 877 3484; x_wconf 94' lang='lat' dir='ltr'><strong>qui</strong></span> <span class='ocrx_word' id='word_1_250' title='bbox 896 3402 935 3464; x_wconf 91' lang='lat' dir='ltr'><strong>dc</strong></span> <span class='ocrx_word' id='word_1_251' title='bbox 949 3421 984 3464; x_wconf 89' lang='lat' dir='ltr'><strong>rc</strong></span> <span class='ocrx_word' id='word_1_252' title='bbox 999 3403 1106 3484; x_wconf 90' lang='lat' dir='ltr'><strong>aliqua</strong></span> <span class='ocrx_word' id='word_1_253' title='bbox 1122 3401 1217 3478; x_wconf 89' lang='lat' dir='ltr'><strong>dispo·</strong></span> <span class='ocrx_word' id='word_1_254' title='bbox 1267 3455 1268 3468; x_wconf 67' lang='grc'>,</span> 
     </span>
     <span class='ocr_line' id='line_1_34' title="bbox 220 3496 1215 3582; baseline -0.005 -24"><span class='ocrx_word' id='word_1_255' title='bbox 220 3499 268 3559; x_wconf 92' lang='lat' dir='ltr'><strong>nit</strong></span> <span class='ocrx_word' id='word_1_256' title='bbox 279 3500 345 3562; x_wconf 89' lang='lat' dir='ltr'><strong>sine</strong></span> <span class='ocrx_word' id='word_1_257' title='bbox 360 3502 463 3575; x_wconf 86' lang='lat' dir='ltr'><strong>venia,</strong></span> <span class='ocrx_word' id='word_1_258' title='bbox 478 3503 590 3563; x_wconf 88' lang='lat' dir='ltr'><strong>saltem</strong></span> <span class='ocrx_word' id='word_1_259' title='bbox 603 3503 744 3580; x_wconf 85' lang='lat' dir='ltr'><strong>legitime</strong></span> <span class='ocrx_word' id='word_1_260' title='bbox 759 3507 965 3582; x_wconf 81' lang='lat' dir='ltr'><strong>praesumpta,</strong></span> <span class='ocrx_word' id='word_1_261' title='bbox 981 3496 1215 3580; x_wconf 85' lang='lat' dir='ltr'><strong>suisupcrioris.</strong></span> 
     </span>
     <span class='ocr_line' id='line_1_35' title="bbox 281 3599 1216 3680; baseline -0.006 -22"><span class='ocrx_word' id='word_1_262' title='bbox 281 3599 326 3660; x_wconf 87' lang='lat' dir='ltr'><strong>De</strong></span> <span class='ocrx_word' id='word_1_263' title='bbox 350 3599 399 3659; x_wconf 91' lang='lat' dir='ltr'><strong>his</strong></span> <span class='ocrx_word' id='word_1_264' title='bbox 425 3601 534 3662; x_wconf 85' lang='lat' dir='ltr'><strong>multae</strong></span> <span class='ocrx_word' id='word_1_265' title='bbox 557 3601 747 3680; x_wconf 77' lang='lat' dir='ltr'><strong>questiones</strong></span> <span class='ocrx_word' id='word_1_266' title='bbox 768 3605 947 3676; x_wconf 85' lang='lat' dir='ltr'><strong>moventur,</strong></span> <span class='ocrx_word' id='word_1_267' title='bbox 964 3617 1002 3662; x_wconf 85' lang='lat' dir='ltr'><strong>cx</strong></span> <span class='ocrx_word' id='word_1_268' title='bbox 1027 3599 1138 3680; x_wconf 87' lang='lat' dir='ltr'><strong>qulbus</strong></span> <span class='ocrx_word' id='word_1_269' title='bbox 1162 3600 1216 3656; x_wconf 84' lang='lat' dir='ltr'><strong>tres</strong></span> 
     </span>
     <span class='ocr_line' id='line_1_36' title="bbox 221 3697 1267 3809; baseline 0.007 -53"><span class='ocrx_word' id='word_1_270' title='bbox 221 3711 288 3773; x_wconf 85' lang='lat' dir='ltr'><strong>prae</strong></span> <span class='ocrx_word' id='word_1_271' title='bbox 297 3697 418 3758; x_wconf 84' lang='lat' dir='ltr'><strong>caeteris</strong></span> <span class='ocrx_word' id='word_1_272' title='bbox 427 3698 609 3762; x_wconf 89' lang='lat' dir='ltr'><strong>summatim</strong></span> <span class='ocrx_word' id='word_1_273' title='bbox 622 3716 830 3780; x_wconf 84' lang='lat' dir='ltr'><strong>exponemus.</strong></span> <span class='ocrx_word' id='word_1_274' title='bbox 1266 3731 1267 3809; x_wconf 58' lang='lat' dir='ltr'><strong>q</strong></span> 
     </span>
    </p>
   </div>
   <div class='ocr_carea' id='block_1_3' title="bbox 0 0 1288 4272">
    <p class='ocr_par' dir='ltr' id='par_1_3' title="bbox 0 0 1288 4272">
     <span class='ocr_line' id='line_1_37' title="bbox 0 0 1288 4272; baseline 0 2"><span class='ocrx_word' id='word_1_275' title='bbox 0 0 1288 4272; x_wconf 95' lang='lat' dir='ltr'><strong> </strong></span> 
     </span>
    </p>
   </div>
  </div>
 </body>
</html>
