2632 4260
150 247 214 294 aar.
237 246 269 292 11.
290 244 485 294 uorul'ltottna
506 244 728 301 anacletum
748 243 992 294 ouotnlttottelt.
1043 239 1078 294 27

130 365 267 426 Examen
279 362 318 424 da
329 361 496 424 existentia
505 367 538 423 ct
546 361 654 424 valore
665 361 750 423 tituli
762 361 918 442 competit
927 362 1082 442 Episcopo

79 462 198 542 originis
212 462 341 542 quando
354 462 422 541 ipsc
437 460 590 540 clericum
604 461 742 522 ordinat.
762 461 937 541 Episcopus
949 461 1083 526 domici-

78 563 106 624 lii
119 567 149 623 ct
160 561 305 622 beneficii
318 565 444 622 tenetur
463 559 665 621 solummodo
679 560 836 639 inspicere
855 559 977 622 litteras
994 559 1083 622 tasti-

77 660 218 722 moniales
234 659 324 720 datas
337 659 378 718 ab
391 659 548 738 Episcopo
559 657 700 736 originis,
716 659 844 737 quando
855 658 1082 738 patrimonium

77 759 236 820 assumitur
249 759 282 819 in
297 758 567 838 complementum
590 755 748 818 beneficii.
772 757 936 832 (ennon,
952 757 984 820 sit
999 771 1080 822 cccc.

78 855 164 929 Trid,
188 873 265 919 sess.
286 873 350 931 xxi,
372 875 443 936 cap.
460 873 493 930 11,
511 855 555 916 n¹·
573 855 633 930 60,.
645 855 698 929 61,
716 855 767 917 61.
789 887 829 902 ·-
845 853 1030 929 (tolleman,
1049 853 1082 916 in

76 955 210 1016 cumdem
224 953 358 1035 locum.)

124 1054 172 1114 lll.
198 1053 339 1115 Ecclesia
360 1053 465 1133 legem
486 1051 642 1115 sancitam
660 1068 730 1114 csse
745 1050 847 1113 voluit
862 1051 966 1131 poenls
983 1069 1081 1114 cano

76 1171 152 1214 uicis.

123 1254 145 1312 l.
170 1251 346 1331 Episcopus
360 1251 417 1330 qui
438 1249 535 1312 alicui
548 1269 663 1312 manus
684 1249 883 1329 imposuerit,
906 1267 978 1311 cum
989 1255 1083 1330 pacto

76 1351 149 1430 quod
166 1350 363 1410 ordinandus
378 1368 467 1430 snper
487 1349 659 1430 provisione
678 1367 734 1412 sca
748 1367 809 1409 con
822 1349 968 1429 inquietet
985 1347 1082 1423 illum,

74 1449 155 1509 idest
168 1447 256 1528 quod
272 1448 427 1510 alimenta
439 1449 482 1508 ab
496 1447 551 1509 illo
564 1467 630 1509 non
650 1448 870 1528 postulaturus
882 1447 933 1521 sit,
949 1461 1083 1526 suspen·

77 1566 118 1608 sus
128 1551 237 1627 estpcr
247 1545 631 1609 trienniumacollationc
642 1546 790 1608 ordinum
799 1544 883 1626 (cap.
894 1542 1018 1626 Siquis,
1030 1547 1080 1620 15,

75 1663 105 1706 nc
134 1647 282 1720 Smorrn,
316 1646 372 1706 lib.
402 1646 428 1706 V
454 1647 597 1721 Decrct.;
626 1645 730 1707 donst.
768 1643 949 1727 Apostots'coe
977 1641 1081 1720 Sedis,

76 1763 117 1806 an.
129 1744 236 1824 laee);
253 1745 385 1825 insuper
399 1744 578 1824 Episcopus
593 1744 743 1806 ordinans
757 1744 897 1824 aliquem
911 1744 978 1805 sinc
992 1743 1084 1805 titulo

75 1841 207 1904 beneficii
225 1847 355 1904 tenetur
368 1843 398 1903 oi
412 1842 699 1922 provideredonec
718 1843 780 1922 ipsi
798 1843 969 1904 contulerit
984 1842 1081 1904 bene·
1101 1841 1103 1844 ’

73 1939 170 2002 licium
194 1941 456 2016 ecclesiasticum,
483 1941 545 2002 nisi
564 1941 696 2003 clericus
712 1941 830 2004 habeat
849 1941 977 2004 aliunde
998 1941 1084 2003 sulli-

74 2038 149 2099 ciens
161 2039 352 2118 subsidium,
370 2042 402 2100 et
417 2039 474 2100 illa
492 2040 646 2118 obligatio
666 2041 781 2102 transit
797 2042 838 2104 ad
856 2058 1069 2104 successorem
1113 2059 1117 2073 ¹

75 2135 149 2216 (Gap.
168 2137 246 2200 Cum
259 2135 435 2213 secundum,
450 2139 499 2213 16,
514 2155 553 2199 ns
568 2141 761 2214 Pansnrnrs,
777 2139 832 2202 lib.
847 2141 889 2202 Ill
903 2139 1042 2221 Deerat.)

122 2237 269 2298 llaeredes
284 2237 433 2317 Episcopi
448 2241 578 2316 possent
592 2236 698 2316 stipsi
711 2236 846 2314 obligari
857 2237 929 2315 jure
943 2238 1084 2301 naturali

75 2333 107 2392 ad
119 2352 195 2396 onus
208 2335 425 2410 subeundum,
439 2336 563 2397 rationo
576 2334 687 2396 habita
699 2335 907 2412 haereditatis,
920 2336 946 2397 si
957 2329 1084 2417 Epis'co·

74 2450 123 2509 pus
139 2435 227 2510 gravi
246 2434 371 2496 incuria
389 2433 575 2496 indiscretas
595 2433 812 2496 ordinationes
832 2435 963 2510 sceerit;
985 2453 1082 2515 cxpe-

74 2529 149 2592 dicns
161 2530 270 2594 tamen
288 2532 348 2593 luit
364 2531 594 2610 obligationem
608 2532 731 2612 imponi
748 2533 984 2596 successoribus
996 2534 1084 2614 Epis-

75 2629 134 2707 copi
152 2631 306 2694 defuncti.
332 2632 468 2706 Etenim,
488 2632 521 2691 1ο
540 2630 620 2690 illud
637 2649 717 2692 onus
734 2648 798 2691 non
815 2636 880 2692 tam
899 2633 933 2696 in
953 2651 1082 2712 posnam

74 2725 242 2805 imponitur,
265 2747 362 2808 quam
381 2729 415 2790 in
434 2730 591 2792 honorem
611 2734 712 2789 status
733 2729 900 2803 clericalis,
917 2730 968 2790 cui
986 2746 1083 2792 unus-

75 2825 191 2906 quisque
205 2828 381 2908 Episcopus
392 2828 488 2890 dabet
498 2827 665 2906 invigilare
675 2827 709 2886 in
722 2845 780 2890 sua
791 2827 938 2903 dioecesi;
950 2831 983 2889 2⁰
994 2847 1081 2890 com-

76 2925 196 2986 muniter
212 2926 247 2988 in
265 2927 394 2988 dioecesi
410 2932 483 2988 sunt
500 2925 607 2987 officia
623 2925 769 3005 quaedam
784 2944 855 3005 quac
870 2932 1003 3006 possunt
1018 2928 1080 2988 cla-

76 3019 135 3080 ricis
152 3025 325 3100 committi;
347 3027 381 3086 3⁰
401 3045 485 3106 saepe
505 3029 664 3105 parentes,
687 3030 742 3084 aut
760 3011 904 3086 haeredes
923 3025 1079 3104 Episcopi,

77 3136 129 3180 non
144 3122 263 3185 habent
278 3124 312 3183 in
327 3123 514 3186 haereditate
528 3122 614 3197 unde
628 3121 757 3183 valcant
769 3122 958 3185 clericorum
972 3141 1080 3186 neces-

77 3215 205 3281 sitatibus
231 3222 415 3302 providere,
444 3229 500 3284 aut
527 3221 660 3295 nolunt;
690 3226 887 3302 quapropter
913 3221 1081 3283 indiscrete

77 3316 198 3378 ordinati
215 3319 249 3380 in
270 3339 365 3401 grave
386 3320 555 3382 discrimen
571 3320 729 3396 venirent,
749 3320 777 3380 si
795 3319 924 3381 illorum
942 3320 1081 3384 conditio

76 3411 272 3478 dimitteretur
284 3418 464 3480 baeredibus
478 3418 638 3499 Episcopi,

125 3512 160 3576 ll.
183 3515 272 3588 Quod
292 3516 332 3576 ad
351 3517 437 3596 ipsos
457 3517 587 3578 clericos
607 3517 731 3592 attinet,
754 3534 851 3596 poena
869 3518 1082 3596 suspensionis

78 3616 135 3682 rote
151 3613 301 3678 sententiaa
318 3613 438 3692 indicta
457 3614 533 3676 olim
553 3613 614 3675 luit
632 3614 665 3675 in
684 3614 756 3675 illos
777 3631 785 3676 ε
807 3615 839 3674 10
859 3613 913 3694 qui
931 3616 1081 3677 ementito

80 3704 158 3769 titulo
171 3711 402 3775 ordinationem
413 3713 601 3776 obtinebant
610 3729 618 3787 ς
627 3713 716 3774 2⁰vel
726 3709 858 3794 quicum
864 3713 1021 3796 Episcopo
1028 3735 1082 3794 pa·
