2568 4272
206 247 258 299 ‘29ss
545 251 622 299 PARS
641 251 675 298 11.
698 251 882 299 REGULARES.

207 371 355 432 aSancta
369 369 460 431 Sede.
474 368 509 430 ld
519 370 739 448 praescriptum
751 368 809 428 suit
824 367 1025 428 aBenedicto
1040 366 1120 441 Xlll,
1138 364 1213 426 Con·

207 467 366 529 stitutione
376 467 470 528 modo
487 466 582 527 citata
594 486 601 541 ;
619 467 674 549 qui
682 467 778 528 etiam
790 465 931 527 declarat
943 481 1113 544 suspensos
1124 481 1189 524 esse
1202 481 1217 521 a

207 565 332 643 divinis,
350 571 421 644 post
439 583 567 638 annum,
585 584 639 626 eos
653 583 761 626 omnes
777 564 832 644 qni
846 564 887 625 ad
903 564 1042 625 claustra
1055 567 1216 624 contuma·
1275 579 1277 660 p

143 688 145 691 ’
208 664 286 725 citer
300 664 400 724 redire
414 663 611 742 neglexerint
623 665 645 724 ¹.

268 762 338 822 485.
357 763 456 823 -110
478 760 586 823 Utrum
602 768 631 822 et
647 771 793 844 quotenus
812 758 900 823 liceat
918 759 1058 840 religioso
1075 756 1118 820 od
1132 755 1218 818 otram
1274 769 1275 830 ξ

208 859 382 939 religionem
397 857 549 921 transire?
1274 919 1275 938 1

268 958 343 1018 Jure
357 956 516 1018 communi
526 975 708 1019 concessum
719 957 778 1018 fuit
789 955 944 1035 religiosis
955 955 1089 1016 transire
1103 954 1145 1016 ad
1156 972 1219 1014 arc·
1274 987 1275 1039 f

210 1055 322 1116 tiorem
335 1054 530 1134 religionem,
544 1055 717 1117 dummodo
730 1075 790 1116 non
803 1072 841 1116 ec
853 1053 1019 1116 temeritate
1029 1060 1085 1113 ont
1094 1050 1217 1127 leuitate,
1276 1101 1277 1128 ,

211 1156 243 1214 in
258 1154 416 1233 jacturam
436 1171 486 1214 seu
506 1153 653 1234 injurium
675 1154 725 1214 sui
744 1151 870 1223 ordinis,
890 1150 942 1213 sed
962 1169 1029 1213 cere
1048 1149 1091 1212 ed
1109 1150 1220 1230 fingent
1276 1143 1277 1178 ³

210 1251 342 1313 melioris
354 1252 422 1312 cita
433 1250 765 1332 transmigrarevelint,
775 1257 811 1312 ut
821 1250 973 1314 diciturin
984 1267 1054 1329 cap.
1069 1247 1164 1324 Licet,
1177 1249 1220 1318 la,

211 1367 253 1412 aa
271 1365 477 1412 resonaturus
497 1367 537 1411 er
563 1365 811 1413 raanseuurraus
830 1367 870 1410 an
890 1351 1090 1422 mersiones,
1111 1346 1167 1407 lib.
1186 1347 1220 1407 lll

212 1450 336 1510 Decret.
354 1447 554 1509 Innocentius
573 1449 626 1525 lll,
647 1449 680 1508 in
699 1448 794 1510 citato
807 1453 907 1519 textu,
929 1447 1112 1508 libertatem
1123 1445 1221 1506 indul-

214 1552 279 1622 tam
303 1544 470 1607 confirmat
496 1565 533 1607 ex
557 1545 713 1626 principio
742 1545 895 1625 generali,
925 1545 1011 1625 quod
1036 1543 1157 1605 scilicet
1178 1541 1222 1603 ati

214 1641 349 1725 Spiritus
370 1642 431 1704 Dei
445 1654 498 1720 est,
524 1643 569 1704 ibi
587 1643 722 1724 libertos,
746 1650 778 1706 et
792 1644 932 1726 proferto
949 1641 1094 1724 prelatus
1114 1639 1222 1703 subdito
1277 1695 1278 1744 r

215 1742 278 1803 une
301 1739 483 1824 difficaltate
506 1741 611 1804 debeat
633 1741 810 1804 transeundi
832 1742 983 1804 licentiam
1006 1739 1173 1822 intonare,
1193 1759 1223 1800 ne
1277 1759 1278 1820 r

215 1838 354 1902 rideatur
377 1840 562 1921 propositum
585 1839 731 1922 impedire
759 1841 903 1902 drbtnitus
928 1840 1130 1918 inspiratum
1150 1837 1222 1898 unde
1277 1845 1278 1902 3

217 1939 393 2001 Canonistae
413 1937 611 2006 deduxerunt
626 1939 810 2000 facultatem
828 1938 973 2000 omnibus
988 1937 1143 2016 religiosis
1157 1955 1222 1998 con·

219 2035 300 2112 cedi,
317 2036 448 2097 servatis
460 2037 632 2100 servandis.
649 2039 748 2098 Porro
760 2037 1002 2116 interpretatum
1015 2036 1074 2096 fuit
1083 2036 1135 2116 jus
1147 2052 1224 2096 com·

220 2153 325 2210 mune,
342 2153 414 2195 cum
429 2134 678 2197 restrictionibus
697 2139 728 2196 et
746 2134 983 2216 exceptionibus
997 2151 1016 2196 a
1030 2135 1062 2197 S.
1080 2133 1161 2196 Sede
1176 2151 1224 2212 ap-

220 2231 340 2313 positis,
359 2239 394 2293 ut
406 2233 548 2312 sequitur
563 2251 571 2294 τ

282 2332 313 2391 1⁰
335 2330 530 2392 Postulanda
553 2337 599 2392 est
620 2329 749 2393 licentia
770 2351 789 2392 a
809 2330 983 2411 superiore,
1008 2349 1048 2391 ne
1072 2325 1226 2408 religiosus

223 2428 331 2491 donum
352 2428 524 2491 obedientiae
546 2437 731 2491 contemnere
752 2427 900 2492 videatur.
922 2429 1064 2490 Licentia
1084 2426 1227 2508 postulari

222 2527 493 2606 debetantequam
501 2527 864 2607 religiosnsegrediatur‚
875 2531 1034 2589 etcertum
1043 2524 1228 2587 intercedere
1278 2516 1279 2604 l

223 2629 350 2704 oportet
363 2628 498 2705 tempus,
519 2645 582 2705 quo
597 2627 740 2706 superior
755 2627 856 2706 possit
872 2626 948 2688 dare
965 2643 1152 2706 responsum
1165 2641 1227 2684 cum

224 2722 415 2785 salutaribus
428 2723 572 2800 monitis;
589 2730 622 2786 at
636 2743 762 2786 necesse
776 2743 840 2786 non
853 2730 901 2786 est
912 2729 947 2785 nt
956 2723 1148 2798 obtineatur,
1163 2737 1228 2782 nam

224 2820 425 2882 Innocentius
447 2822 601 2900 permittit
623 2823 801 2899 transitum,
827 2842 887 2883 non
910 2821 1045 2883 obstante
1070 2817 1227 2882 contradic·

230 2920 322 2980 tione·
328 2918 461 3000 prelati.
487 2920 604 2999 Excipe
625 2922 773 2982 tamensi
788 2921 866 2982 ordo
886 2920 1051 3000 religiosus
1070 2916 1229 2981 obtinuerit

227 3017 428 3098 privilegium
444 3037 483 3078 ne
498 3018 547 3078 sui
559 3019 696 3098 religiosi
710 3019 842 3082 transire
859 3019 988 3081 valeant
1001 3019 1043 3079 ad
1058 3017 1154 3078 aliam
1164 3013 1228 3075 reli·

228 3117 366 3194 gionem‚
384 3120 457 3176 ante
472 3115 637 3177 obtentum
652 3116 811 3179 indultum
826 3115 1053 3197 apostolicum
1069 3115 1155 3196 quod
1173 3111 1230 3193 pri-

228 3213 379 3293 vilegium
401 3212 461 3274 fuit
476 3214 583 3294 reipsa
602 3233 786 3277 concessum
808 3215 952 3294 pluribus
975 3213 1190 3294 religionibus,
1206 3215 1230 3269 et

230 3312 404 3391 praesertim
417 3311 622 3390 religionibus
636 3313 921 3374 Mendicantium’..
1019 3359 1023 3370 .

278 3483 300 3531 t.
316 3481 355 3531 ct.
372 3481 497 3544 Benene,
514 3490 544 3532 v⁰
560 3481 709 3545 Episcopus,
726 3485 775 3531 art.
793 3495 837 3543 vn,
858 3491 890 3532 n⁰
910 3483 981 3543 l·2d;
997 3507 1027 3517 -
1043 3480 1148 3538 Suarcz,
1162 3481 1179 3528 t.
1194 3475 1228 3534 lV,

232 3556 279 3604 liu.
291 3556 336 3618 ΙΙΙ,
349 3571 408 3620 cap.
420 3571 529 3618 xvi-xix,
542 3557 590 3607 nbi
602 3559 687 3607 multa
698 3557 731 3608 de
748 3558 911 3622 obligatione
923 3556 1064 3620 regularis,
1078 3555 1112 3605 ad
1126 3552 1228 3605 officinm

233 3630 361 3682 seculare
373 3635 497 3696 promoti,
511 3633 700 3684 discutiuntur.

280 3707 305 3756 2.
321 3707 359 3758 ct.
374 3708 450 3759 card.
466 3710 544 3759 Petra
561 3709 589 3758 in
606 3714 691 3759 const.
711 3713 755 3760 1¹⁰¹
770 3709 904 3760 Benedicti
924 3707 980 3770 xil,
994 3711 1013 3758 t.
1028 3708 1072 3770 IV,
1087 3721 1146 3772 pag.
1161 3703 1229 3754 6568.
