2568 4272
216 233 269 289 332
450 257 451 260 ¹
479 297 480 300 Ἴ
551 242 625 292 PARS
645 242 681 291 11.
704 242 893 292 amabilitas.

214 357 402 437 invigilandi
416 377 456 420 ne
469 358 503 420 in
517 376 575 420 sua
590 359 718 422 dioecesi
732 338 851 438 aliquid
864 358 1086 420 inordinatum
1103 357 1187 432 fiat;
1200 375 1239 419 rc·

216 457 459 534 manetintegra
483 456 661 534 jurisdictio
686 476 745 537 pro
771 457 855 519 cultu
879 457 987 518 divino
1002 462 1034 517 et
1048 475 1116 536 pro
1139 457 1237 534 depu-

215 555 333 615 tatione
354 555 633 630 confessariorum,
659 560 802 617 remanet
826 555 952 616 tandem
969 554 1022 633 jus
1040 553 1240 615 visitationis

80 672 83 678 ·
150 717 152 721 ,
215 652 385 726 canonica,
397 654 482 730 quod
497 658 611 714 caetera
625 653 731 714 omnia
746 653 968 732 complectitur
984 653 1009 714 ¹.

274 751 344 811 500.
361 783 399 796 -
414 752 453 812 V⁰
470 747 549 825 Ouid
556 751 633 830 jure
647 759 792 812 statutum
803 751 843 812 sit
855 750 891 812 de
904 749 1106 830 deputatione
1122 749 1240 830 censes·

214 849 363 908 cerebram
371 867 431 929 pre
444 848 636 910 concentibus
645 848 897 930 monialiumque
909 848 1240 928 cotueimpliciaemit-

217 943 305 1007 tuat?

275 1044 409 1105 Easdem
423 1046 488 1105 lere
503 1043 630 1125 regulas
647 1044 838 1125 praescripsit
858 1044 889 1106 S.
908 1045 1065 1124 Congreg.
1096 1043 1237 1121 Regula-

215 1140 298 1202 rium
326 1159 396 1221 quae
428 1142 592 1204 servanda
615 1147 689 1202 sunt
712 1160 772 1222 pro
803 1142 1012 1204 conventibus
1043 1141 1238 1204 monialium

217 1244 446 1317 exemptarum.

278 1339 309 1396 l⁰
330 1339 378 1398 Ad
393 1337 583 1418 Episcopum
602 1337 739 1417 pertinet
755 1336 809 1416 jus
830 1337 968 1417 eligendi
983 1335 1234 1408 confessarium,

216 1433 277 1495 nisi
298 1439 405 1496 tamen
427 1440 554 1496 cautum
569 1436 609 1498 sit
627 1436 660 1497 in
679 1435 797 1516 regulis
823 1435 1009 1515 approbatis
1029 1433 1190 1506 instituti,
1205 1438 1236 1492 ut

217 1533 425 1612 superiorissa
454 1539 613 1613 proponat
636 1534 791 1614 Episcopo
816 1535 1013 1596 sacerdotem
1045 1551 1153 1613 quem
1177 1548 1237 1591 sua

217 1631 435 1692 communitati
449 1631 560 1713 utilem
571 1632 638 1692 tore
652 1632 823 1706 existimat,
840 1635 996 1711 quatenus
1015 1632 1088 1711 ipse
1105 1628 1233 1710 Episco-

216 1745 276 1806 pus
289 1729 379 1789 illum
392 1733 501 1807 aptum
512 1728 712 1808 judicaverit.

172 1819 177 1843 '
277 1829 309 1887 2⁰
325 1827 476 1906 Deputari
495 1845 559 1888 non
579 1827 697 1888 debent
716 1829 757 1888 ad
778 1846 894 1890 munus
916 1827 1105 1888 confessarii
1128 1823 1231 1888 vicarii

216 1925 390 2006 generales,
413 1943 453 1986 ne
474 1926 629 1987 moniales
649 1924 815 2005 priventur
835 1925 983 1986 libertate
1005 1923 1184 1986 sufficienti
1203 1922 1234 1982 in

262 2078 285 2125 l.
295 2074 355 2128 vid.
365 2074 447 2124 Breve
460 2074 558 2125 Bened.
569 2073 626 2126 XIV
637 2041 760 2136 Quamuis
765 2075 849 2139 justo,
861 2076 888 2124 et
899 2074 1043 2123 Emancvit
1052 2075 1083 2123 21
1095 2072 1155 2136 jan.
1167 2071 1231 2122 {rea

215 2177 247 2188 -
257 2150 349 2200 Lucidi
361 2150 442 2200 refert
452 2151 507 2200 vol.
520 2151 553 2211 ll,
566 2164 626 2213 pag.
640 2152 696 2212 287,
706 2153 811 2200 textum
824 2150 1054 2201 Constitutionum
1069 2161 1142 2212 quas
1154 2147 1179 2196 S.
1190 2145 1231 2196 Sc·

215 2225 263 2276 des
273 2227 432 2290 approbavit
446 2240 496 2290 pro
508 2226 647 2276 nonnullis
658 2225 912 2290 congregationibus
926 2224 1081 2274 constitutis
1095 2224 1149 2274 suh
1160 2233 1231 2284 supe·

214 2303 324 2352 riorissa
338 2303 471 2367 generali;
484 2303 557 2352 unde
570 2315 693 2351 normam
708 2301 737 2351 in
752 2301 886 2351 similibus
900 2299 1118 2350 circumstantiis
1134 2309 1231 2347 sumere

216 2379 287 2438 licet,
303 2378 337 2427 ad
349 2377 547 2428 conciliandum
561 2377 649 2427 officia
664 2391 727 2442 erga
739 2378 885 2440 Episcopos
899 2375 1021 2426 locorum
1036 2386 1105 2425 cum
1119 2371 1229 2424 necessi·

216 2454 318 2504 tatibus
329 2454 469 2517 regiminis
481 2453 609 2503 instituti.

264 2527 377 2587 Quando
394 2529 602 2580 communitates
617 2529 760 2593 religiosae,
774 2541 837 2581 cum
850 2527 1005 2588 mulierum,
1020 2530 1083 2578 tum
1101 2527 1182 2576 etiam
1196 2523 1230 2572 vi-

216 2616 311 2653 rorum
322 2605 372 2654 sub
387 2605 482 2655 eodem
496 2604 623 2654 instituto
639 2608 758 2664 manent,
769 2603 912 2666 moniales,
922 2607 954 2653 ut
967 2603 1129 2667 plurimum,
1141 2602 1229 2666 prater

216 2677 398 2734 obedientiam
417 2679 553 2730 communi
574 2680 744 2744 generalissae
764 2679 892 2740 debitam,
910 2679 1063 2729 auctoritati
1084 2676 1230 2728 subduntur

216 2754 362 2818 superioris
374 2755 458 2804 totius
468 2755 597 2816 instituti,
609 2755 755 2820 superioris
765 2757 858 2818 utique
874 2755 1005 2814 virorum,
1019 2753 1101 2818 juxta
1118 2751 1226 2816 regulas.

217 2830 260 2880 Sic
279 2831 392 2880 societas
412 2831 563 2894 puellarum
579 2831 721 2882 charitatis
737 2831 762 2882 S.
778 2831 913 2882 vincentii
933 2845 949 2880 a
966 2831 1050 2880 Paulo
1069 2829 1229 2890 nuncupata

217 2905 310 2956 subest
328 2906 417 2969 quoad
436 2920 516 2956 suum
537 2908 659 2971 regimen
682 2919 807 2970 supremo
829 2906 992 2958 moderatori
1014 2906 1228 2970 Presbyterorum

216 2980 358 3030 Missionis.
377 2981 438 3030 Tale
458 2984 499 3030 est
518 2981 600 3030 etiam
619 2983 777 3032 Institutum
796 2995 922 3031 sororum
942 2995 958 3030 a
976 2981 1003 3030 S.
1020 2981 1108 3030 Corde
1126 2982 1187 3031 lesu
1203 2977 1225 3024 et

215 3056 298 3107 Maria
309 3057 381 3119 quod
390 3055 515 3106 coalescit
533 3056 665 3107 sodalium
683 3051 803 3106 virorum
821 3057 957 3117 domibus,
974 3057 1093 3119 itemque
1111 3051 1226 3104 domibus

216 3131 369 3182 mulierum.
387 3132 414 3182 Si
429 3132 547 3194 excipias
563 3133 663 3182 similes
679 3145 766 3194 casus,
782 3133 884 3182 scilicet
902 3131 1128 3196 congregationes
1142 3125 1226 3178 eodem

216 3208 298 3260 modo
320 3208 465 3270 ordinatae,
487 3209 513 3258 S.
534 3209 616 3258 Sedes
634 3209 781 3260 concedere
802 3221 861 3260 non·
878 3207 1020 3258 consuevit
1039 3211 1071 3258 ut
1088 3203 1226 3258 conventus

216 3284 352 3348 virginum
364 3284 483 3334 habeant
497 3286 662 3348 superiorem
675 3284 838 3348 generalem.

249 3355 376 3414 Quamvis
389 3357 538 3420 Episcopus
551 3356 739 3406 auctoritatem
751 3369 875 3406 exercere
887 3357 967 3419 queat
974 3367 1055 3417 super
1070 3351 1189 3404 domibus
1199 3346 1222 3395 in

222 3439 273 3476 sua
286 3427 396 3476 dioecesi
415 3427 575 3487 constitutis,
589 3427 767 3477 nihilominus
781 3428 810 3477 in
826 3441 858 3476 aa
871 3441 931 3490 quae
951 3425 1076 3489 generale
1094 3423 1173 3474 totius
1187 3419 1224 3468 ln-

219 3497 305 3547 stituti
316 3499 439 3561 regimen
452 3501 575 3562 spectant
583 3512 611 3546 se
622 3511 676 3546 non
689 3501 778 3560 potest
789 3499 920 3562 ingerere,
937 3496 1043 3546 etiamsi
1055 3493 1177 3558 primaria
1186 3491 1224 3538 ln·

219 3567 305 3618 stituti
320 3569 417 3620 domus
435 3571 463 3619 in
480 3583 530 3619 sua
546 3569 655 3619 dioeceri
680 3570 844 3632 reportatum
865 3571 906 3619 uti
924 3569 1092 3618 declaratum
1107 3567 1163 3624 luit,
1179 3559 1219 3636 aab

220 3639 344 3702 Gregorio
359 3642 423 3702 XVI,
437 3642 470 3690 de
483 3641 568 3691 Demo
580 3653 703 3690 sororum
714 3639 894 3692 Sacratissimi
903 3638 1123 3702 Gordia,l³arisiis
1137 3633 1220 3682 conati-

220 3711 286 3759 tuta.
305 3711 417 3772 (lucidi,
432 3711 492 3762 loco
506 3713 550 3762 cit.
566 3725 594 3760 n.
605 3712 670 3772 liti.)
