2582 4278
164 232 230 279 aar.
250 231 279 277 V.
299 229 378 278 tunt
396 229 609 280 castrobono!
628 231 667 280 tr
685 231 906 280 claortlttoltult.
991 223 1041 278 {67

90 351 122 410 2⁰
139 349 218 410 Jura
233 345 626 424 dignitatuminleriorum
644 351 675 408 et
693 347 870 409 officiorum
892 345 1040 408 determi-

42 451 147 510 rantur
165 445 364 526 singulorum
384 443 597 523 capitulorum
618 445 754 520 statutis,
781 451 813 508 et
832 444 925 526 praxi
947 460 1041 506 com·

42 544 128 616 nuni,
145 544 202 604 ubi
216 547 335 604 statuta
348 540 428 602 nihil
441 542 656 621 praefinicrint.

91 643 158 704 lla.
177 675 216 686 -
228 643 266 710 ll.
284 641 362 702 lura
374 639 571 718 singulorum
587 641 823 717 canonicorum,
840 657 911 721 quac
924 638 1046 702 scilicet

41 738 92 820 ipsi
103 737 305 799 canonicatui
317 755 441 797 annexa
453 742 539 812 sunt,
552 739 732 800 referuntur
747 739 787 800 ad
799 737 1045 819 perpetuitatem

42 837 124 910 tituli,
141 835 367 897 admissionem
388 834 421 894 in
442 834 575 898 chorum
590 841 622 898 et
637 836 671 896 in
686 842 804 898 coetum
823 835 1043 916 capitularen,

41 933 212 996 fruitionem
224 931 403 1012 praebendae
418 937 450 994 et
464 932 997 1014 distributionum,praecedentiarn,
1014 937 1046 994 at
1075 1011 1076 1018 ἵ

42 1031 158 1092 tandem
176 1031 220 1091 ad
234 1049 326 1090 usum
337 1029 522 1108 insignium.

92 1130 121 1189 l⁰
141 1127 321 1190 Ganonicus
341 1146 434 1189 suum
454 1127 582 1190 titulum
596 1135 702 1191 servat
722 1131 969 1209 inperpetuum,
986 1127 1048 1188 nisi
1066 1199 1068 1202 ¹

44 1231 140 1306 sponte
156 1227 252 1288 cedat
263 1231 319 1287 aut
337 1224 458 1304 judicio
472 1226 614 1306 privetur
630 1227 663 1288 in
682 1246 811 1308 prauam
826 1226 943 1300 delicti,
960 1223 1047 1306 quod

44 1324 125 1385 etiam
145 1323 186 1384 de
213 1315 374 1398 ca'nonicis
388 1323 567 1387 honorariis
588 1325 757 1386 dicendum
776 1324 977 1386 arbitramur.
1002 1325 1047 1385 lie

46 1421 157 1500 quidem
169 1439 258 1495 vera,
276 1419 484 1486 canonicatus
501 1421 691 1484 honorarius
705 1423 838 1484 collatus
851 1421 911 1483 fuit
927 1421 960 1482 in
972 1437 1048 1500 per-

45 1523 162 1596 petuum
179 1523 215 1578 et
234 1518 372 1579 habetur
393 1518 427 1578 in
448 1519 609 1582 communi
624 1519 855 1582 existimatione
871 1535 930 1599 pro
955 1516 1047 1579 titulo

46 1614 248 1693 permanenti3
275 1620 468 1695 quapropter
489 1615 633 1696 ejusdem
647 1616 732 1678 tituli
755 1615 903 1696 privatio,
919 1616 946 1676 si
967 1612 1049 1676 arbi·

47 1712 127 1772 trario
155 1712 225 1787 fiat,
252 1711 340 1774 laedit
362 1713 416 1792 jus
440 1714 644 1794 acquisitum,
672 1720 705 1776 et
722 1715 851 1794 insuper
876 1713 1048 1794 quamdam

48 1809 168 1872 infamiae
184 1814 296 1870 notam
311 1809 409 1872 inurit
428 1811 595 1876 sacerdoti.
611 1811 660 1888 An
685 1813 865 1890 requiratur
877 1810 1047 1890 judicium,

48 1906 121 1986 juxta
144 1908 267 1968 formas
296 1912 437 1970 assuetas
457 1908 551 1989 juris,
572 1909 614 1971 ad
640 1909 829 1990 privandum
860 1908 1049 1971 canonicum
1077 1903 1080 1909 ’

50 2003 242 2066 honorarium
261 2023 318 2066 suo
345 2004 450 2082 titulo,
478 2005 647 2068 decernere
667 2007 769 2069 noluit
789 2009 825 2071 s.
838 2006 1049 2087 Congregatio

51 2103 169 2178 lituum,
199 2123 237 2164 ea
257 2104 298 2164 de
321 2121 354 2164 re
376 2104 520 2166 consulta
540 2105 581 2166 ab
603 2105 759 2184 Episcopo
778 2105 995 2169 valentinensi
1015 2105 1049 2166 in

53 2199 147 2274 Galba3
175 2200 212 2260 id
235 2201 436 2263 solummodo
458 2201 624 2264 consilium
646 2201 734 2264 dedit
751 2202 908 2282 Episcopo
929 2207 965 2264 ut
984 2218 1049 2284 non

51 2296 154 2359 veniret
169 2297 212 2358 ad
226 2297 449 2377 privationem,
466 2298 527 2360 uisi
541 2299 671 2379 quando
688 2299 787 2378 exigit
799 2299 932 2378 indigna
945 2315 1048 2360 sacer·

52 2393 117 2454 dotis
130 2395 342 2471 conversatio,
357 2403 393 2458 ut
407 2401 519 2458 contra
533 2397 623 2458 illum
642 2397 682 2460 de
700 2415 787 2462 more
801 2397 973 2479 procedere
991 2413 1049 2458 ne·
1121 2459 1130 2478 ,

52 2507 119 2553 cesse
142 2493 185 2555 sit
210 2493 252 2554 ad
274 2492 398 2572 majora
425 2492 579 2558 scandala
603 2495 828 2574 pravenienda
856 2495 900 2576 (S.
931 2495 968 2557 R.
999 2496 1047 2569 G..

54 2587 92 2650 dia
104 2591 135 2650 ll
152 2596 235 2670 sept.
253 2591 357 2673 latr.)
856 2651 858 2654 .

96 2688 126 2746 2⁰
139 2688 268 2749 Fruitur
282 2689 490 2768 proventibus
508 2690 691 2771 prebenda
711 2696 743 2752 et
761 2691 1048 2768 distributionibus,

52 2782 97 2842 sub
109 2785 343 2846 conditionibus
355 2805 452 2866 supra
464 2787 628 2867 expositis.

99 2882 129 2940 3⁰
143 2878 294 2944 Canonici
307 2883 364 2963 qui
377 2903 434 2946 uec
448 2885 666 2966 capitulariter
678 2886 840 2961 incedunt,
857 2907 915 2950 nec
930 2907 950 2950 a
963 2887 1048 2970 oapi·

53 2976 106 3038 tulo
120 2986 193 3041 sunt
206 2979 362 3060 deputati,
378 3000 438 3044 nco
452 2983 609 3064 Episcopo
624 2985 782 3063 associati,
798 2986 919 3048 nullam
931 2986 1051 3048 babent
1160 3051 1163 3058 ,

53 3077 307 3151 praeminentiam
325 3079 358 3139 in
373 3079 451 3142 alios
472 3081 603 3144 clericos
620 3082 762 3146 dioecesis
781 3101 789 3144 ε
814 3089 956 3146 servatur
972 3083 1050 3146 ordo

54 3175 310 3256 prescriptospro
323 3178 470 3262 omnibus
485 3177 616 3256 clericis,
628 3181 751 3244 ratione
766 3181 877 3243 habita
889 3180 1007 3242 ordinis
1020 3185 1052 3242 et

54 3272 255 3346 promotionis.
273 3309 313 3318 —
327 3275 360 3337 Si
378 3294 470 3336 suurn
488 3277 680 3358 Episcopum
696 3280 847 3342 comitatu
869 3277 1049 3352 honestant,

56 3367 158 3438 sedent,
175 3370 271 3432 etiam
285 3371 318 3432 in
332 3373 480 3436 Ecclesiis
494 3373 625 3438 alterius
637 3376 792 3451 dioecesis,
805 3380 878 3438 ante
893 3375 1052 3454 simmices

56 3462 179 3543 clericos,
197 3473 230 3530 et
245 3475 318 3530 ante
331 3469 503 3550 ipsummet
517 3473 694 3553 parochnm
709 3473 867 3551 Ecclesia,
885 3473 959 3553 quia
974 3491 1050 3535 con·

58 3558 219 3627 siderentur
231 3571 385 3648 tanquam
400 3571 480 3632 uniti
495 3590 551 3632 suo
565 3570 671 3652 capiti,
690 3569 884 3654 quodetiam
901 3570 941 3631 de
954 3590 1051 3634 cano·

58 3656 306 3727 uicishonorariis
319 3667 484 3730 definitum
499 3667 558 3731 luit
575 3688 594 3730 a
613 3669 644 3732 S.
660 3667 908 3750 congregatione
923 3667 1051 3732 Rituurn
