2588 4276
293 257 361 306 aar.
384 257 417 306 11.
438 256 556 306 aarum
574 257 686 306 sancus
705 237 868 306 staturosi.
1029 248 1078 303 22l

73 353 304 439 ipsa'pertectio
319 357 507 438 acquiritur3
526 362 600 418 vota
623 356 741 418 scilicet
764 356 928 433 castitatis,
949 374 1083 436 pauper-

75 458 158 532 tatis,
175 456 373 530 obedientia,
389 476 460 517 cum
470 456 586 534 regulis
595 455 740 516 instituti.
757 455 859 537 Majus
870 461 954 516 certe
968 455 1081 518 incita·

74 561 213 618 mentum
224 555 264 616 ad
272 556 422 634 pietatem
432 554 808 636 praestatursolemnitate
818 559 975 632 votorum,
986 559 1081 634 atque

75 657 229 719 efficacius
242 657 469 737 impedimenta
485 660 698 732 removentur,
715 673 752 716 eo
771 654 840 734 ipso
855 654 941 734 quod
959 654 1083 734 plenio-

73 774 141 818 rem
158 755 390 817 abdicationem
409 755 531 837 proprii
551 747 673 816 arbitrii
692 753 819 826 efficiat,
840 752 895 814 sed
916 751 995 812 illud
1019 772 1082 813 non

73 855 208 936 pertinet
225 854 266 915 ad
282 854 491 915 substantiam
512 859 614 915 status
634 852 787 932 religiosi;
807 857 882 914 vota
899 850 985 912 enim
1006 851 1081 913 sim·

69 954 165 1034 plicia
183 953 303 1013 habent
317 953 424 1028 etiam,
446 953 519 1014 licet
542 952 576 1012 in
600 953 701 1032 gradu
721 951 817 1030 paulo
839 950 994 1026 interiori,
1018 951 1082 1012 vim

72 1051 277 1114 sufficientem
299 1051 461 1124 avertendi
477 1051 622 1112 animum
645 1069 665 1110 a
690 1048 917 1130 cupiditatibus
934 1049 1082 1123 camiso

71 1169 175 1212 rerum
186 1149 409 1229 temporalium
428 1149 655 1226 sollicitudine,
672 1155 703 1210 et
718 1167 737 1209 a
750 1147 888 1228 propriae
910 1146 1082 1209 voluntatis

70 1248 365 1310 inordinationibus.
383 1246 487 1329 Majus
510 1257 538 1309 et
561 1248 660 1310 mrbus
686 1266 745 1309 non
764 1246 883 1308 varium
898 1247 1019 1330 species,
1038 1245 1083 1307 ait

73 1347 199 1410 Suarez.
920 1359 921 1364 ’

132 1445 249 1507 Eadem
265 1446 551 1508 animadvertemus
561 1446 600 1507 de
616 1445 796 1507 stabilitate.
811 1441 914 1524 Major
928 1449 975 1505 est
989 1443 1082 1506 stabi·

70 1545 142 1605 litas
156 1543 347 1624 religionum
361 1544 560 1620 solemnium,
575 1545 650 1625 quia
662 1547 773 1605 mutua
788 1548 835 1604 est
848 1541 999 1621 obligatio
1014 1542 1084 1604 reli-

72 1643 149 1722 giosi
172 1648 204 1704 et
226 1642 397 1722 religionis,
421 1662 522 1723 eaque
545 1649 698 1724 perpetua
724 1645 826 1707 :dum
847 1660 964 1704 vovens
985 1643 1083 1704 vitam

71 1741 247 1820 regularem
267 1759 298 1804 se
317 1742 350 1802 in
369 1747 558 1822 perpetuum
575 1742 672 1804 tradit
688 1741 846 1820 religioni,
866 1741 937 1822 ipsa
957 1741 1079 1822 religi0,

72 1839 274 1902 traditionem
289 1839 494 1921 acceptando,
512 1840 690 1902 absolutam
704 1841 842 1902 vicissim
855 1839 1082 1918 obligationem

72 1938 199 2018 suscipit
217 1938 307 1999 illum
326 1939 493 2014 retinendi,
515 1939 606 2019 eique
622 1939 800 2002 necessaria
819 1938 993 2018 praebendi.
1014 1941 1083 2000 Non

72 2036 113 2096 ita
132 2037 295 2116 reciproce
310 2038 351 2098 ad
370 2037 505 2098 invicem
519 2056 552 2099 se
571 2037 716 2116 obligant
729 2037 807 2099 ordo
824 2042 854 2098 ot
870 2033 1035 2113 religiosus
1049 2037 1082 2098 in

73 2135 367 2216 congregationibus
382 2155 453 2197 cum
468 2136 549 2198 votis
564 2136 770 2216 simplicibus,
790 2140 821 2197 et
835 2139 882 2195 est
895 2139 1003 2196 tamen
1015 2136 1081 2196 sul-

73 2232 179 2294 ficiens
200 2233 367 2295 stabilitas.
392 2235 476 2297 Ordo
496 2253 560 2296 non
581 2235 687 2308 debet,
706 2253 765 2296 nec
791 2232 954 2295 moraliter
980 2239 1084 2313 potest

72 2331 410 2412 dimittereprolessum
421 2333 481 2394 nisi
487 2332 576 2412 gravi
585 2334 625 2394 de
637 2352 743 2408 causa,
754 2337 911 2412 quatenus
921 2331 1000 2391 illud
1008 2350 1081 2410 pos-

72 2429 218 2491 tulaverit
229 2429 349 2492 bonum
361 2431 610 2506 communitatis3
624 2438 654 2492 et
666 2431 825 2512 professus
836 2434 973 2504 tenetur,
987 2447 1085 2508 quan·

1 2593 2 2598 1
71 2533 135 2588 tum
155 2547 196 2589 ex
215 2547 248 2590 se
268 2534 325 2606 est,
341 2547 505 2590 remanere
524 2535 681 2610 perpetuo
701 2530 734 2590 in
754 2533 838 2615 statu
860 2545 956 2607 quem
976 2527 1080 2607 elegit.

72 2628 137 2687 Non
161 2632 267 2706 potest
290 2645 322 2688 se
350 2646 390 2688 ex
417 2627 477 2688 hac
503 2628 576 2689 vitae
602 2628 784 2690 conditione
810 2627 1000 2700 subducere,
1025 2645 1082 2688 nec

72 2725 200 2805 propria
218 2731 330 2806 sponte
352 2726 498 2788 recedere
519 2746 525 2790 :
543 2727 613 2808 quis
634 2732 742 2788 autem
761 2745 825 2788 non
845 2726 984 2787 fateatur
1003 2725 1083 2786 nihil
1103 2789 1107 2797 ,

1 2823 2 2826 ’
73 2824 205 2904 amplius
220 2824 339 2904 requiri
354 2825 395 2886 ad
408 2844 515 2886 veram
529 2817 756 2887 stabilitatem?

1 2967 2 2970 ,
76 2949 78 2955 s
128 2922 226 2984 Proh.
251 2925 281 2984 2²
296 2942 381 3005 pars,
397 2943 435 2985 ca
452 2923 610 3005 disciplina
628 2922 784 2999 Ecclesia,
792 2923 885 3003 juxta
904 2942 1001 3003 quam
1019 2943 1081 2985 nou

73 3009 215 3082 censetur
227 3040 320 3083 verus
334 3021 510 3101 religiosus,
522 3023 554 3084 iu
570 3041 663 3084 sensu
679 3022 799 3099 strict0,
814 3022 870 3102 qui
882 3021 997 3083 emittit
1009 3028 1083 3084 vota

73 3119 269 3200 solummodo
293 3120 458 3200 simplicia,
480 3121 540 3181 nisi
563 3107 698 3200 speciale
721 3118 880 3181 indultum
906 3119 1079 3198 accesserit,

74 3235 131 3296 quo
144 3218 316 3296 derogetur
323 3217 389 3296 juri
399 3219 576 3293 communi;
591 3219 676 3298 quod
690 3217 887 3298 privilegium
899 3235 1082 3278 concessum

72 3321 114 3376 est
127 3315 277 3377 Societati
291 3317 375 3392 Jesu,
391 3317 517 3379 decreto
533 3316 677 3396 Gregorii
691 3317 759 3377 Xlll
775 3320 806 3376 et
819 3314 954 3376 aliorum
970 3315 1081 3376 Ponti-

72 3413 173 3490 ficum,
189 3415 244 3495 qui
261 3415 502 3478 declaraverunt
521 3416 658 3478 Jesuitas
674 3414 827 3476 admissos
844 3413 877 3474 in
897 3413 1035 3491 primum
1052 3419 1084 3475 et

74 3513 242 3573 secundum
267 3515 420 3592 gradum,
449 3515 599 3576 nimirum
624 3511 832 3574 scholasticos
854 3514 885 3571 et
911 3511 1080 3586 soporatos,

75 3611 217 3672 constitui
229 3611 262 3671 in
277 3617 361 3673 statu
376 3613 540 3691 religioso;
556 3637 570 3668 α
584 3630 657 3673 vere
667 3607 831 3688 religiosos
841 3627 908 3669 esse
921 3614 952 3669 et
965 3609 1082 3688 ubique

75 3709 222 3772 «censeri
238 3714 268 3771 et
287 3711 444 3773 nominari
458 3711 585 3785 debere,
603 3729 639 3772 oc
655 3709 680 3770 si
697 3710 729 3770 in
744 3708 960 3790 professorum
975 3726 1083 3770 nume·
