2642 4268
224 273 276 328 486
492 277 565 326 PARS
585 275 630 324 111.
652 275 707 326 RES
726 275 966 326 uectusllsrloe.

223 398 306 460 hanc
322 394 575 457 substitutionem
590 393 692 472 magis
703 394 869 474 expedire:
882 412 957 455 num
973 394 1074 474 pactis
1088 395 1240 456 standum

223 501 281 562 est.
305 493 505 570 Statuerede
526 493 698 585 redonata
720 495 832 554 contra
854 497 994 554 mentem
1014 493 1242 571 benefactoris,
1294 495 1295 498 ’

223 613 294 662 eam
313 594 495 673 impendere
513 592 546 652 in
565 611 640 654 usus
659 590 777 654 alienos
796 611 815 654 a
833 592 897 654 fine
915 591 1085 671 praefinito,
1106 597 1152 653 est
1163 591 1243 672 jure

224 692 361 754 naturali
375 710 439 754 non
454 690 556 753 solum
571 690 728 766 illicitum,
745 691 801 752 sed
814 690 1000 751 invalidum.
1016 691 1242 753 Benefactores
1295 739 1296 758 ,

221 791 294 870 jure
319 795 526 870 quererentur
547 790 590 850 de
616 789 735 852 violata
759 788 822 850 fide
846 792 1031 868 pactorum3
1057 788 1174 869 aliique
1202 789 1244 849 ab
1295 773 1296 780 ἵ

224 889 331 952 auimo
345 888 485 950 donandi
499 887 644 950 Ecclesiis
658 891 884 950 averterentur.

284 988 322 1052 11.
339 990 372 1050 S.
387 987 534 1050 Pontifex
545 986 685 1048 habetin
696 986 782 1048 bonu
795 984 1008 1048 ecclesiastiea
1016 985 1069 1065 jus
1084 1005 1242 1067 supremae

223 1085 477 1167 dispensationis,
493 1083 525 1146 vi
539 1084 628 1164 cujus
642 1089 747 1163 potest
764 1101 804 1145 ea
820 1085 1001 1162 transferre,
1024 1085 1177 1162 alienare,
1192 1087 1242 1146 vel

224 1185 320 1246 etiam
339 1183 427 1246 laicis
443 1183 565 1256 cedere,
587 1183 715 1261 quando
741 1181 774 1242 id
800 1181 1012 1246 necessarium
1032 1182 1170 1261 judicat,
1196 1203 1243 1244 ra-

224 1283 310 1346 tione
324 1281 642 1345 circumstantiarum.
660 1281 693 1344 S.
714 1279 854 1342 Thomas
872 1279 905 1340 in
921 1297 958 1342 eo
973 1299 1068 1350 sensu
1082 1281 1173 1356 dixit,
1193 1301 1242 1342 res

225 1401 334 1446 omues
352 1379 581 1444 ecclesiasticas
599 1397 667 1441 esse
685 1378 718 1441 S.
740 1377 913 1453 Pontibus,
932 1397 997 1442 non
1015 1385 1052 1441 ut
1070 1380 1194 1441 domiui
1213 1385 1243 1441 et
1297 1375 1298 1388 .

225 1480 422 1561 possessoris,
434 1474 954 1560 sedutpmncipolisdicpensotoris.
974 1480 1007 1540 1⁰
1018 1477 1154 1554 Fideles,
1166 1478 1242 1538 dum

199 1627 201 1630 .
227 1578 347 1657 aliquid
368 1577 445 1638 dent
467 1575 624 1651 Ecclesiis,
649 1577 701 1638 vel
724 1575 936 1652 monasteriis,
966 1594 1031 1637 non
1055 1595 1097 1638 ea
1122 1577 1242 1638 donant

227 1676 259 1738 S.
281 1674 441 1750 Pontifioi;
457 1680 817 1754 praesumunturtamen
832 1674 1071 1750 consentirent,
1089 1674 1116 1735 si
1128 1693 1242 1753 urgens
1298 1737 1299 1740 ,

226 1773 393 1837 necessitas
419 1773 638 1853 postulaverit,
668 1773 700 1836 S.
723 1773 870 1836 Pontifex
891 1773 997 1834 valeat
1020 1773 1059 1834 de
1081 1773 1133 1834 bis
1151 1772 1240 1835 bouis
1298 1843 1299 1846 Ἴ

225 1877 362 1934 statuere
372 1891 380 1947 ;
392 1870 470 1933 alias
483 1872 642 1952 acceptari
654 1891 718 1934 non
727 1877 834 1951 posset
843 1870 991 1948 donatio;
1005 1871 1053 1932 ita
1071 1871 1157 1932 enim
1173 1889 1238 1932 rem

227 1969 375 2051 componi
400 1970 564 2050 postulant
584 1969 727 2050 regimen
745 1969 903 2045 Ecclesiae,
928 1988 1079 2050 suprema
1105 1974 1238 2049 potestas

224 2069 384 2132 inhaerens
398 2068 521 2131 Sanctae
543 2068 627 2143 Sedi,
650 2067 820 2132 necessitas
834 2068 997 2132 avertendi
1015 2067 1234 2149 periculaque

225 2169 379 2249 alioquin,
402 2169 436 2230 in
462 2169 653 2248 quibusdam
682 2167 818 2242 casibus,
846 2169 994 2247 religioni
1014 2168 1234 2230 imminerent.

226 2271 260 2330 2⁰
281 2268 335 2330 SS.
359 2266 526 2330 Pontifices
540 2266 602 2328 hoc
617 2267 691 2347 jure
716 2267 888 2329 identidem
909 2265 958 2328 usi
974 2271 1060 2342 sunt,
1076 2267 1154 2328 licet
1170 2284 1237 2326 cum

227 2383 350 2426 summo
370 2365 597 2427 moderamine.
612 2367 787 2440 Cesserunt,
804 2364 849 2426 ita
862 2364 1043 2445 postulante
1062 2370 1236 2444 tempomm

226 2464 422 2540 necessitate,
447 2469 553 2543 partes
578 2464 701 2544 aliquas
723 2465 882 2527 bonorum
905 2463 1053 2525 Ecclesiae
1078 2464 1237 2524 Romame.

226 2562 466 2624 Transtulerunt
483 2563 568 2624 bona
590 2561 631 2623 ab
654 2581 718 2624 uno
732 2562 876 2624 instituto
895 2561 1034 2640 regulari
1054 2561 1157 2642 quod,
1171 2560 1237 2640 jure

225 2677 280 2719 seu
293 2660 389 2734 facto,
405 2660 578 2722 extinctum
593 2660 706 2734 fueret,
734 2660 774 2720 ad
788 2660 891 2734 aliud3
908 2679 938 2722 v.
954 2678 1000 2738 g.,
1016 2660 1151 2740 quaudo
1166 2677 1235 2737 sup-

225 2774 333 2836 pressa
344 2762 391 2818 est
399 2757 510 2834 religio
527 2758 780 2838 Templariorum
797 2775 805 2818 :
822 2763 1076 2838 suppresserunt,
1097 2758 1141 2818 ad
1155 2775 1237 2818 men·

226 2861 290 2916 tem
311 2854 437 2916 concilii
456 2856 642 2934 Tridentini,
663 2855 824 2918 nonnulla'
837 2857 991 2918 beneflcio
1022 2857 1184 2937 simplicia
1203 2854 1238 2916 ad

225 2951 456 3035 providendum
473 2955 639 3025 ,erectioni
672 2954 915 3016 seminariorum
944 2961 976 3017 et
1002 2954 1235 3034 parochiarum.

225 3051 534 3114 Ronaeoclesiastica
546 3052 662 3133 injuste
677 3059 844 3132 occupata,
860 3059 892 3113 et
908 3052 1045 3114 invalide
1063 3052 1204 3114 alienata
1222 3068 1239 3108 a

225 3151 325 3229 laicis,
348 3155 509 3213 cesserunt
529 3151 720 3230 quandoque
744 3169 803 3230 pro
824 3151 910 3212 bono
931 3149 1031 3230 pacis,
1057 3154 1093 3210 ut
1119 3148 1237 3211 facilins

224 3250 425 3334 restituerent
454 3248 610 3311 Ecclesiae
637 3249 878 3328 tempestatibus
903 3247 1041 3328 politicis
1068 3247 1234 3327 collapsas,

225 3332 311 3428 quod
325 3350 444 3412 factum
459 3347 553 3409 fuisse
570 3347 690 3409 recenti
708 3352 802 3410 atate
821 3365 932 3408 omnes
953 3351 1079 3407 norunt.
1102 3348 1171 3408 Hoc
1187 3363 1236 3405 au·

225 3451 300 3522 tem,
323 3446 398 3526 quin
418 3445 487 3508 fieri
507 3445 647 3526 legitime
671 3446 825 3536 potuerit,
846 3464 939 3507 nemo
958 3446 1042 3506 inter
1067 3444 1238 3506 catholicos

227 3543 418 3606 dubitabile

273 3684 296 3730 t.
314 3679 352 3730 Gf.
367 3682 477 3732 Litteras
495 3681 656 3745 apostolicas
673 3681 806 3733 Benedicti
823 3683 878 3734 XIV
895 3682 929 3734 ed
945 3682 1093 3748 Episcopos
1114 3681 1232 3736 directas,

229 3755 293 3806 Cum
307 3756 568 3820 encyclicos'liltems,
581 3772 624 3812 aa.
638 3761 708 3822 tres,
723 3761 758 3811 ul*
774 3761 798 3821 3,
812 3761 834 3821 4,
850 3762 872 3810 5.
