2632 4260
280 243 348 292 snr.
370 244 418 292 111.
441 243 657 293 oenrcsrmuns
676 244 878 294 cennrconurr.
954 233 959 244 '
1052 241 1085 296 6³

128 359 198 420 351.
214 394 256 404 —
269 363 309 422 11⁰
327 359 433 422 Utrum
449 370 478 422 et
491 371 637 442 quotenos
650 361 744 442 pectre
757 380 858 422 rerum
873 362 1082 446 temporalium

74 457 198 517 oleorum
214 459 379 541 ricterdictu
390 460 429 520 sit
443 457 578 522 clericis?

125 556 289 633 Eugenius
305 559 395 637 Papa
414 557 575 636 rescripsit
592 557 748 636 Episcopo
768 559 969 620 Lucanensi:
990 583 1004 615 u
1022 561 1081 624 Sa·

74 653 278 714 «cerdatibus
298 659 330 716 et
352 655 473 716 clericis
492 655 555 716 tuis
575 656 740 716 denunties
772 655 909 736 publice,
940 675 980 718 ne
1022 657 1083 717 lai-

73 769 204 812 ucorum
227 752 365 813 ministri
384 753 473 829 fiant,
489 771 546 814 nec
565 753 599 813 in
614 753 707 814 rebus
727 771 837 814 corum
858 759 1081 834 procuratores

71 848 241 909 «existant
267 875 283 904 »
311 851 349 910 at
368 851 548 912 Alexander
570 852 612 912 ΙΙΙ
632 852 665 910 in
689 850 823 912 concilio
845 853 1049 913 Lateranensi
1073 871 1080 912 ε

73 971 86 1000 «
100 947 158 1006 Nec
171 948 416 1024 procurationes
428 949 587 1023 villarum,
600 954 656 1010 aut
661 948 897 1026 jurisdictiones
910 950 1008 1010 etiam
1022 967 1079 1012 sae·

71 1067 85 1099 u
99 1043 218 1106 culares
238 1047 298 1108 sub
319 1047 478 1127 aliquibus
499 1047 697 1127 principibus
718 1052 749 1107 et
768 1047 972 1110 saecularibus
993 1047 1079 1122 virle,

73 1165 85 1196 e
97 1147 130 1201 ut
135 1143 329 1222 justitiarius
342 1145 471 1206 illorum
481 1146 547 1220 liat,
560 1145 746 1206 clericorum
756 1145 923 1224 quisquam
934 1163 1081 1208 exercere

73 1263 84 1292 r
96 1248 280 1317 praesumat.
302 1243 336 1306 Si
352 1243 420 1323 quis
436 1249 543 1305 autem
557 1243 707 1304 adversus
727 1243 795 1304 haec
809 1243 918 1304 venire
935 1247 1080 1304 tentave-

75 1338 142 1411 orit,
158 1339 236 1418 quia
249 1346 362 1402 contra
371 1342 550 1404 doctrinam
561 1341 705 1420 Apostoli
719 1340 852 1401 dicentis
867 1359 874 1401 :
889 1339 985 1402 Nemo
997 1339 1076 1400 mili-

72 1435 240 1498 «tetralice
263 1438 397 1520 cinplt'cut
411 1459 442 1501 ee
458 1439 596 1521 occonis,
613 1438 807 1500 saeculariter
825 1438 901 1516 agit,
919 1439 959 1498 ab
976 1438 1076 1500 accle-

75 1551 85 1584 o
97 1531 220 1596 siastico
238 1535 295 1597 fiat
308 1538 483 1599 ministerio
499 1537 634 1612 alienus;
652 1554 710 1616 pro
726 1537 874 1616 eoquod,
892 1534 997 1597 afficio
1014 1535 1078 1596 cle-

73 1653 84 1684 «
97 1631 179 1692 ricali
194 1635 356 1712 neglecto,
371 1637 519 1706 fluctibus
532 1635 651 1709 saeculi,
666 1639 701 1695 ut
716 1631 927 1715 potestatibus
940 1633 1076 1714 placeat,

76 1747 87 1784 ιι
98 1746 125 1788 se
137 1729 313 1810 immergit.
325 1757 341 1790 »
358 1735 447 1814 (Cap.
460 1732 686 1810 Sacerdotibus,
698 1735 734 1808 2;
753 1731 819 1793 Sed
828 1750 890 1806 nec,
908 1734 937 1808 l,
953 1747 992 1791 ua
1006 1731 1078 1792 Cau·

71 1825 166 1906 eru...)
184 1830 323 1909 Insuper
335 1831 488 1904 insertum
503 1836 550 1892 est
562 1831 595 1890 in
608 1829 690 1891 libra
700 1827 911 1890 Decretalium
922 1832 1078 1888 statutum
1146 1859 1147 1864 κ

73 1924 181 1984 concilii
193 1927 454 2008 Carthaginensis
469 1948 532 2008 quo
551 1927 680 1990 asseris
696 1927 860 1989 ordinibus
874 1929 1077 1988 removentur

72 2029 292 2099 procuratores,
310 2032 444 2102 actores,
461 2032 658 2101 executores,
679 2043 735 2089 seu
755 2023 1076 2104 curatores'pupillo-

72 2134 139 2192 rum,
153 2123 209 2200 qui
222 2141 302 2184 onus
313 2143 378 2186 non
389 2125 603 2205 deposuerint,
618 2143 675 2185 nec
690 2121 858 2184 ratiocinia
866 2121 1073 2211 reddiderint.

72 2212 145 2295 (Gap.
158 2218 303 2301 Mauros,
320 2239 358 2284 un
373 2224 539 2286 Occurres
553 2240 594 2284 nn
608 2237 820 2284 carrocium...
838 2219 893 2280 lib.
909 2220 922 2279 l
936 2217 1074 2298 Decret.)

119 2315 178 2375 Lex
192 2319 324 2379 concilii
334 2321 482 2398 Carthag.
497 2320 616 2381 inserta
627 2320 659 2379 in
674 2319 810 2397 Corpore
819 2315 900 2394 juris
911 2333 976 2376 non
990 2319 1076 2376 vetat

71 2409 132 2485 quin
153 2414 288 2476 clericus
303 2417 454 2498 suscipiat
467 2417 601 2478 tutelam
619 2416 771 2496 parentia,
793 2419 849 2475 aut
863 2430 977 2500 ¹curam
992 2430 1073 2492 pau·

71 2523 176 2582 perum.

107 2607 191 2678 Quod
211 2613 253 2674 ad
265 2613 390 2693 majora
402 2613 509 2675 officia
525 2613 558 2674 in
572 2611 785 2692 legationibus
798 2614 830 2671 et
842 2608 970 2689 publico
987 2607 1071 2686 regi-

72 2709 140 2770 mine
159 2716 295 2792 spectat,
315 2712 478 2791 Principes
492 2709 642 2772 catholici
659 2707 829 2790 saepissime
852 2707 901 2768 usi
920 2711 993 2766 sunt
1015 2705 1071 2764 mi-

72 2806 186 2870 nisterio
206 2810 392 2871 clericorum
411 2829 491 2889 quus
508 2810 548 2870 ad
568 2808 636 2870 haec
652 2805 780 2886 publica
793 2804 922 2884 negotia
939 2803 1072 2866 idoneos

71 2908 256 2984 reputabant,
274 2926 332 2968 nec
352 2907 612 2970 existimaverunt
632 2905 806 2986 quidquam
820 2903 854 2962 in
870 2920 907 2962 eo
925 2901 1070 2962 commit-

71 3003 121 3062 tere
143 3010 255 3066 contra
283 3011 408 3068 sanctos
432 3023 569 3080 cananes
595 3010 626 3066 et
649 3009 789 3068 mentem
817 2999 975 3062 Ecclesiae.
1006 3001 1070 3060 Nec

71 3099 149 3161 ctiam
161 3103 354 3164 contrarium
365 3103 538 3183 disciplinae
555 3102 715 3164 canonica
726 3100 918 3161 arbitramur
931 3097 957 3156 si
965 3094 1072 3156 clerici

71 3199 188 3260 comitiis
209 3201 454 3280 municipiorum
477 3207 532 3263 aut
552 3199 724 3280 provinciae
743 3195 954 3271 interfuerint,
971 3192 1068 3252 modo

72 3309 120 3354 non
133 3305 296 3359 assumant
308 3301 483 3378 gestionem
496 3318 603 3361 rerum
613 3295 850 3378 temporalium,
866 3311 924 3354 nec
936 3295 1068 3352 catero-

71 3393 132 3467 qoin
151 3397 252 3457 desint
274 3397 387 3458 officiis
409 3399 545 3477 propriis
567 3397 616 3458 sui
636 3400 748 3457 status.
773 3393 864 3454 Ratio
887 3396 1068 3469 temporum

73 3495 245 3573 quandoque
266 3496 414 3556 sr‘radebit
427 3496 589 3578 ¹abstinere
605 3515 623 3556 a
639 3494 721 3556 curis
736 3489 882 3572 publiciS,
900 3493 931 3549 et
945 3486 1066 3566 primo-

72 3603 126 3648 rum
149 3599 314 3678 pastorum
341 3593 553 3672 erit'regulas
579 3611 657 3673 quas
684 3589 832 3670 expedire
854 3583 1067 3664 judicaverint

72 3691 272 3766 prescribere3
289 3695 377 3753 extra
391 3712 466 3754 vero
480 3711 570 3756 casus
585 3689 802 3770 particulares,
820 3691 851 3747 et
866 3685 987 3746 seclusa
1000 3699 1066 3762 spe-
