2582 4278
203 303 270 351 Aur.
291 302 326 350 11.
350 297 591 349 curvantium
609 299 666 349 ΙΙΙ]
685 299 858 348 sonuum.
990 293 1041 350 103

49 419 263 496 recordationis,
280 419 321 479 ad
335 418 463 479 illorum
478 417 815 498 postulatorespoudit
836 433 844 479 z
866 437 881 476 u
952 419 1043 480 Hauc

49 546 60 577 ιι
77 539 124 580 vos
138 507 292 578 rationein
307 515 417 590 secuti,
430 515 464 575 id
478 514 597 594 egistis,
613 516 697 594 qnod
712 515 753 576 ab
768 515 907 594 antiquis
920 520 1043 596 tempo·

49 644 60 674 ιι
76 618 153 678 ribus
174 615 370 676 consuetudo
394 612 530 688 induxit,
556 613 706 693 quodque
731 613 838 674 dehita
862 613 937 674 huic
968 613 1043 678 Sodi

49 742 60 771 ιι
76 713 243 775 reverentia
262 717 293 773 et
308 710 511 772 observantia
530 710 646 772 merito
665 710 774 789 exigit.
796 713 874 774 Gom
893 711 979 772 euim
1000 711 1042 773 ad

49 837 60 868 ιι
76 817 155 874 Rom.
182 809 373 884 Pontifices,
399 828 457 887 pro
494 809 615 870 credito
649 808 726 888 ipsis
761 809 858 870 officii
897 827 1040 884 munere,

47 935 58 967 ιι
75 909 202 969 maxime
223 907 383 987 pertineat
403 906 500 967 fidem
525 905 717 967 catholicam
746 907 839 982 tueri,
860 912 1042 986 sanctaque

49 1032 59 1066 ιι
75 1006 133 1086 ejus
159 1005 312 1066 doctrinae
348 1005 508 1082 integrum
539 1004 718 1083 depositum
755 1004 1043 1084 intemeratumque

48 1132 57 1158 ιι
74 1103 232 1176 custodire,
247 1119 360 1163 eorum
375 1119 502 1182 quoque
517 1119 583 1162 esse
605 1100 701 1162 dehet
720 1117 883 1162 sacrarum
903 1101 1042 1182 discipli·

18 1269 19 1280 ,
50 1227 59 1259 ιι
75 1219 176 1262 numm
191 1217 265 1281 quae
282 1200 408 1280 publice
426 1201 459 1260 iu
480 1199 740 1261 universitatibus
755 1200 935 1274 traduntur,
952 1200 1042 1262 insti·

48 1325 57 1354 ιι
74 1301 179 1361 tionem
205 1299 376 1361 moderari.
401 1299 506 1378 Atque
529 1299 598 1360 hac
617 1315 713 1360 causa
734 1297 793 1360 fuit
812 1317 871 1360 cur
893 1297 1044 1360 catholici

49 1425 58 1452 ιι
74 1397 158 1458 etiam
170 1396 348 1477 principes,
361 1414 433 1457 cum
455 1397 494 1457 de
507 1394 665 1475 ejusmodi
681 1396 919 1458 academiarum
931 1395 1044 1456 studiis

48 1521 57 1550 ιι
75 1495 238 1556 statuendis
247 1495 436 1573 cogitarent,
450 1494 666 1574 Apostoliosm
675 1495 790 1557 Sedem
803 1493 1041 1567 consulendam,

51 1617 61 1651 ι
76 1594 192 1673 ejusque
201 1593 426 1654 auctoritatem
444 1591 673 1672 exquirendam
688 1591 847 1654 duxerint.
864 1592 944 1652 Hinc
958 1591 1042 1653 uele-

49 1717 58 1744 «
73 1691 177 1752 hriores
191 1691 449 1772 illustrioresque
471 1690 712 1766 Universitates,
739 1707 804 1752 non
829 1689 890 1750 uisi
913 1707 953 1751 ex
974 1707 1044 1752 seu·

51 1815 60 1842 ι
75 1789 161 1851 tentia
176 1793 208 1851 ct
224 1807 359 1850 asserum
379 1789 521 1850 nure.
547 1789 744 1866 constitutas,
760 1788 954 1866 &amasimae
978 1787 1046 1849 illa·
1152 1865 1154 1868 .

52 1907 61 1943 ι
74 1905 133 1947 rum
146 1885 290 1950 historioe
304 1886 498 1966 amplissime
511 1891 678 1948 testantur.
699 1909 714 1942 ιι

90 1985 264 2047 tta-11·
288 1984 446 2060 Quodnam
468 1985 508 2045 st't
526 1985 660 2066 repensa
676 1984 922 2046 ‘Universitutum
943 1985 976 2044 in
990 2001 1042 2064 qe·

49 2080 120 2145 nee?

89 2179 218 2260 Singulae
233 2179 460 2244 Universitstes
474 2197 532 2241 sua
556 2179 730 2259 peculiaria
751 2184 870 2242 statuta
893 2180 978 2241 habe
986 2183 1042 2240 nt:

48 2279 167 2356 quedam
181 2285 294 2342 tamen
309 2283 382 2340 sunt
401 2279 548 2342 omnibus
561 2279 753 2353 communie,
776 2295 847 2359 quae
865 2279 906 2339 ad
921 2278 1045 2338 soluen-

47 2375 305 2458 dampropositam
318 2377 527 2457 questionem
541 2376 655 2457 paucis
669 2393 829 2456 exponere
845 2393 972 2437 necesse
984 2381 1043 2453 est,

47 2490 73 2532 er
83 2472 114 2534 iis
125 2475 308 2554 praesertim
324 2491 394 2554 quse
405 2475 446 2536 ad
460 2474 605 2553 regimen
620 2476 766 2554 generale
784 2474 1042 2549 Universitatum‚

47 2571 74 2630 ad
96 2573 287 2652 professores
315 2572 501 2634 facultatum
522 2578 554 2634 et
583 2573 623 2634 ad
652 2572 856 2634 collationem
885 2572 1043 2649 paduam

47 2668 214 2732 referuntur.

90 2765 111 2826 l.
125 2767 159 2827 ln
182 2767 297 2848 quavis
318 2767 529 2829 Universitate
550 2767 691 2829 numeris
711 2768 859 2829 omnibus
885 2767 1043 2842 absoluta,

47 2867 100 2922 sunt
118 2864 418 2944 plures-facultates
445 2871 481 2926 ut
503 2865 664 2927 auditores
686 2865 809 2945 possint
835 2865 990 2946 proficere
1012 2865 1046 2925 in

47 2960 529 3044 ouuidisuiplinarumvarietate,
548 2963 853 3042 quiqueprimorum
866 2963 1045 3024 studiorum

47 3073 149 3120 cusum
176 3061 385 3142 expleverint,
407 3061 682 3142 opportunitatem
700 3061 841 3123 habeant
859 3059 1047 3144 acquirendi

48 3154 216 3220 uberrimam
235 3159 450 3239 coguitionem
465 3159 682 3220 doctrinarum
697 3159 811 3239 quibus
822 3159 890 3239 jam
906 3179 938 3219 se
954 3175 1047 3220 arco.

48 3248 159 3318 luerunt.
168 3259 249 3320 Sunt
260 3258 435 3337 praesertim
444 3257 612 3319 facultates
620 3257 808 3333 litterarum,
821 3255 1045 3337 philosophie,

50 3347 443 3433 theologiae,ju1iscauonici
451 3354 601 3431 etcivilis,
621 3352 1047 3432 modico-chirurgiae,soieu·

49 3442 141 3510 lamm
154 3451 333 3514 matheseos
361 3457 392 3514 et
409 3452 563 3534 physicae.
585 3452 726 3530 Singulae
751 3457 859 3512 autem
880 3451 1047 3513 facultates

51 3539 146 3609 hahent
166 3555 215 3612 tot
229 3551 397 3614 cathedras
412 3557 490 3631 quot
512 3551 609 3613 uariis
627 3547 771 3630 partibus
794 3549 933 3610 scientiae
955 3548 1047 3610 sufii—
1103 3573 1106 3579 ·

49 3655 101 3703 cere
112 3648 241 3725 possint,
257 3669 287 3710 v.
306 3667 336 3728 g.
353 3666 362 3710 z
379 3649 515 3711 facultas
537 3648 710 3726 theologia
729 3646 954 3725 complectitur
977 3651 1046 3708 stu·

50 3736 433 3830 componendamque,
451 3747 631 3811 divinarum
651 3745 898 3826 seripturarum,
919 3744 1048 3808 theolo-
