2568 4272
121 253 191 302 Aur.
212 253 267 302 VII.
287 253 470 302 lucroulras
489 254 696 304 nrisooronun
717 256 749 303 IN
770 256 959 304 anduinum.
998 249 1049 303 325

37 370 173 448 casibus,
189 370 243 450 qui
260 371 300 430 ad
315 371 572 450 pradicationem
585 372 673 433 verbi
690 372 798 446 divini,
814 374 934 434 cultum
948 365 1053 452 publi·

38 487 125 545 cum,
157 473 427 528 sacramentorum
454 469 736 548 dispensationem,
766 475 839 543 eta,
869 475 1051 550 spectant...

40 590 54 622 α
75 566 303 646 quoquomodo
320 567 548 646 delinquentes,
565 566 688 647 quoties
706 573 737 630 et
752 569 878 646 quando
894 587 973 647 opus
989 569 1047 629 lue-

41 689 54 718 «
74 664 126 737 rit,
143 663 241 724 etiaim
253 668 343 724 extra
354 664 576 740 visitationem,
589 683 646 744 per
657 683 804 726 censuras
815 665 1052 740 ecclesiasticas,

39 784 54 817 a
75 761 219 841 aliasque
238 781 361 840 planas,
384 763 430 823 uti
452 763 483 823 S.
506 763 595 825 Sedis
614 763 763 842 delegati,
784 764 965 843 procedere,
987 783 1055 824 om·

40 883 54 915 «
75 877 214 940 nemque
225 860 477 940 jurisdictionem
491 860 762 923 exercerevalent.
773 887 788 916 »
807 862 923 942 (Const.
939 861 1076 924 Insere-1

39 957 125 1018 tubilz'
137 959 282 1036 Gregorii
295 957 373 1039 XV.)

94 1055 187 1126 Quod
202 1057 229 1116 si
239 1057 330 1131 forte,
343 1057 428 1136 quod
440 1057 531 1131 absit,
547 1057 714 1134 eontigerit
725 1057 863 1137 aliquem
877 1059 1056 1136 regularem

37 1153 198 1234 insurgere
212 1157 322 1216 contra
331 1155 523 1234 Episcopum
535 1155 568 1215 in
581 1155 711 1234 propria
722 1155 858 1229 dioecesi,
874 1156 1054 1229 maledicto,

39 1251 155 1330 scripto
170 1253 223 1313 vel
237 1251 332 1324 dieto,
349 1253 394 1313 ita
406 1252 529 1314 notorie
544 1252 629 1333 quod
643 1254 764 1332 populo
778 1253 927 1314 seandalo
942 1253 992 1328 sit,
1007 1273 1056 1314 su-

39 1349 143 1428 perior
166 1351 321 1429 ragularis
344 1357 479 1424 tenetur,
503 1350 640 1412 instante
665 1351 833 1430 Episcopo,
856 1356 951 1429 atque
973 1352 1057 1412 Intra

39 1451 164 1526 tempus
186 1449 229 1508 ab
253 1467 289 1508 eo
309 1449 551 1527 praeligendum,
573 1448 684 1527 punire
707 1465 815 1509 severe
840 1467 933 1528 suum
952 1447 1057 1509 subdi-

40 1549 113 1618 tum,
136 1551 170 1606 et
184 1547 231 1621 ‚de
252 1546 416 1625 punitione
433 1546 625 1626 Episcopum
646 1546 813 1607 certiorem
833 1548 956 1620 faeere;
982 1545 1057 1608 allo·

39 1643 111 1720 quin
128 1644 198 1722 ipse
215 1645 389 1723 Episcopus
407 1663 496 1704 reum
517 1645 628 1722 punIre
645 1645 762 1724 poterit
777 1644 817 1705 ad
834 1644 1055 1723 praeserIptum

40 1741 163 1802 concilii
179 1742 365 1820 Tridentini,
380 1761 454 1802 sess.
471 1761 544 1818 xxv,
562 1761 631 1822 cap.
644 1759 705 1804 xiv.
724 1743 756 1803 Si
769 1743 921 1821 praelatus
934 1742 1056 1820 regula·

42 1838 89 1913 rIs,
104 1841 225 1900 nedum
243 1841 276 1899 in
295 1859 387 1900 suum
403 1841 565 1901 sudetum
580 1840 846 1915 anImadverterit,
865 1859 936 1901 eum
952 1841 1054 1919 impu·

41 1936 136 1997 ultum
155 1939 363 1999 transmiserit
378 1939 418 1999 ad
433 1939 496 1999 alia
514 1938 585 2000 loca
599 1939 648 1998 sui
667 1938 785 1999 ordinis
800 1943 889 1999 extra
906 1939 1054 2018 Episcopi

42 2031 210 2109 dioecesim,
238 2040 373 2108 tenetur,
393 2037 451 2097 sub
471 2035 663 2114 gravissimis
678 2035 790 2114 poeniS,
808 2036 987 2114 regularem
1001 2037 1054 2097 de-

41 2128 233 2210 linquentem
249 2152 265 2193 e
284 2134 354 2194 loeo
375 2135 528 2212 adquem
548 2133 750 2194 transmissus
769 2134 828 2194 fuit
844 2151 1005 2207 revocare,
1024 2139 1056 2195 et
1135 2157 1137 2172 ¹

41 2226 69 2286 in
91 2229 200 2291 locum
221 2231 277 2291 ubi
297 2232 431 2310 deliquit
452 2231 656 2292 constituere.
676 2255 692 2288 «
714 2232 804 2304 Quod
828 2232 853 2291 si
877 2232 938 2292 hoo
960 2230 1056 2291 etiarn

43 2347 57 2379 n
75 2327 181 2388 facere
199 2329 447 2408 praetermiseriI,
464 2330 562 2391 edixit
581 2330 724 2392 Clemens
738 2330 818 2403 VIII,
836 2329 1003 2389 statuimus
1022 2335 1057 2388 ut

44 2444 57 2476 r
77 2423 263 2486 Ordinarius
278 2426 340 2486 loci
358 2428 398 2488 ed
414 2445 509 2506 quem
525 2427 680 2505 regularis
696 2427 882 2506 delinquens
894 2425 1056 2487 transmis-

44 2541 59 2577 o
77 2541 129 2582 sus
148 2525 252 2597 fuerit,
271 2525 397 2603 abipso
417 2525 582 2586 Ordinario
597 2526 659 2586 loci
672 2525 706 2585 in
721 2543 783 2604 quo
802 2525 934 2604 deliquit
951 2524 1056 2604 requi-

43 2639 56 2671 «
77 2620 171 2696 sltus,
194 2621 246 2680 vel
267 2622 344 2682 alias
370 2623 409 2683 de
426 2614 512 2684 illius
534 2623 648 2684 delicto
671 2623 875 2697 informatus,
901 2629 1054 2702 tanquam

43 2738 57 2768 «ι
77 2717 166 2778 Sedis
176 2719 364 2797 Apostolicae
377 2721 551 2798 delegatus
561 2721 749 2800 pradictum
758 2721 883 2782 concilii
891 2719 1054 2782 'decretum

44 2835 57 2867 α
77 2817 207 2877 omnino
227 2819 367 2897 exsequi,
388 2825 420 2880 et
440 2819 667 2898 irregularem
691 2819 927 2898 delinquentem
947 2837 1055 2881 severe

44 2932 57 2963 «
77 2913 328 2976 animadvertere
348 2916 449 2995 possit
463 2922 494 2978 et
508 2918 632 2978 debeat.
650 2938 664 2975 u
690 2918 808 2997 (donst.
829 2917 1054 2998 Susceptimo·

42 3011 126 3083 oeric,
143 3031 196 3074 an.
215 3013 319 3093 1596.)

97 3105 167 3165 497.
191 3141 232 3150 -
253 3111 426 3189 Regulares
450 3131 586 3190 quorum
609 3113 723 3173 domus
746 3132 810 3173 non
835 3113 1056 3178 est.canonice

43 3202 225 3282 constituta,
246 3207 311 3267 siue
329 3210 415 3288 quod
430 3210 511 3271 desit
525 3229 677 3274 numerus
692 3216 874 3290 competens
893 3211 1055 3288 religioso-

44 3314 120 3374 rum,
135 3301 199 3362 sive
218 3305 305 3381 quod
325 3311 452 3368 servata
468 3327 532 3368 non
549 3309 590 3368 sit
607 3309 710 3369 forma
724 3309 901 3368 neccssaria
918 3308 958 3368 ad
974 3325 1057 3367 eree-

44 3394 155 3458 tionem
178 3400 347 3463 domorum
366 3405 603 3483 religiosarum,
623 3425 687 3466 non
706 3403 872 3491 'potiuntur
891 3403 1057 3484 privilegio

44 3497 246 3575 exemptionis
258 3519 276 3559 a
281 3499 502 3577 jurisdictione
517 3503 673 3582 Episcopi.
688 3503 735 3582 (n⁰
748 3503 819 3576 tle,
837 3507 860 3566 t.
876 3504 955 3582 ll,p.
972 3500 1058 3581 233.)

96 3595 169 3657 Haec
184 3614 256 3656 oum
270 3598 316 3658 ita
324 3599 391 3667 sint
403 3586 585 3674 constituta,
601 3602 760 3680 exemptio
774 3601 965 3680 regularium
979 3599 1059 3660 nihil

43 3685 173 3763 amplius
192 3686 290 3745 hahet
310 3689 395 3765 quod
410 3689 625 3768 jurisdictioni
643 3699 872 3778 Episcoporum
891 3701 1059 3760 adversum

142 3831 217 3864 rur..
232 3833 283 3864 iux.
298 3832 352 3867 cnr.
366 3835 393 3869 11.
885 3819 917 3872 19

1268 139 1271 186 t

1270 209 1271 268 l
