2642 4268
235 251 288 308 488
501 260 575 310 PARS
594 261 640 310 lll
659 255 1012 313 emaculatissime

229 375 297 440 tulo
313 349 627 460 scilicatllpiscopali,
636 377 850 450 nondioecesi,
858 375 1189 456 donatacenseautur.
1202 368 1255 430 Ti·
1308 437 1310 468 ὲ

233 474 318 536 tulus
331 475 525 557 Episcopalis
537 477 636 539 babet
647 476 846 543 existentiam
860 472 1001 548 civilem;
1019 491 1060 534 an
1074 489 1150 532 vero
1167 469 1257 530 dioe·
1308 451 1310 538 i

233 572 322 646 cesis,
341 592 362 634 a
379 592 436 636 suo
457 574 604 637 Antistite
622 579 858 662 repraesentata,
875 569 1005 652 agnosci
1021 569 1118 632 etiam
1132 567 1259 629 debeat

232 675 279 732 utl
293 690 429 751 persona
440 674 580 752 moraliS,
593 675 720 756 aptaad
730 671 970 754 acquirendum,
982 668 1101 730 nonita
1110 671 1255 728 constat.

231 769 459 832 Affirmabatur
476 772 586 852 paucis
602 771 719 858 abbipc
734 772 825 848 annis
840 790 859 832 a
874 768 1008 832 concilio
1023 771 1136 838 status,
1152 763 1257 826 hodie

231 872 375 946 negatur,
393 875 424 930 et
436 869 471 930 in
485 888 522 932 eo
536 889 631 938 sensu
647 871 856 956 deliberatum
871 874 903 930 et
915 867 1055 929 decisum
1070 863 1129 924 luit
1141 881 1256 924 recen·

231 964 305 1040 tius,
322 965 373 1028 die
390 967 427 1029 ll
443 968 560 1044 martii,
577 989 629 1030 an.
650 970 739 1060 ilitio.

290 1064 326 1124 ln
340 1065 452 1126 eodem
464 1083 557 1128 sensu
571 1067 783 1148 probabiliter
793 1064 1006 1128 declarabitur
1018 1063 1058 1125 de
1071 1060 1255 1142 capacitate

231 1160 316 1222 civili
328 1155 523 1226 fabricarum
534 1166 778 1245 parochialium,
791 1183 861 1246 quae
871 1162 964 1244 juxta
977 1163 1066 1242 leges
1078 1165 1164 1240 aptae
1177 1163 1256 1220 sunt

230 1258 272 1321 ad
285 1261 513 1340 acquirendum
532 1263 618 1329 bona
635 1282 706 1344 quae
719 1263 818 1328 cultui
830 1261 958 1344 publico
970 1258 1134 1344 parochiae
1144 1257 1251 1318 inser-

230 1356 333 1434 viant;
343 1359 398 1420 sed
408 1360 523 1440 quibus
535 1362 617 1424 torte
626 1361 835 1446 denegabitur
843 1360 978 1422 facultas
987 1354 1177 1438 acquirendi
1190 1371 1252 1434 pro

230 1454 414 1519 fundatione
433 1459 625 1536 scholarum,
642 1461 693 1546 vel
709 1461 805 1524 etiam
819 1478 877 1542 pro
893 1455 1111 1524 sublevamine
1126 1471 1252 1534 paupe·

187 1617 188 1622 ,
230 1571 317 1630 vum;
332 1557 475 1634 quamvis
491 1558 628 1622 maxime
643 1564 891 1644 consentaneum
899 1557 939 1618 sit
949 1553 1114 1638 principiis
1125 1555 1252 1614 veraeet

230 1657 380 1736 sapientis
394 1659 563 1737 libertatis,
577 1668 613 1724 ut
622 1663 730 1743 fideles
746 1662 868 1742 possint
881 1658 1101 1740 unusquisque
1114 1672 1174 1736 pro
1190 1669 1248 1714 suo

229 1755 359 1820 arbitrio
373 1758 492 1822 donare
507 1760 549 1822 ad
563 1761 792 1843 consulendum
801 1755 1152 1824 variisneeessiratibus
1168 1753 1247 1814 dioe-

230 1855 308 1916 cesis
323 1861 356 1916 et
369 1874 434 1920 suae
449 1859 645 1937 parochiae¹.
708 1887 710 1894 ·
1309 1851 1310 1858 '

289 1956 323 2014 2⁰
337 1955 469 2019 Necesse
483 1963 530 2018 est
539 1963 575 2019 ut
589 1956 730 2034 donatio,
746 1977 800 2020 seu
812 1957 931 2039 quavis
945 1955 1010 2018 alia
1024 1950 1189 2032 acquisitio
1206 1947 1244 2009 ti-

228 2051 295 2113 tulo
308 2071 452 2130 oneroso,
467 2057 672 2135 approbetur,
688 2057 775 2136 quod
790 2057 828 2117 de
840 2053 1069 2126 immobilibus,
1087 2050 1122 2111 dc
1139 2047 1239 2110 censi-

228 2150 286 2212 bus
301 2152 414 2214 annuis
432 2158 464 2214 et
482 2155 521 2216 de
539 2155 616 2235 ipsis
632 2141 725 2221 bonis
738 2154 908 2231 mobilibus
927 2148 1168 2230 intelligendum
1181 2151 1241 2220 est,

228 2249 252 2308 si
264 2249 422 2313 donentur
430 2257 503 2314 actu
516 2246 711 2318 authentico.
724 2252 869 2314 Edictum
879 2251 1002 2328 regium
1012 2251 1032 2310 2
1043 2246 1156 2328 aprilis
1166 2245 1242 2304 l8l'l

227 2346 287 2408 fert
308 2365 316 2408 :
341 2374 355 2403 «
372 2349 430 2410 Les
446 2350 648 2430 dispositione
674 2350 841 2414 entre-viis
859 2368 901 2411 ou
917 2367 977 2429 par
1006 2349 1182 2408 testament
1205 2341 1245 2402 de

229 2467 244 2501 ι(
263 2445 351 2508 bians
371 2449 513 2510 meubles
531 2455 563 2511 et
581 2450 778 2526 immeublas‚
801 2468 842 2512 au
860 2447 957 2528 profit
970 2448 1026 2509 des
1042 2443 1171 2524 aglaes,
1190 2439 1246 2500 des

230 2565 246 2600 (ι
265 2546 475 2610 archevecbes
497 2554 528 2609 et
551 2549 695 2630 tvtabes,
718 2549 772 2610 des
796 2546 972 2628 chapitres,
989 2545 1044 2606 des
1065 2538 1187 2621 grands
1215 2543 1246 2598 et
1308 2611 1309 2636 χ

229 2664 245 2708 (ι
265 2645 561 2724 petitsstminaires,
577 2648 738 2713 descurcs
750 2653 781 2710 et
796 2648 851 2718 des
864 2643 1069 2718 succursales,
1079 2641 1141 2704 des
1151 2637 1244 2702 labri·
1308 2637 1309 2673 l

230 2765 245 2797 (ι
264 2760 352 2822 ques,
369 2744 423 2806 des
443 2765 588 2825 pauvres,
606 2747 662 2808 des
676 2746 830 2825 bospices,
847 2752 940 2808 etan
959 2741 1090 2822 general
1111 2740 1153 2800 de
1174 2741 1245 2798 tout

232 2862 246 2896 (ι
267 2841 501 2904 etabbssement
520 2845 653 2908 d'utib'te
666 2845 849 2925 publique
844 2849 876 2905 at
890 2845 930 2906 de
944 2847 1033 2904 toute
1049 2837 1242 2902 association

110 3003 118 3026 χ
229 2961 245 2994 (ι
259 2940 424 3018 religieuse
436 2960 599 3004 reconnus
596 2945 704 3027 paria
716 2944 770 3018 loi,
784 2945 1063 3023 neponrrontetrc
1074 2937 1240 3037 acceptam

175 3027 180 3046 ¹
229 3059 245 3093 ((
265 3039 316 3118 qu'
319 3043 411 3118 apres
423 3041 511 3102 avoir
525 3043 646 3102 etet
590 3060 631 3105 au
633 3042 762 3104 torisees
777 3061 848 3124 par
845 3045 943 3116 Nous,
960 3042 990 3103 le
1004 3038 1123 3105 conseil
1138 3023 1240 3100 dlitat
1307 3023 1308 3052 ¹

228 3158 244 3192 u
263 3138 412 3216 entendu,
427 3144 459 3200 et
483 3157 536 3200 sur
561 3139 651 3203 l'avis
673 3141 844 3220 prealuble
857 3142 896 3204 de
918 3158 976 3202 nos
997 3139 1114 3220 prelets
1137 3142 1169 3198 et
1188 3136 1240 3196 des

229 3258 244 3292 ι(
260 3240 406 3316 evaques,
423 3239 548 3302 suivant
559 3238 606 3307 les
620 3239 723 3302 divers
739 3259 803 3304 cas.
821 3239 1057 3320 ¹b'acceptution
1087 3236 1144 3300 des
1163 3237 1239 3298 dous

231 3354 246 3391 (ι
260 3353 301 3394 ou
322 3335 390 3414 legs
409 3355 449 3398 en
467 3342 581 3416 argent
590 3353 636 3400 ou
654 3338 756 3416 objets
779 3338 940 3407 mobiliers
963 3337 1153 3423 nfexcedant
1184 3355 1239 3417 pas

228 3455 243 3491 (ι
259 3432 335 3494 trois
343 3441 430 3496 cents
442 3435 546 3498 francs
555 3453 627 3505 sera
637 3436 795 3498 autorisee
809 3455 867 3515 par
881 3437 927 3500 les
941 3437 1071 3516 prefets.
1088 3460 1104 3492 »
1306 3501 1307 3510 ἦ

287 3534 361 3594 Haec
380 3534 499 3595 ultima
513 3535 677 3614 dispositio
699 3541 823 3606 mutata
842 3536 911 3612 luit,
932 3535 1038 3615 quoad
1058 3534 1238 3596 donationes
1306 3519 1307 3548 ¹

273 3695 295 3743 l.
311 3692 425 3744 Balletin
435 3695 479 3744 des
492 3695 539 3746 lois
549 3667 643 3772 ciuiles.
660 3687 708 3748 lid.
718 3693 756 3748 ‘de
767 3697 946 3761 Champeaux,
959 3710 1002 3748 an.
1019 3697 1088 3758 1873,
1101 3710 1126 3762 p.
1138 3697 1237 3756 itii&

227 3791 256 3802 -
271 3780 313 3816 an.
332 3771 400 3830 ltili,
416 3773 447 3834 p.'
459 3773 516 3834 ll53
533 3799 562 3810 -
575 3775 705 3834 amitit,
719 3785 746 3839 p.
763 3773 876 3825 lau-1222
