2588 4276
98 264 172 312 ΛΒΤ.
196 264 249 313 111.
272 265 457 320 irruentum
477 265 576 314 unuln.
596 267 633 313 m
654 266 781 314 usserio
801 266 947 316 GONVENT.
986 261 1038 316 239

20 381 118 444 stricte
134 381 325 460 obligatum
337 385 378 444 ad
393 383 587 445 audiendum
602 403 641 444 ex
657 384 763 446 olficio
778 386 966 464 parochum,
980 405 1038 465 po-

19 485 72 540 test
95 485 184 542 certe
214 482 379 560 denegare
409 482 583 560 expetitam
613 481 773 542 licentiam
798 483 921 562 quoties
949 485 1039 545 istius

20 578 98 640 modi
111 577 348 658 praejudicium
365 587 547 642 secuturum
561 581 629 642 fore
641 581 815 659 prudenter
828 581 998 644 existimat.
1095 579 1097 584 ’

70 677 117 737 Ad
124 678 154 738 ΙΙ
162 687 198 714 ⁰¹¹¹
212 697 221 738 :
233 680 370 751 Quando
382 679 525 759 superior
532 678 872 759 regulariumpostulat
881 681 1039 741 licentiam

21 775 155 856 erigendi
167 778 419 853 monasterium,
433 779 484 840 vel
494 778 666 840 Ecclesiam
680 779 779 839 cultui
793 779 921 858 publico
934 778 1040 840 dican-

21 877 96 947 dam,
112 875 303 957 Episcopus
323 883 436 957 pensat
450 877 545 938 simul
560 877 720 938 rationum
735 883 897 938 momenta
911 877 952 938 oh
967 895 1039 957 quae

23 973 243 1054 expostulatur
260 975 335 1037 novi
348 983 522 1038 conventus
532 982 588 1037 aut
601 975 749 1038 Ecclesia
762 975 917 1050 fundatio,
930 982 962 1037 et
975 993 1039 1038 suae
1054 969 1056 974 ’

22 1071 156 1134 dioecesis
180 1075 369 1136 commoda.
394 1075 514 1137 Sinon
541 1075 723 1149 arbitretur,
749 1073 896 1134 omnibus
921 1078 1040 1135 attente

26 1171 239 1247 consideratis,
260 1173 540 1256 obsecundandum
553 1173 699 1253 petitioni
714 1172 921 1251 regularium,
938 1179 1041 1252 potest
1091 1165 1094 1172 ’

26 1271 172 1347 denegare
188 1271 369 1332 licentiam.
386 1271 420 1332 Si
432 1290 509 1334 vero
525 1273 698 1332 attentione
719 1271 815 1350 digna
832 1271 891 1332 sihi
909 1271 1039 1332 videan-

29 1373 69 1428 tur
79 1369 201 1430 motiva
216 1370 371 1448 allegata,
384 1375 415 1431 et
426 1369 558 1430 dubium
573 1370 666 1430 sitan
678 1387 778 1430 novus
789 1373 961 1430 conventus
972 1368 1041 1429 aliis

29 1466 243 1546 prejudicium
265 1469 385 1541 afferat,
405 1467 515 1530 citabit
529 1468 704 1547 superiores
725 1468 861 1530 aliorum
881 1473 1041 1529 monaste-

31 1565 145 1642 riorum,
162 1567 349 1645 paroehum
363 1566 427 1628 loci
441 1566 474 1628 in
490 1583 552 1645 quo
570 1585 669 1628 novus
684 1572 857 1628 conventus
873 1567 1041 1644 erigendus

30 1664 220 1742 proponitur,
238 1670 272 1727 et
288 1665 377 1740 alios,
395 1665 421 1726 si
434 1665 489 1744 qui
502 1665 566 1725 sint
581 1665 733 1726 interesse
752 1665 916 1727 hahentes.
939 1667 1042 1742 Regu·
1058 1719 1063 1728 .

33 1761 100 1823 lares
114 1763 206 1824 citati
223 1764 266 1824 ab
280 1763 437 1843 Episcopo
453 1763 568 1824 debent
587 1781 654 1824 rem
674 1764 872 1842 propositam
888 1763 1040 1842 capitula·

33 1859 94 1920 riter
111 1861 198 1922 iuter
224 1879 259 1922 se
281 1865 491 1942 pertractare3
514 1861 692 1940 superiores
717 1861 801 1922 enim
820 1879 884 1922 non
908 1866 1041 1941 possunt

37 1976 209 2020 consensum
226 1965 380 2040 praestare
401 1959 529 2021 nomine
546 1961 595 2020 sui
614 1959 744 2034 ordiniS,
761 1959 821 2020 nisi
834 1961 938 2022 forma
951 1979 1042 2038 regu·

35 2055 64 2116 lis
76 2059 118 2118 sui
134 2059 280 2121 instituti
297 2059 429 2138 praefixa
443 2064 568 2120 servata
581 2059 631 2120 sit.
650 2059 682 2121 Si
698 2059 878 2120 existiment
891 2059 939 2120 sui
953 2065 1042 2121 nota·

36 2155 125 2216 hiliter
146 2157 303 2220 interesse
327 2162 362 2219 ut
384 2157 577 2237 impediatur
599 2158 715 2219 erectio
747 2162 938 2232 conventus,
968 2175 1041 2218 suas
1109 2155 1117 2166 “

36 2254 157 2316 rationes
186 2257 223 2318 in
254 2256 377 2336 scriptis
408 2256 541 2317 afferent
566 2255 738 2335 Episcop03
770 2255 855 2317 idem
886 2257 1043 2317 curabunt

39 2354 137 2430 ceteri,
158 2356 329 2416 Parochus
352 2373 466 2435 nempe
487 2360 518 2416 et
538 2354 593 2415 alii
612 2354 762 2415 interesse
784 2353 948 2426 habentes,
967 2353 1042 2432 quia

38 2450 196 2532 Episcopus
208 2454 278 2532 ipse
296 2458 422 2515 tenetur
438 2453 555 2515 motiva
569 2472 634 2515 suae
647 2453 822 2526 sententiae,
837 2453 863 2512 si
875 2470 1041 2513 recusave-

41 2547 71 2606 rit
77 2547 234 2612 licentiam
244 2553 448 2631 postulatam,
462 2552 597 2630 aperire,
609 2558 640 2613 et
654 2552 760 2625 etiam,
773 2551 806 2612 in
819 2569 893 2612 casu
903 2551 1042 2630 appella·
1061 2607 1070 2613 .

1 2729 2 2737 ἵ
40 2643 128 2723 tionis,
144 2667 259 2711 causas
270 2650 392 2712 deferre
403 2650 444 2710 ad
456 2649 794 2729 S..Gongregationem.
813 2649 955 2710 Tandem
970 2667 1041 2710 cum

1 2739 2 2794 ἶ
43 2760 119 2806 omne
132 2749 309 2827 negotium,
327 2749 442 2810 auditis
455 2767 526 2828 quae
537 2768 575 2810 ex
590 2753 725 2826 utraque
739 2753 828 2828 parte
845 2748 944 2809 allata
955 2754 1039 2826 sunt,

42 2848 146 2906 nature
161 2847 377 2928 perpenderit,
390 2847 577 2910 sententiam
592 2847 676 2908 dicet
685 2847 718 2906 in
731 2848 834 2908 forma
845 2845 1039 2921 authentica,

1 2939 2 2970 ³
46 2945 228 3008 concedendo
249 2945 300 3008 vel
323 2945 510 3025 denegando
532 2945 710 3024 licentiam,
736 2951 832 3025 prout
853 2945 885 3006 in
907 2945 1041 3007 Domino

1 3029 2 3040 ¹
44 3035 225 3112 judicaverit.

1 3105 2 3190 l
92 3141 135 3202 Ad
154 3145 229 3205 Illum
246 3161 252 3203 :
271 3142 566 3206 Probabilissimum
588 3142 680 3205 nohis
703 3143 830 3206 videtur
851 3144 1040 3224 Episcopum

1 3303 2 3342 ,
48 3251 97 3296 non
110 3243 207 3303 teneri
226 3243 267 3303 ad
287 3241 449 3303 citandum
468 3241 645 3322 superiores
666 3247 878 3303 conventuum
899 3249 930 3302 et
946 3244 1042 3303 Paro·

51 3332 138 3413 chum,
153 3342 277 3420 quoties
291 3341 351 3402 sihi
371 3346 454 3402 certe
469 3345 593 3402 constat
607 3340 798 3401 erectionem
815 3340 890 3400 novi
909 3359 1042 3401 conven-

0 3508 1 3511 ,
50 3434 88 3491 tus
103 3438 219 3500 nullum
243 3439 463 3519 praejudicium
486 3438 625 3500 notabile
651 3439 820 3499 allaturum
845 3439 923 3500 fore.
948 3438 983 3499 ln
1003 3457 1041 3500 eo

53 3546 140 3596 onnes
152 3538 278 3616 quidem
293 3557 357 3599 non
375 3537 587 3600 consentiunt.
604 3538 715 3598 Plures
728 3540 837 3598 tenent
852 3536 1039 3598 seutentiam

53 3635 216 3713 oppositam,
235 3637 319 3717 quia,
333 3637 427 3718 juxta
447 3637 529 3710 illos,
554 3635 683 3715 quando
708 3634 875 3714 Gregorius
896 3635 950 3698 XV
964 3636 1042 3697 obli·

0 3762 1 3765 =
55 3727 150 3801 gatiani
163 3735 302 3813 generali
316 3734 433 3796 citandi
447 3752 556 3796 omnes
571 3732 721 3796 interesse
734 3734 899 3810 habentes
916 3735 1041 3796 clausu·
