2588 4276
142 262 210 310 ΔΜ.
231 261 272 308 iv.
295 261 438 309 luuissto
459 259 607 328 vituium
631 259 663 308 IN
683 259 776 308 sulcu
797 257 962 308 uuutoioso.
1015 249 1068 304 259

57 379 127 460 pia,
146 377 262 438 intuitu
278 379 393 438 futurae
409 393 473 439 suae
491 375 708 456 professionis,
723 375 750 436 si
762 376 917 455 professio
937 393 1001 435 nou
1017 392 1065 436 se·

57 482 183 558 quatur;
200 477 233 534 3⁰
248 481 284 536 ut
295 475 385 536 finito
397 481 541 554 tempore
558 475 740 548 novitiatus
760 473 935 554 superiores
949 472 1065 534 admit-

59 560 125 636 tant
143 591 220 652 quos
241 593 281 634 ex
303 573 428 634 novitiis
443 573 574 634 idoneos
597 573 784 648 invenerint,
805 577 936 633 caeteros
960 589 976 630 c
998 589 1067 632 mo·-

58 672 190 733 nasterio
204 671 340 750 ejiciant.
353 670 440 752 (Cap.
454 687 509 746 xv,
524 689 588 748 xvi,
602 689 676 733 sess.
691 687 763 746 xxv,
777 689 815 731 nu
827 668 1066 748 Rscuuxnmus.)

58 771 151 834 Multa
174 770 230 832 SS.
247 769 416 830 Pontifices
436 769 628 831 addiderunt
642 775 677 830 ut
692 765 863 847 'disciplina
885 767 1068 828 Tridentino

58 868 331 943 certiusservetur,
349 868 388 928 de
404 868 517 946 quibus
533 887 618 928 nunc
632 885 691 946 per
706 867 830 943 singula
845 865 1024 926 dicendum.

113 967 135 1026 Ι.
153 965 283 1026 Praelati
302 965 432 1040 ordinis,
458 984 513 1025 seu
539 965 805 1044 congregationis,
831 969 877 1024 est
901 963 1067 1023 admittere

57 1063 249 1142 postulantes
264 1063 304 1123 ad
321 1063 520 1137 novitiatum,
538 1063 669 1124 servatis
689 1061 967 1124 constitutionibus
987 1063 1069 1122 Pon-

57 1161 155 1222 tiiiciis
169 1179 208 1221 ea
229 1163 268 1221 de
283 1179 317 1220 re
336 1161 426 1221 editis
447 1167 477 1222 et
496 1162 614 1238 regulis
636 1162 684 1222 sui
705 1160 851 1221 instituti.
871 1158 1067 1240 Approbatio

58 1261 126 1320 data
145 1259 184 1319 ab
201 1259 388 1319 auctoritate
414 1260 606 1339 competenti
624 1259 757 1331 includit
775 1258 959 1318 facultatem
986 1255 1066 1316 reci-

57 1357 157 1437 piendi
173 1357 321 1431 novitios,
340 1375 411 1417 cum
433 1357 510 1419 ordo
526 1364 664 1438 nequeat
678 1356 852 1438 propagari
870 1375 928 1417 nec
948 1355 1066 1416 subsis-

58 1462 113 1516 tere
124 1455 216 1516 aliter
231 1473 328 1534 quam
344 1455 537 1516 novitiorum
553 1455 754 1516 admissione.
1015 1529 1017 1534 Ι

108 1553 228 1613 Nullibi
240 1552 312 1632 jure
329 1557 483 1614 statutum
495 1554 672 1633 reperimus
684 1554 767 1614 hanc
787 1552 982 1626 facultatem,
996 1569 1067 1632 quae

57 1651 237 1711 naturaliter
274 1650 357 1711 inest
396 1651 541 1712 Praelatis
576 1658 799 1725 conventuum,
833 1649 979 1730 restringi
1000 1647 1067 1731 ¹vel

57 1748 204 1810 coarctari
233 1748 422 1810 necessitate
451 1767 519 1809 rem
542 1749 704 1810 deferendi
724 1749 764 1809 ad
795 1747 987 1828 Episcopum
1008 1765 1068 1826 pro

57 1845 348 1925 congregationibus
378 1845 537 1919 virorum;
575 1846 666 1908 aliter
692 1865 768 1907 vero
794 1846 974 1906 ordinatum
1007 1843 1067 1904 fuit

57 1943 153 2022 quoad
163 1942 426 2020 congregationes
437 1943 635 2006 monialium.
647 1944 821 2005 Concilium
834 1941 1064 2018 Tridentinum,

56 2040 186 2101 libertati
209 2039 367 2118 virginum
395 2041 460 2100 Deo
494 2041 702 2102 dicendarum
731 2039 937 2120 prospiciens,
956 2039 1067 2104 statuit

56 2143 142 2216 atque
158 2137 298 2198 decrevit
312 2143 347 2198 ut
362 2137 470 2216 puella
480 2155 551 2216 quae
566 2138 715 2198 habitum
730 2137 893 2218 religionis
908 2136 1065 2216 suscipere

57 2223 194 2310 volucrit,
214 2258 230 2290 «
245 2252 308 2295 non
324 2240 485 2295 antaeum
502 2235 665 2316 suscipiat,
683 2254 741 2297 nec
754 2241 867 2314 postea
881 2232 1064 2314 promissio-

60 2352 151 2393 ‹tnem
182 2333 316 2408 emittat,
346 2351 442 2412 quam
474 2333 688 2412 exploraverit
715 2333 906 2413 Episcopus,
934 2331 995 2403 vel,
1027 2349 1064 2391 eo

58 2454 71 2486 «
85 2431 211 2491 absente
224 2431 274 2490 vel
288 2430 454 2509 impedito,
471 2431 539 2509 ejus
553 2431 700 2506 vicarius,
718 2430 849 2510 virginis
868 2429 1065 2489 voluntatem

60 2551 72 2583 c
83 2529 246 2608 diligenter
256 2548 264 2602 3
274 2545 314 2588 an
323 2531 445 2601 coacta,
460 2547 501 2588 an
515 2528 645 2589 seducta
656 2530 707 2606 sit,
723 2549 762 2589 an
774 2528 852 2588 sciat
861 2523 936 2606 quid
948 2530 1032 2604 agat.
1045 2547 1059 2583 v

58 2626 129 2688 Sess.
145 2643 219 2700 xxv,
236 2644 305 2704 cap.
320 2643 394 2702 xvu,
410 2643 448 2686 nn
461 2629 684 2688 liceumnusus.
709 2629 794 2701 Haec,
810 2645 880 2687 cum
895 2625 956 2685 sint
971 2623 1062 2684 abso-

58 2723 112 2784 lute
133 2725 332 2804 praescripta,
356 2725 389 2784 in
410 2725 558 2786 omnibus
581 2725 781 2786 monasteriis
798 2724 916 2786 servari
936 2722 1062 2801 debent,

44 2835 91 2882 ¹ne
105 2823 241 2900 exceptis
250 2819 379 2901 quidem
388 2823 536 2884 domibus
547 2841 618 2902 quae
629 2823 827 2902 regularibus
841 2821 1062 2900 subjiciuntur,

59 2926 88 2980 ut
101 2921 213 3000 sapius
237 2919 412 2981 declaravit
432 2921 463 2981 S.
487 2920 698 3001 Congregatio
719 2921 859 2999 Consilii,
876 2920 966 2999 cujus
981 2919 1064 2979 deci-

59 3018 150 3078 siones
165 3019 346 3078 referuntur
368 3018 453 3096 apud
467 3023 613 3079 auctores
624 3019 646 3078 ¹.
663 3021 772 3079 Potest
785 3019 882 3098 igitur
891 3018 1063 3097 Episcopus

1 3175 2 3178 ,
60 3117 220 3196 praecipere
242 3114 444 3190 monialibus,
474 3116 649 3195 quamlibet
669 3117 903 3196 exemptionem
930 3119 1064 3194 praeten-

60 3214 135 3290 dant,
150 3219 181 3274 et
193 3214 321 3275 illorum
335 3214 561 3292 superioribus
579 3233 618 3274 ne
633 3215 775 3292 puellam
791 3215 832 3275 ad
849 3213 993 3274 habitum
1009 3212 1062 3272 ad·

61 3312 174 3373 mittant
183 3312 243 3372 nisi
259 3311 298 3372 sit
311 3312 377 3390 ipse
391 3311 480 3390 prius
491 3312 689 3374 certioratus.
755 3359 759 3367 .

109 3411 327 3484 Quandonam,
365 3428 543 3490 quonamve
576 3410 683 3482 mode,
718 3410 891 3490 Episcopus
928 3423 1061 3468 examen

1 3559 2 3582 2
63 3508 160 3586 puellae
182 3509 261 3570 inire
291 3508 425 3586 debeat,
443 3527 518 3570 mox
541 3508 694 3584 dicemus,
720 3507 775 3567 ubi
799 3505 837 3567 de
866 3505 1060 3586 professione

102 3726 121 3772 i.
132 3723 256 3788 Ferraris,
265 3731 295 3772 v⁰
309 3721 443 3774 Moniolcc.
457 3724 506 3772 art.
523 3725 546 3782 i,
560 3729 593 3771 n⁰
606 3723 646 3771 66.
