2582 4278
167 283 235 332 ter.
255 285 283 334 V.
305 281 382 332 JUEA
405 281 615 332 ctrlrutoeutt
635 280 673 330 ET
691 278 910 328 emoriebatur.
1011 272 1060 328 161

91 400 126 462 11.
149 399 324 464 Ganonistoe
339 418 432 462 casus
445 397 588 459 indicant
600 415 659 477 pro
669 397 785 475 quibus
794 395 941 476 Episcopi
949 399 1060 456 tenen-

60 503 112 570 tur,
126 515 164 557 ex
180 499 280 560 veteri
288 498 372 578 jure,
386 487 552 577 exquirere
569 495 746 569 consilium,
772 498 804 554 et
815 487 905 554 casus
916 512 974 573 pro
989 493 1062 573 qui-

59 595 108 656 bus
138 594 254 658 babere
279 596 395 658 debent
418 611 606 656 consensum
628 591 769 672 capituli,
790 590 920 671 majoris
944 591 1063 654 scilicet

58 691 142 772 partis
154 694 392 768 canonicorum,
407 696 441 752 ut
451 690 557 753 valide
570 690 756 771 procedant.

108 791 137 850 l⁰
152 791 250 852 casus
269 809 327 870 pro
347 790 462 870 quibus
479 787 638 868 Episcopi,
655 787 781 866 ex'jure
799 786 833 848 in
850 785 1059 849 decretalibus

57 887 177 960 inserto,
201 889 320 950 debent
338 887 503 967 exquirere
522 885 691 950 consilium
710 885 758 946 sui
775 885 914 966 capituli,
935 884 1063 946 tametsi

57 1003 109 1046 non
121 989 290 1046 teneantur
304 985 384 1046 illud
399 984 499 1064 sequi,
517 989 592 1046 sunt
608 983 786 1062 generatim
801 982 928 1061 negotia
943 982 1062 1062 quavis

57 1082 151 1156 ardna,
172 1101 246 1162 quae
266 1082 435 1163 prudentia
455 1101 520 1144 non
537 1081 613 1142 sinit
632 1079 775 1160 expediri
793 1080 914 1159 absque
927 1087 1062 1142 «matura

56 1179 158 1258 previa
175 1180 416 1252 deliberatione,
441 1198 472 1242 v.
497 1198 529 1258 g.
550 1177 680 1240 indictio
698 1178 824 1257 synodi,
844 1177 1058 1257 promulgatio

60 1282 239 1340 statutorum
252 1278 453 1360 synodalium
461 1281 495 1340 et
505 1275 642 1338 aliorum
655 1280 850 1338 statutorum
864 1280 955 1336 extra
969 1293 1062 1354 syno-

59 1375 128 1449 dum,
139 1376 263 1456 judicia
281 1375 470 1438 clericorum
489 1375 523 1436 in
553 1373 657 1436 causis
679 1372 907 1449 criminalibus,
929 1371 1060 1434 indictio

60 1473 316 1552 supplicationum
330 1473 532 1535 solemnium.

103 1573 132 1631 2⁰
142 1571 240 1632 Cusus
252 1572 285 1632 in
295 1572 410 1652 quibus
420 1570 568 1636 accedere
578 1587 705 1632 necesse
715 1574 763 1631 est
774 1586 963 1631 consensum
972 1567 1060 1648 capi·

60 1667 114 1744 tuli,
128 1674 201 1729 sunt
219 1669 394 1750 generatim
410 1667 539 1748 negotia
553 1667 701 1746 graviora
713 1667 829 1746 quibus
839 1665 985 1745 generari
998 1685 1058 1746 po·

60 1769 106 1826 lest
124 1772 352 1828 nocumentum
380 1765 526 1828 Ecclesiae
554 1770 619 1826 aut·
633 1765 867 1828 successoribus
896 1764 1053 1844 Episcopi.

63 1862 233 1941 Hujusmodi
247 1869 321 1926 sunt
334 1882 373 1925 ex
388 1863 485 1926 sacris
496 1863 670 1926 canonibus
682 1868 714 1924 et
729 1862 873 1924 doctrina
884 1862 1061 1924 canonista·

60 1977 131 2021 mn:
148 1961 318 2023 ordinetis
328 1978 435 2025 rerum
451 1978 522 2041 qua
538 1960 578 2024 ud
588 1960 762 2040 capitulum
776 1960 868 2022 simul
880 1960 962 2022 etad
972 1959 1061 2039 Epis·

60 2073 150 2136 copum
176 2064 336 2140 spectant,
367 2060 416 2125 vel
444 2059 485 2122 ed
505 2063 623 2120 statum
650 2057 797 2122 Ecclesia
824 2056 1016 2120 cathedralis
1046 2073 1054 2117 :

59 2173 80 2215 v.
94 2173 117 2232 g.
137 2156 237 2218 cessio
248 2157 457 2238 ¹quorundam
469 2155 602 2238 jurium,
628 2155 885 2235 privilegorium,'
903 2174 958 2216 sen
981 2172 1078 2234 prm,

59 2253 254 2336 rogativarum
273 2253 356 2316 sedis
374 2253 624 2334 Episcopelis...,
638 2253 789 2319 alienatio
805 2254 962 2314 bonorum
977 2257 1058 2312 tem·

58 2349 191 2426 paralium
231 2351 444 2414 immobilium
482 2356 542 2412 aut
581 2349 749 2412 mobilium
794 2350 1057 2429 pretiosorum...,

59 2447 267 2526 oppigneratio,
277 2449 460 2528 fideijussio,
469 2453 616 2513 mutuum
626 2447 743 2528 quibus
755 2448 868 2509 eadem
877 2447 962 2508 bona
985 2464 1055 2526 gra·

59 2547 373 2622 rantur...,.concessio
383 2544 532 2610 Ecclesia
542 2545 735 2625 paroehialis
752 2547 837 2607 iacta
851 2544 1056 2619 monasterio,

60 2659 113 2720 qua
131 2644 350 2724 aequiparatur
369 2643 713 2719 dienadoni...,1unio‚
733 2642 913 2722 disjunctio,
934 2647 967 2704 et
980 2660 1059 2722 sup·

62 2742 161 2817 pressio
178 2743 446 2805 beneficiorum...
469 2741 645 2804 Postulatio
665 2740 797 2802 subsidii
818 2739 974 2802 caritativi
995 2757 1059 2820 quo

60 2835 141 2898 clems
162 2839 332 2920 provideat
350 2840 390 2900 de
406 2838 470 2900 scis
484 2838 690 2902 facultatibus
708 2838 947 2900 necessitutibus
968 2836 1059 2916 Epis·

19 3005 20 3008 Ἴ
62 2935 194 3014 topicen
215 2936 415 3012 Ecclesiae...,
433 2936 590 2998 sententia
610 2936 815 3016 depositionis
835 2937 869 2998 in
888 2935 1058 2998 beneficia·
1079 3001 1089 3015 ᾖ

61 3033 112 3090 tum
123 3034 198 3107 lata,
215 3034 402 3113 degradatio
417 3033 556 3096 clericis
573 3051 631 3095 suo
641 3038 735 3095 statu.

19 3149 20 3152 ¹
105 3129 151 3191 lll.
169 3133 243 3192 llaec
254 3132 374 3192 indicta
384 3131 586 3211 reperiuntur
596 3131 630 3191 in
640 3131 873 3206 Decretalibus3
889 3132 945 3194 sed
954 3150 993 3193 ex
1002 3132 1057 3194 iis·

63 3223 348 3291 dem'Dccretalibus
362 3229 417 3292 SS.
435 3228 626 3292 Pontificum
644 3234 755 3289 notum
770 3235 817 3290 est
831 3247 902 3290 eam
917 3230 980 3291 vim
997 3229 1056 3292 ha·

63 3318 119 3384 bere
137 3327 408 3400 consuetudinem,
431 3325 718 3405 qucndo'legitime
732 3327 918 3407 prescripta
936 3325 1005 3402 init,
1022 3323 1066 3400 urj

63 3414 287 3494 jurisdictionem
303 3423 516 3504 episcopalem
528 3421 680 3503 expedire
693 3424 799 3486 valeat
811 3425 851 3484 ab
871 3424 1058 3504 hujusmodi

65 3511 293 3595 imitationibus,
311 3522 391 3583 adeo
409 3526 445 3582 ut
461 3520 610 3600 Episcopi
624 3521 795 3602 procedere
810 3520 931 3600 possint
944 3521 1057 3585 incon·

65 3612 127 3675 solt)
140 3617 274 3697 capitulo
288 3618 320 3679 in
334 3619 479 3698 pluribus
492 3617 587 3679 etiam
603 3617 729 3680 casibus
742 3618 776 3678 in
791 3617 907 3697 quibus
918 3617 996 3698 jura
1005 3637 1054 3682 re·

66 3710 207 3788 quirebant
218 3715 294 3777 olim
309 3716 393 3778 illius
407 3734 605 3778 consensum.
623 3716 658 3777 ld
673 3734 730 3778 sua
743 3716 934 3778 auctoritate
949 3718 1057 3782 sanxit
