2568 4272
119 296 217 344 LEGES
237 297 357 344 divinas.
371 297 457 345 claun
477 297 742 347 GONGREGATIONES
762 298 949 347 nsnlulosas.
993 290 1044 345 349

19 441 36 470 «
58 415 160 476 cendi
172 414 329 475 adeorum
340 415 621 476 conservationem.
631 415 801 478 Sinautem
809 416 921 476 modus
931 414 1044 495 aliquis

20 512 261 590 «excogitatus
282 513 378 572 fucrit
400 513 581 590 possidendi
604 513 698 587 bona,
714 533 772 593 per
795 513 953 574 societatis
976 530 1046 574 eon·

20 613 210 682 «tractum,
227 629 289 688 quo
312 611 397 669 hona
416 609 449 669 in
472 611 632 670 communi
654 612 884 689 possideantur.
901 630 920 672 a
943 611 1044 672 tribus

20 735 37 764 «
52 709 110 768 vel
124 713 262 788 quatuor
284 708 516 769 communitatis
535 708 696 783 memhris,
711 709 756 769 ita
782 714 817 769 ut
831 727 939 770 omnes
968 708 1044 770 socii

22 834 37 860 a
50 807 108 887 jus
117 806 200 866 illud
214 806 396 885 possideant
405 805 558 866 naturalis
565 806 638 867 vitae
653 808 956 885 suaetempore‚sed,
968 825 1044 886 quo

22 931 37 958 «
49 923 195 984 cumque
208 923 246 964 ex
258 903 319 964 illis
330 909 466 977 mortuo,
475 902 528 982 jus
538 903 623 982 apud
636 905 818 982 superstites
828 904 928 965 socios
938 922 1042 964 rema-

22 1027 37 1056 «
52 1008 133 1062 neat
147 1002 421 1080 possidendihona
433 1002 590 1078 universa,
602 1002 689 1062 nulla
699 1003 784 1063 facta
794 1003 907 1081 cuique
919 1020 958 1062 ex
967 1001 1044 1080 ipsis

26 1099 213 1160 «facultate
230 1099 388 1160 alienandi
403 1099 476 1160 vitae
491 1116 555 1160 suae
572 1103 724 1178 tempore,
738 1099 789 1168 vel
804 1103 1041 1178 pertestamen-

25 1223 39 1250 «
54 1203 127 1257 tum
144 1196 344 1275 relinquendi
365 1197 451 1256 hona
468 1197 620 1275 praedicta
641 1202 713 1276 post
738 1202 890 1271 mortem3
921 1201 996 1257 tunc
1010 1197 1043 1256 id
1106 1221 1118 1244 v

25 1319 40 1349 «
53 1294 281 1354 tantummodo
298 1294 498 1372 abEpiscopo
514 1294 689 1355 curandum
702 1293 772 1368 erit,
782 1297 888 1354 utuno
899 1312 939 1354 cx
951 1292 1043 1354 sociis

28 1417 41 1446 «
57 1397 200 1468 mortuo,
218 1393 297 1452 alius
322 1392 611 1452 excommunitatis
632 1389 782 1452 memhris
803 1393 836 1452 in
861 1391 1042 1453 societatem

28 1491 267 1552 «adsciscatur.
285 1490 438 1560 Tandem,
450 1490 476 1550 si
496 1489 590 1550 unica
613 1490 794 1550 testamenti
813 1494 975 1550 remaneat
990 1489 1043 1549 via

28 1615 41 1646 «
56 1589 296 1650 transmittendi
310 1588 395 1648 bona
410 1589 450 1647 ad
472 1606 674 1662 successores,
691 1588 855 1667 praecipiat
868 1588 1043 1668 Episcopus

29 1715 42 1742 n
55 1686 285 1766 superioribus,
299 1685 350 1746 vel
364 1684 410 1745 illi
424 1685 478 1765 qui
489 1704 545 1745 suo
557 1685 686 1764 proprio
697 1685 824 1746 nomine
840 1687 924 1746 bona
938 1685 1040 1764 possi·

29 1812 42 1840 «
56 1786 132 1848 dara
148 1789 224 1845 tunc
239 1782 367 1862 poterit,
383 1788 419 1842 ut
433 1783 540 1843 statim
554 1788 779 1844 testamentum
790 1783 883 1862 juxta
895 1783 981 1861 leges
997 1783 1040 1844 ci·

28 1882 148 1956 «viles,
165 1881 285 1960 duplici
313 1880 487 1958 exemplari
510 1899 600 1959 acque
627 1879 809 1941 authentico
833 1880 985 1960 perficiat,
1003 1899 1042 1940 ex

31 2004 45 2036 n
61 1981 176 2059 quihus
186 1999 283 2039 unum
293 1979 325 2039 in
341 1977 575 2040 communitatis
592 1979 714 2040 scriniis
727 1978 895 2058 diligenter
903 1996 1042 2039 asserve-

31 2104 45 2132 «
58 2085 119 2152 tur,
128 2079 265 2138 alterum
279 2094 354 2137 vero
370 2077 411 2136 ad
421 2076 612 2156 Episcopum
627 2076 840 2138 dioecesanum
854 2076 886 2136 in
902 2075 1041 2137 archivio

33 2199 47 2230 «
63 2175 289 2236 asservandum
304 2174 449 2234 mittatur
461 2173 483 2234 ¹.
499 2197 514 2230 o

67 2273 179 2334 Modus
207 2271 261 2332 ille
295 2271 496 2350 acquirendi,
532 2271 714 2349 possidendi
747 2276 777 2331 et
808 2269 1041 2330 transmittendi

33 2371 148 2432 inducit
177 2370 283 2448 plures
313 2374 401 2431 actus
430 2369 484 2448 qui
512 2374 584 2429 sunt
610 2368 779 2429 certissime
805 2368 883 2429 liciti
913 2372 944 2428 et
972 2386 1042 2446 pro·

30 2469 298 2548 bandi‚siquidem
318 2467 374 2546 qui
392 2466 569 2546 acquirunt,
584 2467 721 2527 retinent
740 2485 794 2527 seu
821 2465 1042 2526 administrant

30 2569 66 2628 ad
76 2586 221 2628 normam
235 2565 314 2644 legis
325 2565 435 2639 civiiiS,
444 2582 513 2625 vere
527 2565 739 2643 acquiruntac
752 2564 972 2624 transmittunt
982 2563 1040 2625 do·

30 2666 168 2738 minium,
186 2663 224 2724 de
240 2683 301 2742 quo
312 2666 446 2742 possunt
457 2661 673 2741 jurameutum
686 2666 836 2741 praestare
850 2680 957 2723 coram
976 2663 1039 2724 Deo

31 2770 58 2824 et
71 2761 264 2837 hominibus³
277 2761 356 2820 sicut
369 2761 538 2839 probatum
549 2778 605 2820 suo
620 2760 690 2820 loco
704 2760 839 2820 vidimus
853 2759 1039 2820 auctoritate

30 2861 58 2922 S.
71 2860 169 2922 Sedis.
187 2858 312 2940 (mita,
325 2865 347 2919 t.
364 2859 402 2934 ΙΙ,
419 2877 451 2938 p.
469 2856 552 2936 216.)
569 2857 685 2934 Magna
698 2876 772 2918 vcro
791 2857 934 2919 cautione
948 2862 1038 2918 uten-

29 2959 100 3018 dum
116 2963 211 3019 estut
224 2956 310 3035 leges
326 2955 432 3016 civiles
447 2955 488 3016 ad
499 2955 649 3016 amussim
658 2959 840 3031 serventur3
859 2955 999 3034 alioquin
1015 2955 1041 3015 si

30 3057 64 3116 lis
75 3061 239 3117 moveatur
254 3056 293 3115 ah
308 3053 489 3126 heredibus
505 3051 568 3113 sive
585 3053 756 3127 donatoris,
784 3053 847 3114 sive
868 3054 1037 3130 testatoris²

33 3155 205 3232 contingere
221 3157 325 3232 potest
339 3150 503 3229 utjudices
522 3151 730 3230 pronuntient
744 3151 926 3212 societatem
943 3152 1039 3212 trium

33 3257 81 3312 aut
98 3257 245 3332 quatuor,
270 3268 405 3330 quorum
431 3248 558 3310 nomine
577 3249 614 3309 fit
629 3248 806 3327 acquisitio,
826 3267 891 3308 esse
917 3265 1039 3308 merum

33 3349 222 3429 figmentum,
242 3353 273 3410 et
286 3347 491 3409 donationem
512 3365 566 3408 seu
594 3351 819 3407 testamentum
846 3345 1037 3406 rescindant.

76 3531 96 3577 t.
109 3526 256 3578 Fasciculus
272 3541 323 3592 quo
339 3528 505 3577 recensentur
520 3528 581 3576 acta
595 3529 620 3576 et
634 3525 740 3576 decreta
755 3525 919 3590 synodorum
933 3523 1037 3588 provia-

33 3604 129 3654 o'alium
142 3603 281 3655 Baltimori
296 3601 454 3664 habitorum,
467 3615 527 3666 pag.
543 3605 581 3663 83,
595 3603 635 3663 84,
649 3603 683 3654 ad
699 3603 798 3656 calcem
815 3601 881 3652 tomi
894 3601 916 3652 V
928 3599 1037 3652 Bullarii

36 3681 152 3741 pontificii
165 3680 337 3744 Sauongrag.
352 3679 385 3729 da
397 3677 571 3743 propaganda
583 3677 656 3730 Fide.

861 3788 895 3842 20
