2632 4260
297 187 365 236 aar.
387 188 432 236 111.
454 158 671 236 ottrannus
691 186 889 236 carniconuu.
1048 182 1102 237 vss

33 238 36 370 d
92 302 216 364 ricalem
237 302 397 378 deserunt,
415 303 716 386 matrimoniumque
731 304 861 380 incuut;
885 304 960 384 quia
979 304 1011 367 in
1034 307 1103 369 foro

32 431 34 484 3
93 404 218 461 externo
244 403 448 479 praesumitur
473 403 621 464 validitas
650 407 739 464 actus
759 402 793 462 in
823 403 926 464 forma
952 411 1104 466 consueta

91 500 319 560 consummati:
337 500 463 562 aliunde
479 520 543 580 quo
558 501 659 579 magis
673 519 723 561 res
738 508 827 580 gesta
843 502 941 562 refert
963 503 1004 563 ad
1019 502 1106 564 ordi·

90 614 158 656 nem
178 597 355 675 publicum,
379 617 416 660 eo
438 599 541 659 minus
563 599 684 660 licitum
706 605 752 660 est
779 599 904 679 privato
926 601 1102 679 praevenirc

87 694 238 774 judicium
251 696 292 757 ab
308 697 495 759 auctoritate
511 697 703 776 competenti
717 696 896 759 ferendum.

144 795 219 854 liaec
230 794 271 854 de
281 796 350 856 foro
362 800 491 856 externo
503 794 589 856 dieta
598 794 818 873 intelligantur
830 813 838 858 ε
852 796 938 876 quod
949 795 1105 858 adfurum

90 891 286 953 conscientiae
299 893 423 966 attinet,
438 893 497 954 etsi
510 893 722 956 necessarium
739 893 778 954 sit
790 898 826 953 ut
838 893 976 955 ordinati
989 912 1104 973 expec-

91 995 152 1051 tent
170 991 373 1065 sententiam,
390 997 444 1052 aut
464 991 732 1071 dispensationem
749 1011 767 1052 a
787 993 818 1053 S.
835 993 916 1054 Sede
928 991 1103 1071 postulent,

89 1105 180 1166 quam
194 1089 315 1167 pluries
335 1107 516 1150 concessam
528 1090 624 1150 fuisse
638 1109 658 1150 a
672 1091 703 1151 S.
722 1089 976 1167 congregatione
991 1087 1104 1150 asserit

89 1185 267 1264 S.Liguori,
279 1187 335 1247 ubi
344 1192 445 1247 metus
453 1187 619 1248 manifeste
629 1186 783 1267 probatus
793 1187 900 1260 luerit,
910 1187 1107 1247 arbitramur

90 1287 192 1344 tamen
207 1303 281 1346 eum
297 1285 408 1347 eodem
422 1287 453 1347 S.
471 1285 600 1363 Liguori
614 1284 812 1364 probabilius
825 1285 931 1344 valere
946 1283 1106 1344 matrimo

89 1379 172 1442 nium
187 1383 231 1443 ab
246 1382 285 1444 iis
300 1387 509 1459 contractum,
524 1388 697 1462 antequam
707 1383 833 1462 prolata
843 1383 883 1443 sit
896 1381 1064 1456 sententia,
1081 1381 1107 1441 si

91 1497 197 1558 reapse
215 1481 374 1542 ordinatio
390 1481 518 1542 illorum
533 1481 681 1541 libertate
694 1480 872 1543 necessaria
891 1479 1028 1541 caruerit
1042 1480 1064 1540 ¹.

141 1577 274 1638 Dicetur
287 1578 371 1638 inira
382 1584 538 1658 quatenus
551 1579 683 1639 vetitum
694 1577 735 1638 sit
745 1578 866 1639 clericis
878 1576 1023 1638 habitare
1034 1593 1106 1637 cum

89 1673 272 1736 mulieribus
291 1681 328 1736 ut
349 1682 549 1738 removeatur
567 1676 746 1756 periculum
765 1675 919 1755 peccandi
944 1676 984 1736 de
1003 1673 1106 1752 poenis

89 1773 247 1834 canonicis
258 1774 291 1834 in
302 1775 432 1836 clericos
443 1776 499 1854 qui
508 1773 708 1855 peccaverint
719 1775 1017 1836 contracastitatem
1026 1777 1110 1833 trac·

93 1874 172 1932 tatur
182 1871 220 1933 in
235 1867 384 1951 1v⁸parte
398 1871 631 1934 Pretectz'onnm
650 1871 700 1954 (nl
716 1871 872 1954 744747).

252 2063 267 2138 ξ
289 2063 320 2124 3.
344 2095 382 2108 -
403 2062 449 2124 De
463 2063 569 2125 vestitu
584 2062 945 2124 clericornrnettonsnrc.

147 2243 219 2303 339.
241 2277 282 2287 -
300 2243 327 2303 Ιο
350 2241 459 2304 Utrum
476 2250 505 2304 et
522 2251 669 2323 qnatenus
690 2241 794 2303 clerici
815 2249 974 2302 teneantur
991 2247 1109 2320 gestare

91 2342 228 2402 restrium
235 2342 395 2421 proprium
409 2343 460 2402 suz'
471 2339 609 2402 ordinis?

146 2440 171 2500 l.
186 2439 351 2501 Prioribus
364 2439 487 2500 saeculis
499 2445 601 2500 vestes
615 2439 721 2500 civiles
736 2439 923 2500 elericorum
937 2456 956 2498 a
970 2454 1110 2497 commu-

90 2535 179 2598 nibus
194 2536 351 2598 laicorum
371 2537 648 2616 distinguebantur
665 2538 822 2599 modestia
843 2535 1062 2597 tautummodo
1077 2538 1109 2594 et
1203 2583 1206 2589 .

91 2635 303 2714 simplicitate,
325 2655 388 2696 non
403 2635 505 2697 forma
525 2654 579 2697 seu
594 2635 719 2710 colore3
742 2635 827 2696 unde
843 2634 1013 2695 concilium
1028 2633 1109 2694 Gar·

91 2732 276 2812 thagineuse
301 2753 341 2809 n,
368 2753 489 2797 canone
514 2735 565 2808 45,
591 2732 671 2794 nihil
697 2734 869 2795 constituto
895 2732 934 2793 de
956 2729 1109 2810 peculiari

90 2829 194 2894 forma
207 2833 354 2907 vestium,
370 2831 522 2913 praecepit
538 2852 545 2894 ε
565 2854 576 2888 r
595 2833 637 2894 Ut
652 2830 758 2893 clerici
772 2829 1004 2911 professionem
1017 2845 1109 2889 suam

91 2951 105 2988 n
122 2930 156 2992 in
171 2930 283 2993 babitu
296 2936 326 2992 et
340 2931 464 2992 incessu
479 2930 625 3010 probent,
638 2948 697 2992 nec
713 2930 851 2991 vestibus
865 2934 896 2989 et
908 2927 1108 2989 calceamen-

97 3051 112 3085 (ι
124 3028 164 3090 tis
179 3031 328 3091 decorem
344 3034 500 3109 quaerant.
520 3053 536 3086 n

152 3129 226 3208 ipsa
238 3134 419 3207 temporum
428 3129 510 3190 ratio
524 3128 708 3208 requirebat
722 3133 757 3188 ut
770 3126 876 3188 clerici
891 3145 955 3186 non
971 3140 1111 3186 secerne·

94 3231 206 3290 rentur
217 3228 331 3290 vestitu
348 3228 486 3304 alaicis;
504 3247 590 3303 cum,
606 3227 806 3289 saevientibus
826 3223 1107 3307 persecutionibus,

93 3324 167 3387 illos
178 3327 306 3436 tyranni
319 3328 361 3389 ad
376 3345 487 3388 necem
502 3330 692 3407 quaererent,
710 3325 896 3404 semetipsos
912 3321 1008 3383 morti
1020 3319 1109 3397 obie-

143 3508 167 3556 t.
182 3505 208 3556 S.
221 3506 337 3571 liguori,
347 3504 394 3556 lib.
407 3505 449 3566 Vl,
465 3505 498 3555 de
509 3505 615 3568 Ordine,
628 3513 661 3554 n⁰
675 3505 730 3555 811.
740 3529 770 3538 -
785 3501 824 3551 Gi.
836 3500 954 3550 Oenones
963 3502 989 3549 et
1000 3498 1111 3548 Decreta

96 3579 206 3630 concilii
219 3581 290 3631 Trid.
302 3582 331 3630 in
343 3581 448 3632 collect.
462 3582 579 3642 Richter,
594 3582 690 3644 incap.
701 3586 745 3629 xlu
759 3591 825 3629 sess.
837 3589 905 3640 xxm,
914 3575 961 3626 ubi
975 3572 1059 3624 refert
1067 3585 1111 3623 ro·

96 3655 153 3708 ries
165 3657 340 3709 resolutiones
357 3657 384 3710 S.
394 3657 624 3724 Gonmegutionis.

940 3754 967 3809 3.
997 3780 999 3784 .
