2582 4278
314 220 382 268 All'l'.
403 220 450 267 111.
471 220 605 268 STATUTA
624 220 847 269 caetratorum
1040 215 1090 272 l29

186 436 359 498 marcatus
383 451 427 496 111.
450 469 490 480 —
509 437 555 496 Da
578 437 732 498 Srnrurrs
753 453 974 500 cnrrrucouuu.

127 627 202 690 391.
220 627 369 688 -Omne
380 626 551 704 collegium
560 627 828 706 propriisslatutis
837 629 958 707 regitur
968 630 1085 710 quibus
1195 632 1197 642 '

72 727 111 788 ad
124 744 220 786 suum
234 725 330 786 finem
340 725 460 786 tendat.
475 724 620 803 Capitula
630 725 841 787 Ecclesiarum
852 727 1087 790 cathedralium

72 829 102 885 et
125 822 367 900 collegiatarum
388 823 505 884 habere
527 822 661 900 proinde
682 822 799 884 debent
819 830 949 900 statuta,
973 826 1089 904 quibus

73 926 188 983 cuncta
204 939 275 1000 quae
294 920 334 982 ad
350 921 493 997 regimen
513 938 605 980 suum
626 925 780 998 spectant,
797 921 873 982 item
888 923 930 982 ad
948 922 1089 984 choralia

72 1020 162 1098 signa
181 1018 417 1092 canonicorum,
442 1019 483 1079 ad
506 1019 684 1079 divinorum
697 1018 875 1080 officiorum
897 1019 1087 1082 celebratio-

73 1137 156 1190 nem,
164 1115 370 1178 caeremonias
376 1134 414 1176 ac
422 1115 644 1194 ritca,aliaque
653 1116 762 1176 munia
770 1117 918 1179 obeunda
932 1136 989 1196 par
1004 1118 1091 1197 capi-

72 1215 130 1277 tuli
142 1215 324 1292 dignitates,
341 1212 573 1274 constituantur
588 1219 621 1274 at
634 1214 897 1278 determinentur.
913 1277 916 1286 ,

131 1316 204 1374 Non
216 1312 411 1372 intendimus
420 1312 454 1374 in
468 1312 618 1390 prasenti
627 1330 665 1372 ea
674 1330 838 1374 recensere
849 1318 881 1374 ct
888 1313 1086 1392 perpendere

75 1431 142 1490 quaa
158 1429 226 1472 esse
240 1414 371 1490 possunt
385 1409 544 1489 objectum
559 1414 760 1483 statutorum,
779 1411 834 1471 sed
847 1409 1025 1490 prasertim
1038 1410 1088 1472 in-

76 1509 197 1588 quirere
213 1527 278 1587 qua
291 1507 478 1570 auctoritate
491 1507 553 1568 sint
568 1508 819 1570 determinanda.

132 1607 249 1668 Omnes
261 1605 460 1668 consentiunt
470 1606 696 1687 recurrendum
708 1607 775 1666 lorc
786 1606 828 1668 ad
841 1607 874 1668 S.
886 1605 1085 1681 Pontificem,

76 1704 100 1764 si
113 1703 233 1782 aliquid
246 1703 439 1764 contrarium
453 1703 494 1764 sit
504 1701 569 1782 juri
583 1703 743 1764 communi
759 1703 792 1762 in
811 1703 935 1764 statutis
949 1704 1087 1764 conden-

77 1801 136 1876 dis;
160 1801 218 1862 scd
238 1800 371 1884 quaestio
387 1804 531 1861 versatur
545 1799 629 1861 circa
645 1800 866 1862 auctoritatem
881 1800 1039 1880 Episcopi,
1056 1808 1088 1861 et
1196 1860 1197 1863 ,

78 1883 323 1978 cncaiusipsius
333 1897 474 1978 capituli.
486 1899 596 1976 Itaque
613 1915 621 1958 :

133 1997 216 2058 ‘392
230 2029 270 2042 -
285 1998 311 2057 Ι0
329 1995 437 2058 Utrum
450 1991 620 2076 Epiac'opus
635 1995 734 2056 calent
745 1995 871 2056 condcrc
886 1996 1005 2058 decreta
1019 2016 1085 2077 quae

81 2095 264 2176 disciplinam
275 2093 435 2175 acopitnlc
449 2091 627 2156 suendum
638 2091 795 2156 statuunt?

131 2193 307 2274 Episcopus
319 2197 433 2272 potest,
447 2192 518 2271 jure
531 2191 672 2270 proprio,
689 2191 822 2251 condere
833 2191 960 2252 decreta
971 2192 1086 2271 quihus

9 2349 10 2352 ,
78 2291 236 2369 provideat
250 2291 345 2351 statui
358 2289 489 2368 capituli
503 2289 649 2350 Ecclesia
665 2286 934 2361 concathedralis,
951 2307 1007 2351 seu
1019 2290 1085 2350 col·

78 2389 208 2468 legiatoe,
233 2393 269 2448 ut
292 2405 405 2466 nempe
431 2387 606 2466 capitulum
621 2385 758 2446 fideliter
781 2391 882 2448 servet
902 2386 988 2466 leges
1006 2405 1087 2448 com·

78 2505 194 2563 munes,
219 2504 257 2547 ac
272 2485 368 2548 finem
380 2485 421 2546 ab
435 2485 575 2546 Ecclesia
589 2485 744 2546 intentum
759 2484 874 2546 certius
887 2489 1083 2566 assequatur.

9 2617 10 2624 κ
128 2586 164 2646 ln
177 2585 312 2646 decursu
325 2582 567 2662 expendendum
582 2581 686 2644 veniet
706 2587 813 2642 utrum
827 2582 1015 2662 Episcopus
1033 2601 1088 2644 an·

9 2721 10 2730 1
76 2689 200 2764 tequam
221 2681 436 2742 ordinationes
458 2679 572 2752 edicat,
596 2680 711 2740 debeat
735 2679 897 2760 requirere
920 2680 1085 2742 consilium

75 2780 219 2860 capituli;
241 2779 274 2841 in
295 2779 442 2859 prasenti
463 2777 600 2838 sufficiat
614 2776 667 2855 jus
689 2776 793 2856 ipsum
821 2777 974 2851 stabilire,
1000 2779 1086 2857 quod

75 2879 227 2959 Episcopo
247 2883 400 2939 assertum
414 2876 556 2952 dicimus,
578 2874 734 2936 condendi
756 2875 893 2948 decreta,
912 2875 1085 2938 dummodo

76 2976 150 3037 nihil
159 2975 355 3054 caeteroquin
368 2979 487 3036 statuat
504 2973 697 3034 eontrarium
720 2972 894 3053 disciplima
912 2974 1083 3046 communi,

77 3074 276 3153 probatisque
291 3071 581 3133 consuetudinibus.

129 3171 225 3233 Prob.
241 3168 644 3251 l⁰Ecprtnciprcpenerult
655 3165 1083 3250 Episcopushabetpotesta·

77 3275 134 3330 lem
147 3268 368 3346 legislativam,
384 3285 455 3346 quae
474 3267 507 3327 in
523 3285 632 3326 omnes
645 3285 806 3346 personas,
820 3271 916 3344 atque
930 3264 963 3324 in
978 3263 1085 3325 omnia

76 3369 165 3429 etiam
183 3367 328 3434 instituta
348 3383 413 3426 suae
434 3365 580 3449 dioecesis
594 3365 785 3438 extenditur,
801 3362 895 3424 salvis
913 3361 1088 3441 privilegiis,

9 3535 10 3542 ἵ
76 3485 108 3526 ac
126 3463 389 3544 exemptionibus,
413 3463 439 3522 si
462 3481 532 3542 quae
548 3462 666 3524 luerint
687 3478 862 3523 concessa:
882 3459 970 3538 atqui
993 3477 1085 3520 cano-

9 3549 11 3636 l
78 3564 144 3636 nici,
160 3563 225 3624 sive
245 3561 362 3640 singuli
386 3561 632 3634 considerentur,
650 3560 715 3621 sive
737 3564 893 3639 quatenus
915 3557 1083 3636 collegium

9 3655 11 3748 l
79 3662 222 3738 efficiunt,
237 3660 311 3722 huic
333 3658 513 3721 auctoritati
528 3658 718 3734 subduntur,
734 3676 792 3719 nec
811 3661 859 3718 est
876 3656 988 3734 regula
1002 3654 1084 3734 juris

9 3983 10 4012 l
