2582 4278
145 277 211 323 llll.
232 275 254 322 1.
276 275 397 324 neroni
416 277 454 322 nl·
473 275 668 324 CONSTITU'HO
688 275 913 324 CAPITULORUH.
985 270 1031 322 lli

43 393 85 474 qui
98 409 212 470 semper
222 390 325 469 riguit
334 391 460 470 legendi
474 391 651 471 capitulum
663 391 859 469 regularum,
874 390 924 452 vel
937 391 1047 454 sucrse'

43 491 202 570 Scripturas,
214 489 300 550 intra
313 489 456 550 divinum
471 489 624 564 officium,
642 488 684 551 cd
696 489 810 550 horam
825 489 951 550 Primoe.

88 586 241 667 Quidquid
252 587 294 648 sit
304 587 344 648 de
354 585 549 668 etymologia
560 587 709 663 nominis,
723 587 764 648 ad
777 587 939 648 notionem
952 588 1036 670 capi-

43 687 87 746 tuli
98 685 295 746 attendamus
311 703 318 745 :

84 781 240 843 Diciturll
258 779 426 862 Colleqlum
445 780 644 859 clericam·
666 782 751 862 quod
773 781 952 844 subindicat
971 782 1034 844 cle·

40 880 103 940 neos
114 878 279 940 convenire
292 879 326 938 in
339 879 457 958 plurali
471 897 615 954 numero,
632 883 668 940 ut
680 879 890 940 constituatur
910 879 1033 958 capitu-

41 979 99 1040 lum.
111 975 291 1055 Requiritur
302 982 337 1037 ut
351 976 415 1037 sint
431 977 544 1038 saltem
562 979 626 1038 tres
641 995 785 1050 numero,
797 975 891 1056 juxta
902 977 1034 1055 vulgare

40 1075 146 1134 effatum
175 1072 248 1134 Tres
278 1073 398 1152 sumunt
428 1073 606 1156 capitulum,
643 1075 729 1154 quod
754 1073 867 1154 ajuro
892 1076 1034 1136 Romano

41 1171 304 1251 desumuntur,
321 1171 441 1234 scilicet
452 1192 472 1234 a
483 1172 554 1250 lege
568 1171 715 1234 Neronia
729 1173 768 1232 85
780 1173 814 1234 ff.
827 1171 863 1233 dc
877 1171 1034 1233 cerberum

41 1269 251 1349 slpnrficutione,
286 1288 356 1350 quae
386 1271 430 1332 sic
451 1271 549 1332 habet
571 1288 579 1331 :
605 1270 784 1330 «Neratius
810 1269 932 1348 priscus
955 1268 1035 1329 dixit

45 1373 112 1428 «uss
130 1367 234 1430 iacere
259 1368 441 1446 collegium,
465 1373 496 1430 et
515 1369 577 1430 hoc
598 1367 700 1446 magis
724 1367 922 1447 sequendum
943 1372 1000 1430 est.
1016 1390 1032 1424 s

43 1465 124 1526 Omnis
145 1466 358 1528 communitas
382 1467 445 1528 rite
459 1467 613 1528 ¹ordinata
635 1467 814 1528 deliberare
843 1466 1033 1547 quandoque

43 1563 113 1624 debet
123 1563 160 1624 de
180 1563 319 1642 negotiis
336 1565 489 1644 propriis;
506 1583 602 1645 porro
625 1565 810 1627 deliberatio
826 1565 957 1644 requirit
970 1569 1034 1626 tres

42 1659 128 1722 saltem
149 1667 321 1740 personae,
346 1667 399 1737 ut,
425 1663 458 1722 in
483 1681 557 1724 casu
580 1662 768 1724 diversitatis
792 1662 1031 1736 sententiarum,
1123 1677 1129 1698 ¹

44 1758 140 1836 negotia
161 1759 312 1821 concludi
331 1760 459 1840 'possint
487 1750 603 1840 mojori
631 1779 763 1822 nurnero
795 1761 1031 1839 suffragiorum.

43 1855 223 1920 Nihilominus
236 1863 359 1933 tomen,
373 1859 400 1919 si
412 1859 552 1939 capitulo
568 1860 666 1921 semel
681 1860 864 1934 constituto,
881 1859 1033 1939 pleraque

44 1953 155 2016 membra
169 1955 322 2017 deficiant
342 1956 422 2017 adeo
442 1963 478 2018 ut
492 1957 555 2018 duo
575 1957 776 2018 solummodo
797 1956 965 2036 supersint,
982 1957 1033 2017 vel

43 2048 112 2110 elam
134 2071 247 2130 unum,
274 2053 449 2133 capitulum
474 2054 578 2116 adbuc
603 2055 761 2134 subsistit,
787 2073 879 2116 suum
906 2054 1032 2116 tilulum

43 2148 198 2222 canonicum
213 2169 340 2230 suaque
350 2151 425 2231 jura
444 2159 621 2214 conservet.
638 2154 757 2225 «Quod
772 2153 892 2214 dictum
909 2159 956 2214 est
968 2156 1033 2213 tres

44 2265 53 2295 l
68 2245 162 2333 saltem
182 2249 306 2328 requiri
325 2251 365 2310 ad
381 2250 566 2328 capitulum,
581 2250 629 2312 ait
641 2251 783 2328 Pugnan,
799 2268 910 2311 vorum
927 2255 976 2310 est
992 2250 1032 2309 ab

45 2340 153 2420 linitio,
174 2347 230 2406 sed
253 2351 365 2425 postea
380 2347 433 2426 jus
449 2348 575 2426 collegii
590 2347 686 2408 etiam
701 2348 734 2407 in
748 2366 813 2408 uno
832 2347 996 2408 retinetur.
1014 2370 1035 2403 »›

42 2436 136 2520 lncap.
150 2441 275 2518 Nullus,
292 2452 327 2504 n⁰
342 2446 393 2520 30,
409 2463 447 2506 ou
463 2447 651 2508 Enncrronn.
667 2447 715 2506 lta
730 2445 920 2506 celebriores
935 2463 1031 2506 cano·

42 2533 116 2612 uste,
139 2540 191 2618 qui
213 2560 254 2602 ex
275 2541 331 2603 illo
356 2543 513 2622 principio
538 2544 681 2623 practica
704 2543 900 2606 consectaria
924 2543 1033 2621 magni

42 2632 140 2707 quidem
153 2641 309 2701 momenti
324 2641 496 2716 deducunt,
511 2647 547 2702 ut
559 2642 643 2703 infra
656 2641 826 2702 videbitur.

81 2735 108 2792 2⁰
121 2733 179 2808 (lui
189 2737 246 2800 suo
255 2737 385 2818 praelato
395 2739 590 2800 constituti...
604 2739 771 2800 essentiale
786 2745 834 2800 est
849 2739 936 2799 omni
949 2757 1032 2800 com·

42 2829 156 2892 nunitati
179 2841 213 2896 ul
242 2834 303 2914 ipsi
325 2835 441 2916 uliquis
467 2837 585 2915 praesit.
619 2837 802 2916 Capitulum
833 2836 1030 2912 cathedrale,

43 2931 167 3000 quatenus
189 2939 239 2994 est
261 2939 391 2995 senatus
413 2940 445 2996 et
470 2935 635 2995 consilium
659 2935 819 3015 Episcopi,
844 2953 908 2996 non
934 2936 1031 2997 alium

41 3026 176 3095 presidem
195 3031 294 3092 babet
313 3051 411 3112 quarn
427 3033 532 3112 ipsum
551 3034 762 3113 Episcopum
781 3041 939 3113 quatenus
955 3051 1031 3094 vero

40 3125 72 3178 csl
82 3140 184 3205 corpus
195 3129 327 3209 propria
336 3130 461 3192 habens
473 3131 612 3210 negotia,
626 3133 687 3192 sub
698 3133 761 3193 alio
773 3132 907 3212 praelato
918 3131 1033 3193 consti·

41 3215 249 3378 {ltillllndnempe
263 3227 398 3302 deceno,
414 3229 521 3308 priore
536 3235 592 3290 aut
603 3231 786 3310 praeposite,
804 3230 906 3291 aliove
919 3227 1030 3308 quovis

50 3329 82 3372 111
94 3335 109 3377 0
139 3327 262 3386 onetur.

16 3501 17 3504 Ἴ
78 3413 104 3472 3⁰
120 3415 216 3482 Unum
226 3427 335 3502 corpus
349 3421 465 3485 morule
477 3423 657 3506 efficiunt...
675 3424 762 3506 quod
772 3443 810 3486 ax
825 3423 1030 3503 precedenti·

40 3500 466 3600 husstlfficientcrexplicetur.
482 3521 615 3602 Signum
626 3521 864 3584 communitatis
875 3521 1027 3582 canonice

16 3707 18 3784 l

16 3785 21 3914 l

41 3607 122 3704 efectae
137 3620 182 3670 ⁰⁵⁸
193 3615 334 3688 &smum
345 3617 522 3694 publicum,
539 3621 627 3700 quod
640 3619 762 3680 scilicet
776 3618 908 3698 publica
922 3625 1028 3682 aucto·

41 3700 105 3762 lllcte
118 3702 235 3784 nititur,
258 3712 289 3768 ct
313 3711 499 3776 attribuitur
520 3716 669 3796 principi,
691 3714 851 3795 episcopo,
869 3715 1027 3796 capitulis,
