2588 4276
239 203 290 258 {80
475 235 479 241 ·
604 207 681 256 PARS
700 207 734 255 11.
756 207 885 255 chaalon

236 323 392 386 cindibilis
405 323 445 384 sit
460 324 500 385 ad
515 317 680 385 arbitrium
695 323 874 402 superioris.
891 323 984 386 Valet
995 323 1121 399 clectio;
1138 324 1228 406 siqui-

235 407 504 484 dcm'substantia
524 420 684 482 electionis
704 419 846 482 absolute
868 421 1028 500 loquendo
1046 423 1079 483 in
1098 423 1154 484 tali
1171 442 1230 486 casu

233 519 383 593 subsistit,
396 538 454 580 nec
470 518 698 598 capitularibus
714 518 866 598 adempta
877 524 924 579 est
939 520 1040 580 omnis
1055 520 1182 582 libertas
1189 521 1232 582 eli-

233 617 339 700 gendi,
351 629 422 678 cum
432 616 553 695 possint
568 615 673 676 adhuc
686 633 786 676 unum
797 615 946 678 idoneum
960 635 1000 678 cx
1012 617 1155 698 pluribus
1164 637 1233 679 assu·

200 767 206 779 ,
232 733 319 776 merc
335 715 377 775 ad
391 715 542 776 officium.
559 714 712 776 Addimus
727 719 833 775 tamen
850 714 1083 777 rescindibilcm
1099 717 1176 790 fore,
1191 722 1231 776 ut·

110 847 111 850 κ
232 819 306 893 pote
331 833 401 894 quae
428 815 511 875 iacta
531 831 594 875 uon
620 812 660 872 sit
684 812 857 873 secundum
883 831 1030 888 canones,
1056 832 1129 875 cum
1152 815 1232 893 plena

231 911 389 972 libertate.
406 910 710 992 (Scbmalzgrueber,
726 909 760 970 in
772 909 821 973 tit.
837 927 869 971 vr
888 928 930 973 ma
945 911 1129 986 Euucnoar,
1145 918 1178 971 n⁰
1189 913 1229 974 66.

227 1008 373 1088 Pir-hiasi,
391 1017 425 1068 n⁰
437 1007 522 1088 237.)

292 1107 341 1168 IV.
355 1106 546 1187 Requiritur,
559 1113 591 1167 ct
599 1105 809 1169 communiter
817 1106 934 1168 sufficit
942 1107 1102 1188 majoritas
1113 1106 1233 1170 absolata

166 1233 167 1238 ¹
231 1205 448 1287 capitularium
463 1205 504 1266 ad
520 1204 773 1266 deliberandum.
1146 1259 1150 1266 .

293 1301 475 1383 Reqdiritur
493 1301 657 1380 majoritas
675 1321 714 1363 cx
732 1303 873 1363 omnium
897 1321 1068 1378 consensu;
1093 1304 1230 1384 siquidem

231 1419 345 1480 corpus
356 1400 476 1461 morale
488 1399 665 1461 deliberans
676 1400 785 1478 nequit
799 1401 1019 1480 repraesentari
1030 1420 1049 1462 a
1059 1402 1174 1462 minori
1185 1421 1230 1462 sua

229 1503 331 1578 parte,
352 1496 414 1556 nisi
434 1497 604 1575 ipsummet
623 1497 799 1558 consentia-t
817 1497 901 1559 vices
914 1515 986 1558 suas
1001 1498 1097 1559 alicui
1115 1499 1230 1560 deman·

159 1613 161 1616 ·
230 1595 344 1656 dare...
360 1593 521 1674 Majoritas
538 1613 605 1664 esse
620 1594 715 1656 dabat
729 1596 875 1657 absoluta
889 1614 952 1657 non
962 1596 1112 1672 relativa3
1129 1597 1229 1675 quoda

228 1692 407 1771 majoritate
426 1693 626 1754 solummodo
646 1692 780 1754 relativa
798 1694 951 1772 procedit,
976 1693 1039 1754 dici
1063 1695 1230 1756 nullatenus

228 1796 333 1871 potest
345 1791 515 1870 procedere
530 1809 549 1852 a
564 1791 679 1870 majori
693 1795 783 1870 parte
799 1791 940 1870 capituli.
958 1791 1123 1871 (Ferraria,
1137 1800 1169 1852 v⁰
1187 1789 1229 1852 Vi·-

228 1889 328 1948 cart'us
342 1888 527 1970 capitularis,
545 1893 604 1950 art.
623 1907 645 1950 1.
660 1901 695 1948 n⁰
710 1890 760 1950 66.
777 1887 787 1968 )
803 1889 893 1962 Quod
907 1889 933 1950 si
950 1890 1030 1951 forte
1045 1890 1192 1968 suffrag-ia
1203 1889 1228 1948 in

227 1990 334 2064 peries
348 2000 480 2048 numero
497 1986 635 2065 aequales
648 1986 844 2060 dividantur,
861 2006 926 2049 non
946 1989 1171 2066 praeponderat
1182 2005 1226 2048 vo·

226 2089 295 2145 tum
310 2083 463 2163 praesidis,
480 2083 540 2144 nisi
556 2083 646 2146 aliter
661 2083 844 2145 ordinatum
860 2084 899 2144 sit
914 2085 1040 2145 statutis
1055 2083 1227 2165 capitulari·

226 2182 285 2242 bus
296 2201 303 2256 ;
315 2181 409 2260 juxta
423 2181 507 2242 enim
528 2181 727 2260 disciplinam
748 2181 908 2259 vigentem
928 2181 961 2242 in
976 2183 1118 2244 conciliis
1133 2188 1164 2244 et
1176 2199 1226 2243 ca·

225 2279 302 2340 teris
321 2279 527 2342 conventibus
548 2279 777 2354 ecclesiasticis,
792 2297 929 2359 praeses.
943 2299 1007 2342 non
1029 2280 1151 2360 potitur
1167 2279 1227 2358 jure

226 2377 366 2456 suffragii
383 2377 665 2457 praepondcrantis.
685 2379 883 2456 Quapropter
902 2377 928 2437 si
950 2378 1227 2457 aequalia‘numero

225 2475 377 2553 suffragia
389 2475 503 2536 dentur
516 2475 641 2535 duobus
656 2474 832 2539 candidatis
847 2476 887 2536 ad
901 2476 1040 2537 officium
1055 2476 1166 2538 vicarii
1181 2493 1225 2535 ca·

224 2570 379 2648 pitularis,
396 2578 427 2633 ct
441 2577 513 2634 octo
530 2571 597 2632 dies
614 2571 715 2650 elapsi
736 2571 798 2632 sint
813 2573 890 2652 quin
904 2573 1095 2652 capitulares
1106 2571 1224 2637 con'cor·

225 2667 301 2728 dare
312 2669 473 2746 potuerint
486 2669 519 2731 in
540 2668 764 2748 majoritatem,
779 2669 890 2731 electio
910 2669 1051 2732 delcrtur
1066 2671 1107 2732 ad
1121 2675 1227 2732 metro·

224 2765 411 2844 politanum.
449 2768 496 2827 lta
526 2766 692 2828 definitum
728 2768 826 2828 reicrt
853 2768 1002 2842 Ferraris,
1030 2769 1103 2830 loco
1127 2769 1222 2837 citata,

224 2865 348 2924 n046...
463 2923 466 2930 ,
499 2925 504 2936 ,
559 2926 561 2930 ,
668 2881 670 2890 ’
833 2907 835 2914 ·

281 2961 461 3040 Aliquando
479 2980 543 3023 non
563 2963 680 3026 suflicit
691 2962 854 3044 majoritas
866 2963 1025 3038 absoluta,
1043 2965 1098 3025 scd
1111 2962 1223 3027 statutis

220 3059 443 3138 peculiaribus,
472 3059 522 3122 vel
539 3060 672 3122 inducta
699 3061 937 3136 consuetudine,
963 3061 1135 3140 exiguntur
1156 3061 1222 3122 dua

220 3156 582 3238 suffragiorumpartes.
599 3160 680 3233 Quin
705 3158 801 3220 etiam
820 3163 900 3221 ,sunt
913 3163 998 3220 certa
1025 3161 1151 3238 negotia
1171 3174 1221 3239 pro

220 3255 334 3332 quibus
345 3255 417 3335 jure
433 3256 593 3322 communi
605 3255 776 3335 requiritur
788 3256 979 3320 unanimitas
998 3257 1219 3338 suffragiorum,
1260 3299 1261 3348 j

218 3352 249 3413 si
259 3372 373 3432 nempe
388 3372 438 3415 res
457 3355 495 3415 de
512 3372 576 3434 qua
593 3353 699 3432 agitur
721 3352 917 3430 singulorum
941 3354 1076 3431 intersit,
1098 3355 1173 3416 adeo
1189 3356 1220 3412 ut
1260 3351 1261 3434 j

218 3448 333 3528 singuli
345 3452 398 3530 jus
412 3451 576 3532 proprium
591 3450 756 3532 personale
778 3450 928 3514 habeant.
945 3454 1000 3514 Est
1015 3453 1162 3514 nimirum
1175 3467 1217 3510 re·
1260 3451 1261 3508 t

217 3547 293 3624 gula
302 3546 383 3626 juris
397 3566 475 3612 xx1x
491 3569 499 3612 :
516 3548 707 3626 (laodomam
718 3551 820 3630 taaqt't
829 3549 867 3611 ab
880 3549 1016 3611 omnibus
1025 3549 1111 3614 debet
1122 3565 1217 3634 appre

218 3644 294 3710 bari.
322 3645 421 3707 Aliter
444 3647 558 3712 sentias
582 3649 622 3710 de
641 3665 716 3709 casu
739 3646 771 3708 in
788 3665 857 3728 quo
880 3667 932 3710 res
952 3667 1016 3713 non
1036 3649 1159 3731 respicit
1183 3642 1217 3706 ad
