2582 4278
236 253 296 342 too
435 336 437 342 ,
600 289 903 340 ranunculus·

235 409 304 489 quis
319 407 435 488 gradus
456 406 586 468 honoris
606 405 752 486 capitulis
771 407 961 484 assignetur,
976 424 1054 485 quas
1071 409 1175 484 partes
1188 402 1273 466 ha·
1272 397 1273 434 ³

233 508 351 570 beant'
342 525 376 568 1n
388 505 541 585 regimina
555 505 707 580 dioeccsis,
722 505 777 566 ct
768 523 801 565 111
814 524 871 567 suo
887 506 1017 586 proprio
1029 503 1190 582 regimine.
1272 499 1273 520 ³

295 607 420 668 Ilo.-
436 606 465 666 1⁰
481 603 553 678 Quis
569 603 682 684 prodas
700 602 822 664 tenoris
839 603 972 685 capituto
986 601 1131 664 Ecclesia
1148 599 1273 663 cutte

233 701 328 764 dralis
342 698 537 782 assignetur?

293 798 857 880 Capitulnmjushabetpraecedandi,
867 797 1141 878 quandocoetibts
1128 796 1273 856 eccle

232 897 366 960 siasticis
384 897 517 971 adsistit,
541 913 651 958 omnes
670 896 814 971 clericos,
835 895 1008 976 regulares
1029 893 1194 976 parochos,
1208 899 1273 953 et

233 997 297 1058 alia
315 995 455 1076 capitula
477 993 727 1072 collegiatarum,
753 994 830 1074 qula
850 999 1058 1074 repraesentat
1074 991 1232 1054 Ecclesiam
1271 991 1273 1080 l

232 1093 458 1168 cathedralem,
471 1109 543 1171 quae
551 1091 856 1154 estmateromnium
866 1091 1081 1152 ccclesiarIum
1093 1089 1232 1150 dioecesis.

231 1189 265 1253 Si
281 1209 352 1252 vero
367 1209 430 1252 non
446 1191 571 1251 assistat
583 1189 800 1268 capitulariter
811 1188 866 1252 sed
881 1207 939 1268 per
954 1189 1136 1268 deputatos,
1150 1186 1232 1264 depu-
1272 1221 1273 1254 3

230 1287 289 1349 tati
312 1288 422 1350 sedent
443 1291 515 1367 post
536 1286 667 1348 abbates
690 1286 844 1361 tltulares,
874 1292 946 1367 post
970 1286 1064 1347 etiam
1092 1284 1231 1344 habentes

231 1403 323 1446 usum
341 1385 454 1459 mitrae,
471 1390 502 1446 ct
514 1389 645 1446 caeteros
665 1384 797 1445 abbatos
817 1382 1117 1445 commendatarios.
1134 1378 1231 1462 (Care-

231 1481 362 1544 moniale
376 1481 608 1563 Episcoporum,
623 1481 676 1542 lib.
693 1481 719 1556 1,
735 1496 955 1561 cap.xxx1,n⁰
971 1479 1035 1560 Io.)

291 1580 361 1640 lto.
382 1579 485 1639 -110
507 1577 587 1653 Quas
605 1587 709 1661 portes
731 1577 898 1660 capitulum
920 1577 1029 1640 habeut
1045 1578 1080 1640 in
1101 1575 1232 1658 regimine

230 1675 370 1754 diocesis,
381 1685 410 1737 et
419 1679 592 1758 prasertim
605 1676 750 1738 Ecclesia
761 1675 968 1739 cathedralis?

290 1775 314 1837 I.
331 1775 377 1834 Ex
389 1773 524 1835 textibus
530 1773 622 1852 juris,
634 1775 666 1835 in
678 1775 772 1836 titulo
783 1791 822 1836 ns
836 1791 885 1837 nra
896 1791 964 1846 uun
973 1786 1230 1838 munrarnnmro
1272 1851 1273 1860 ἵ

228 1885 297 1936 sins
324 1887 475 1934 consansu
502 1889 637 1942 manum
664 1872 800 1946 inscrtIs,
830 1872 1005 1952 Episcopus
1031 1891 1096 1934 non
1121 1871 1232 1932 deberet
1272 1861 1273 1874 *

228 1969 357 2048 negotia
371 1970 517 2047 graviora
531 1989 594 2032 snae
609 1969 757 2032 Ecclesiae
772 1971 840 2032 sine
854 1971 994 2050 capitulo
1005 1976 1159 2043 tractare;
1174 1965 1230 2028 hac

225 2067 313 2129 enim
327 2067 436 2129 statuit
450 2085 520 2146 cap.
537 2065 676 2145 Nomai
697 2083 704 2130 :
727 2089 741 2126 a
754 2067 852 2130 Novit
866 2072 929 2130 tun
949 2067 1145 2130 discretionis
1165 2079 1229 2145 pru·

229 2187 246 2222 «
261 2165 368 2226 dantia
390 2165 526 2244 qualiter
543 2170 577 2226 tu
599 2169 630 2226 ct
648 2167 762 2228 iratres
780 2165 828 2227 tui
847 2184 946 2227 annm
965 2183 1079 2244 corpus
1097 2163 1173 2238 sitis,
1193 2160 1229 2221 its
1271 2233 1272 2242 ἵ

226 2286 243 2319 «
257 2263 343 2343 quod
357 2267 391 2323 tu
408 2269 515 2343 caput,
530 2269 563 2324 ct
578 2263 625 2324 illi
640 2263 790 2325 membra
806 2282 873 2326 esso
891 2268 1055 2343 putantur.
1074 2262 1162 2324 Unde
1176 2275 1229 2320 nun

227 2384 245 2415 «ι
257 2361 348 2422 decet
364 2366 406 2435 tc,
422 2361 548 2422 omissis
563 2361 724 2438 membris,
741 2361 879 2422 aliorum
893 2361 1024 2423 consilio
1039 2361 1073 2421 in
1092 2355 1225 2422 Ecclesia

230 2462 320 2518 utuae
342 2459 477 2538 negotiis
497 2457 553 2532 uti,
578 2475 652 2518 cum
674 2457 706 2518 id
731 2475 797 2520 non
816 2459 856 2520 sit
874 2459 1007 2520 dubium
1029 2464 1061 2520 et
1083 2449 1229 2519 honestati

230 2559 370 2615 utuaeet
391 2560 573 2617 sanctorum
587 2556 719 2616 Patrum
733 2556 987 2618 institutionibus
1000 2557 1200 2618 contrarium.
1214 2571 1227 2603 t

225 2650 299 2712 Haec
313 2652 472 2731 rescripsit
485 2652 664 2714 Alexander
677 2654 719 2714 Ill
734 2654 775 2715 ad
789 2654 1004 2734 patriarcham
1014 2646 1227 2730 Hierosolymi·

224 2752 355 2823 tanum;
370 2749 420 2810 cui
437 2750 553 2810 iterum
568 2767 637 2830 cap.
657 2749 787 2828 muno,
805 2753 836 2826 s,
853 2753 1019 2814 mandavit
1032 2756 1068 2812 ut
1084 2775 1100 2808 «
1114 2751 1146 2811 in
1161 2763 1226 2809 con·

227 2845 451 2906 «cessionibus
475 2851 508 2906 et
531 2847 824 2910 confirmationibus
850 2855 881 2911 et
905 2849 975 2918 aliis
1000 2849 1146 2912 Ecclesia
1171 2857 1226 2904 sua

226 2965 244 2998 «ι
258 2942 394 3020 negotiis
407 2965 421 3032 u
442 2961 515 3004 snos
534 2945 658 3016 iratres,
675 2946 788 3026 utique
808 2947 989 3023 canonicos,
1008 2947 1188 3026 requireret,
1202 2942 1228 2998 et

223 3057 428 3102 cumeorum
450 3041 593 3119 consilio,
616 3042 667 3104 vel
690 3043 827 3106 sanioris
849 3045 959 3124 partis,
983 3063 1054 3125 quae
1075 3035 1230 3106 statuenda

221 3143 329 3200 essent
343 3142 505 3201 statuerat.
755 3215 763 3230 .

283 3238 358 3299 Haec
374 3237 556 3316 ponderans
571 3239 760 3324 Benedictus
769 3241 878 3305 XlVin
893 3256 950 3303 suo
961 3239 1101 3322 opercde
1115 3231 1226 3320 Synedo
1268 3301 1269 3322 ἶ

173 3355 175 3362 ·
223 3335 407 3397 concludit:
422 3336 600 3412 «Profecto
614 3339 732 3420 ambigi
745 3357 809 3404 non
820 3345 924 3421 potest
932 3341 1008 3420 quin
1020 3339 1115 3402 ctiam
1129 3331 1222 3402 hodie.

228 3452 243 3490 u
253 3431 325 3510 jure
342 3433 581 3516 ¹Decretalium,
613 3437 757 3500 canonici
780 3439 929 3501 Ecclesia
959 3435 1147 3499 cathedralis
1171 3429 1224 3491 sint

227 3529 433 3592 «consiliarii
454 3531 521 3593 nati
540 3532 781 3615 Episcoporum,
799 3536 879 3598 adeo
899 3540 1017 3597 utnon
1038 3534 1131 3595 liccat
1150 3525 1223 3607 Epis·
1267 3531 1268 3540 ’

223 3649 241 3686 «
256 3644 336 3706 copo
356 3627 475 3708 aliquid
495 3629 602 3709 gravis
623 3634 777 3695 momenti
793 3633 925 3713 aggredi
944 3638 976 3694 et
990 3631 1161 3695 deliberare
1177 3623 1219 3686 in·
1267 3629 1268 3642 ¹

225 3719 399 3787 «consulto
413 3726 563 3805 capitulo.
579 3751 595 3784 s
614 3729 692 3810 (bib.
707 3732 787 3807 XIII,
804 3749 874 3812 cap,
890 3749 911 3808 1,
926 3729 966 3792 nl·
983 3729 1055 3811 bo).
