2642 4268
280 258 356 310 ann·
369 257 390 308 1.
410 257 487 310 eous
507 258 699 312 renuentum
720 241 881 308 scaenam.
1034 249 1086 306 48³

52 375 207 452 poralia,
224 393 277 438 seu
292 377 434 453 mobilia,
451 395 506 440 sau
523 376 710 452 immobilia,
727 395 790 458 que
804 375 876 456 jure
890 375 1010 456 privari
1023 395 1087 439 non
1171 373 1173 378 ’

53 477 195 551 potast;
219 475 373 556 quidquid
390 476 475 538 enim
495 476 640 539 homines
659 475 822 540 enituntur
838 480 950 538 centra
969 474 1085 538 consti·

55 571 229 636 tutionem
243 573 382 636 divinem
396 575 556 652 Ecclesia,
570 575 694 638 irritum
710 580 766 638 est.

128 670 354 734 Concludiurus
364 691 371 736 :
381 673 590 736 eccelesiam
601 691 639 736 eo
649 673 721 753 jure
732 673 780 736 uti
791 691 895 752 posse,
909 690 973 734 non
986 672 1087 734 solum

56 772 99 828 nt
126 769 337 848 provideatur
356 770 506 834 institutis
530 789 600 852 quae
628 772 689 852 ipsi
710 771 888 837 necessarie
910 777 994 846 sunt,
1020 769 1090 832 sedi

59 865 257 947 episcopali,
279 868 417 948 capitulo
438 871 584 932 Ecclesiae
604 869 806 944 cathedralis,
827 857 973 934 Ecclesiis
995 886 1087 949 paro·

61 963 243 1039 chialibus,
270 967 463 1043 seminariis,
489 970 544 1032 sad
565 963 660 1033 etiam
683 968 834 1032 institutis
859 968 929 1030 aliis
955 966 1089 1047 publicis

62 1081 212 1142 quorum
226 1065 424 1130 existentiam
439 1067 549 1130 utilem
561 1068 686 1148 judicat
698 1069 731 1130 in
746 1067 857 1130 ordine
870 1065 1037 1148 spirituali,
1054 1071 1090 1126 ut

64 1164 404 1228 sunt‘eommunitates
417 1165 583 1245 religiosae.
598 1167 616 1229 J
619 1168 702 1229 udex
715 1167 785 1248 ipsa
799 1172 848 1228 est
860 1164 1089 1228 convenientiae

64 1266 100 1323 et
117 1261 267 1326 utilitatis
280 1263 396 1326 horum
410 1264 626 1328 institutorum
641 1265 687 1346 (n⁰
701 1266 772 1340 428,
788 1285 821 1346 p.
838 1264 921 1346 186).

134 1361 359 1424 Concludimus
374 1363 405 1422 3⁰
419 1364 504 1425 bona
517 1364 705 1445 temporalia
719 1363 866 1432 Ecclesia
880 1362 1022 1442 legitime
1037 1381 1087 1424 ec·

68 1459 194 1538 quisita
207 1460 307 1541 ipsius
320 1463 450 1542 propria
462 1481 539 1541 csse,
554 1464 633 1526 adeo
645 1470 681 1526 ut
694 1469 833 1544 potestus
847 1461 1007 1526 saecularis
1021 1461 1090 1522 nul·

68 1560 202 1622 latenus
219 1560 323 1623 valeat
341 1579 379 1622 ea
396 1561 456 1624 sibi
475 1562 646 1638 vindicare,
665 1581 723 1626 nec
742 1563 780 1625 de
795 1563 862 1624 istis
882 1579 941 1643 pro
961 1559 1090 1624 arbitrie

69 1658 254 1739 disponere,
271 1678 336 1722 nou
350 1678 440 1722 secus
455 1678 493 1724 ae
504 1661 543 1724 de
557 1662 649 1724 bonis
661 1662 867 1742 privatorum.
1084 1671 1086 1678 '

135 1758 323 1838 Respuimna
336 1760 434 1839 igitur
446 1764 599 1841 tanquam
613 1760 719 1833 lalsas,
737 1763 831 1840 atque
844 1757 990 1822 Ecclesia
1005 1757 1090 1838 inju-

69 1854 187 1930 riosas,
207 1857 372 1936 opiniones
389 1859 577 1939 juristarum
596 1859 652 1942 qui
671 1877 720 1920 res
739 1856 886 1920 Ecclesia
905 1857 988 1920 inter
1006 1857 1092 1918 bona

71 1954 251 2018 nationalia
267 1963 419 2036 reponare
437 1962 716 2038 praesumpserunt.
733 1991 774 2004 -
787 1957 970 2036 Optandum
983 1960 1094 2018 tam-en

71 2059 109 2116 ut
131 2053 206 2116 duae
233 2056 449 2134 auctoritates,
477 2056 649 2138 spiritualis
677 2061 708 2120 et
737 2045 912 2131 saeeuleris,
943 2052 1092 2118 concordi

73 2152 184 2214 animo
197 2160 391 2234 componant
402 2173 473 2235 quse
487 2156 527 2216 ad
540 2154 623 2216 hanc
636 2153 801 2217 materiam
814 2158 978 2233 spectant;
993 2157 1026 2217 et
1040 2169 1091 2212 ne-

73 2251 247 2314 cessarium
262 2257 311 2314 est
328 2259 363 2314 ut
376 2253 521 2316 instituta
537 2253 750 2316 ecelesiastica
763 2251 932 2314 observent
945 2251 1030 2329 leges
1045 2249 1089 2311 ei·
1137 2289 1143 2306 .

72 2350 316 2427 vileslocorum,
328 2352 442 2432 quibus
452 2352 601 2415 indicitur
612 2351 743 2430 singulis
754 2350 866 2413 modus
875 2347 1093 2430 acquisitionis

75 2454 106 2512 et
124 2449 369 2511 transmissionis
387 2451 545 2513 bonorum
563 2469 602 2514 ne
620 2468 652 2512 se
669 2450 834 2530 implicent
850 2446 1092 2510 difficultatibus

73 2547 106 2611 in
121 2547 216 2627 praxi
229 2549 420 2628 quandoque
435 2548 688 2612 inenodabilibus
703 2547 751 2630 (n0
766 2549 836 2623 506,
854 2567 886 2627 p.
903 2543 986 2627 348).

136 2645 149 2670 *
164 2646 233 2706 575.
251 2679 290 2692 —-
304 2645 516 2728 trudonem,
531 2649 563 2708 in
576 2648 683 2730 specte,
696 2647 870 2726 pertimeat
884 2643 1048 2707 demetrium
1063 2653 1092 2704 et

74 2743 257 2825 dr'specsctr'o
272 2744 414 2806 benorum
429 2743 717 2808 ecclesiastieorum?

135 2843 287 2904 Nonnulli
300 2843 470 2908 canoniae
485 2845 633 2906 dixerunt
649 2845 735 2906 bona
748 2843 961 2906 ecclesiastiea
977 2859 1044 2904 esse
1058 2842 1092 2903 in

73 2941 132 3002 Dei
145 2941 244 3004 solius
258 2942 409 3015 dominio,
424 2943 499 3022 quia
512 2950 586 3005 sunt
596 2961 646 3004 res
658 2945 722 3004 Deo
735 2957 833 3006 sacrm
848 2942 881 3002 in
893 2960 973 3022 quas
984 2959 1090 3014 nemo,

75 3057 135 3100 nee
149 3040 370 3116 communitas,
385 3059 443 3102 nec
456 3040 558 3121 quivis
571 3041 725 3120 privatus,
735 3039 789 3120 jus
802 3040 1004 3120 proprietatis
1015 3055 1094 3118 prae-

75 3138 206 3198 tendere
225 3143 338 3218 potest.
359 3140 433 3200 llaee
451 3139 608 3200 sententia
624 3143 670 3198 est
691 3137 820 3217 quidem
837 3155 922 3209 vera,
944 3137 970 3198 si
987 3137 1033 3198 ita
1048 3135 1095 3196 in·

75 3235 239 3313 telligatur
254 3241 288 3297 ut
301 3236 387 3298 bona
402 3235 613 3298 ecclesiastica
627 3235 775 3311 debeant,
794 3235 836 3296 ob
851 3235 948 3297 finem
963 3233 1015 3295 cui
1028 3234 1095 3296 des·

77 3334 287 3409 tinetaluere,
300 3335 411 3396 reterri
421 3335 461 3396 ad
472 3335 627 3396 bonorem
636 3339 669 3396 et
678 3333 799 3395 cultum
809 3333 877 3409 Dei,
892 3351 950 3394 nec
960 3331 1093 3412 possint,

81 3432 221 3511 exeeptis
235 3433 360 3496 casibus
371 3433 443 3512 jure
459 3432 614 3514 probatis,
631 3431 773 3512 impendi
786 3431 818 3492 in
834 3449 908 3492 usus
925 3431 1092 3510 prolnn0s3

82 3530 250 3592 destinatio
270 3537 376 3594 autem
392 3532 549 3593 bonorum
567 3550 631 3592 non
649 3529 781 3610 impedit
798 3529 966 3610 quominus
981 3527 1095 3591 consti-

80 3634 211 3690 tuantur
238 3631 296 3692 sub
324 3631 465 3692 humano
489 3628 622 3709 alicujus
654 3629 869 3708 dominio-qui
899 3629 1005 3692 valcat
1031 3625 1096 3690 illis

81 3727 138 3808 uti,
155 3745 193 3790 ae
211 3728 251 3790 de
271 3727 532 3810 illisdisponere,
557 3727 584 3792 si
606 3727 774 3790 necessitas
788 3727 1006 3808 postulaverit,
1027 3743 1094 3790 ser-

377 3831 381 3866 l
