2582 4278
213 259 246 312 96
580 263 653 312 PARS
675 262 710 309 ΙΙ.
732 261 859 311 clueret.
1281 292 1282 374 1

216 406 231 437 «
247 380 434 442 nonieorum
454 379 614 441 seniorum
636 384 668 440 et
688 375 872 456 graviorum
889 399 968 460 quos
988 380 1048 460 ipsi
1063 382 1229 461 elegerint,
1281 377 1282 446 ἷ

218 485 343 560 «prout
362 479 497 558 Spiritus
518 481 646 538 sanctus
671 477 873 554 suggesserit,
895 478 1231 560 constituent3'eaque

217 583 283 638 «ut
306 594 431 655 semper
454 577 673 650 observentur,
695 573 810 652 sepius
836 575 991 636 visitando
1015 593 1146 658 operam
1171 578 1230 639 da·

216 699 230 730 «
248 676 339 736 bunt.
356 698 371 730 »
1282 739 1283 744 ,

277 772 448 834 Consilium
458 771 590 850 proinde
601 772 736 833 duorum
746 771 1130 834 canonicorumadhibere
1139 773 1235 834 debet

217 870 389 950 Episcopus
400 870 431 930 in
443 869 669 930 constituendis
679 871 796 950 regulis
811 869 982 945 seminarii,
992 869 1024 929 iu
1037 869 1234 931 admissione

215 968 416 1028 alumnorum
429 972 461 1028 et
479 967 664 1045 expulsione
678 967 892 1046 dyscolorum,
909 967 942 1026 in
958 966 1112 1029 electione
1128 974 1232 1028 recto·

215 1066 268 1139 ris,
284 1064 485 1144 prorectoris,
510 1066 724 1144 professorum
747 1064 892 1146 (excepto
909 1069 1016 1125 tamen
1033 1064 1059 1124 si
1080 1064 1235 1126 adminis-

216 1164 311 1224 tratio
331 1163 491 1224 seminarii
508 1162 612 1222 ordini
633 1163 771 1240 regulari
790 1162 958 1224 commissa
971 1162 1033 1244 sit),
1050 1162 1082 1222 in
1105 1162 1235 1224 delectu

216 1262 381 1336 librorum,
397 1261 430 1321 in
442 1260 621 1321 visitatione
637 1261 813 1333 seminarii;
830 1279 895 1321 uno
910 1261 1019 1334 verbe,
1036 1261 1069 1320 in
1085 1260 1235 1322 omnibus

217 1376 287 1440 quae
303 1360 344 1420 ἃᾶ
354 1357 514 1420 ‘rationem
526 1357 714 1431 studiorum,
727 1359 769 1419 ed
782 1357 910 1438 pietatis
928 1358 1130 1437 disciplinam
1140 1375 1235 1437 spee-

217 1462 296 1518 tant.
314 1460 387 1517 Haec
400 1475 504 1534 agere,
519 1456 719 1531 constituere,
734 1457 913 1530 decernere,
926 1473 990 1516 non
1006 1456 1232 1536 veletEpisco-

218 1573 288 1634 pus,
305 1554 364 1614 nisi
377 1554 487 1614 habito
498 1552 634 1614 consilio
649 1572 722 1615 cum
738 1553 907 1628 canonicis,
924 1553 983 1614 etsi
1003 1571 1066 1614 nou
1086 1557 1236 1614 teneatur
1285 1593 1286 1630 3

219 1651 308 1730 sequi
322 1651 448 1712 illorum
463 1657 549 1725 vota,
565 1651 620 1711 sed
633 1651 732 1730 possit
746 1670 802 1712 sua
818 1651 1020 1729 providentia
1036 1669 1085 1712 res
1098 1669 1236 1731 compo-

221 1767 306 1810 nere.

281 1849 312 1909 S.
330 1847 537 1927 Congregatio
552 1847 724 1910 declaravit
738 1847 905 1908 canonicos
920 1847 1017 1908 semel
1032 1847 1150 1909 electos
1172 1865 1237 1908 non

220 1946 388 2006 mutandos
405 1946 573 2006 arbitraria
591 1947 769 2018 voluntate3
785 1945 840 2004 sed
854 1945 1026 2006 servandos
1045 1963 1111 2005 esse
1130 1945 1166 2006 in
1182 1964 1238 2005 suo
1286 1951 1287 1964 ¹

208 2043 337 2117 officio,
354 2043 414 2104 uisi
429 2044 532 2123 gravis
547 2035 628 2105 ratio
643 2044 714 2105 illos
728 2043 896 2110 amovendi
909 2043 1154 2104 intercesserit¹.

282 2145 313 2202 2⁰
332 2143 393 2202 Pro
414 2141 565 2220 regimine
584 2141 752 2220 temporali
776 2141 861 2202 aliud
886 2139 1052 2201 consilium
1078 2139 1239 2220 Episcopo

222 2239 417 2317 assignatum
434 2241 602 2306 concilium
617 2239 726 2300 statuit
744 2244 779 2298 ut
797 2258 867 2316 quae
889 2239 929 2300 ad
942 2237 1069 2316 collegii
1081 2237 1239 2300 lubricam

222 2337 458 2412 instituendam,
487 2339 527 2400 sd
552 2337 730 2398 mercedem
760 2335 1007 2415 preceptoribus
1034 2340 1065 2396 et
1085 2335 1240 2397 ministris

223 2435 417 2509 solvendam,
442 2435 483 2495 ἃᾶ
515 2435 661 2496 alendam
689 2434 899 2513 juventutem,
924 2437 1103 2512 opportune
1131 2441 1239 2509 erunt,

207 2610 209 2614 Ι
224 2532 396 2610 Episcopus
413 2532 578 2610 provideat
604 2553 618 2588 u
635 2549 707 2592 cum
723 2531 852 2592 consilio
868 2531 1004 2592 duorum
1026 2531 1065 2592 de
1081 2531 1239 2610 capitulo,

228 2654 241 2682 α
258 2648 393 2708 quorum
408 2629 488 2688 alter
509 2630 549 2690 ab
565 2629 733 2708 Episcop0,
750 2629 829 2690 alter
851 2629 891 2690 ab
916 2629 984 2706 ipso
1011 2628 1153 2707 capitulo
1180 2629 1239 2690 eli-

228 2749 242 2781 «
259 2731 367 2804 gelum
383 2726 523 2806 itemque
545 2727 681 2788 duorum
701 2728 740 2788 de
755 2727 839 2788 clero
865 2725 1001 2787 civitatis
1015 2743 1153 2805 quorum
1175 2727 1242 2807 qui·

226 2847 241 2878 «
259 2825 331 2885 dem
342 2824 470 2886 alterius
482 2825 594 2887 electio
605 2825 749 2886 similiter
759 2825 800 2886 ad
809 2825 1011 2904 Episcopum,
1024 2823 1241 2886 alteriusvero

229 2947 245 2978 «
262 2923 303 2983 ἃᾶ
317 2923 437 2983 elerum
453 2923 647 3002 pertineat.»

286 3020 476 3099 Coujieimus
488 3021 571 3082 hanc
582 3020 769 3084 electionem
780 3022 849 3084 lieri
859 3023 899 3084 ab
911 3023 1056 3086 universo
1067 3021 1154 3084 clero
1165 3023 1244 3085 dioe-

227 3119 316 3194 cesis,
332 3117 444 3179 saltem
454 3137 473 3178 a
484 3118 632 3198 parochis
646 3125 678 3180 et
687 3120 892 3196 beneficiatis,
903 3121 1057 3200 siquidem
1068 3120 1243 3182 concilium

227 3235 296 3279 eam
311 3217 395 3278 clero
411 3215 563 3277 tributam
578 3235 645 3279 esse
661 3217 772 3279 voluit.
791 3218 993 3280 Gonsiliarius
1008 3218 1099 3296 seligi
1111 3218 1243 3297 quidem

228 3317 322 3377 debet
333 3335 349 3376 e
360 3315 444 3376 clero
455 3315 601 3390 civitatis,
611 3321 647 3376 ut
661 3320 777 3394 praesto
793 3315 833 3376 sit
841 3319 964 3396 quoties
974 3335 1054 3397 opus
1064 3315 1173 3394 fuerit,
1188 3319 1244 3380 sed

228 3412 363 3491 ipsemet
378 3412 489 3474 electio
504 3413 540 3473 lit
554 3414 594 3473 ab
610 3412 755 3474 universo
766 3412 863 3488 clero,
880 3415 1043 3494 quiscum
1062 3432 1175 3478 omnes
1188 3415 1245 3476 he-

229 3510 369 3584 neficiati
380 3511 507 3590 gravari
521 3511 658 3572 debeant
671 3510 762 3572 novis
775 3510 923 3574 oneribus
936 3515 977 3575 ad
990 3513 1244 3576 subveniendum

278 3651 300 3697 l.
313 3648 420 3710 Gireldi‚
431 3651 499 3712 pert.
510 3647 543 3711 ll,
554 3651 617 3700 sect.
634 3662 675 3699 cix
685 3652 711 3700 et
724 3663 755 3701 ex
766 3665 773 3713 ;
790 3649 933 3701 Thesaurus
944 3651 1141 3716 resolutionem,
1154 3657 1175 3704 t.
1187 3653 1243 3712 Vll,

137 3747 140 3754 ·
225 3735 294 3774 ,unm
309 3725 378 3787 1736,
393 3737 454 3788 pag.
468 3725 524 3774 212.
572 3757 576 3768 .
