2604 4274
110 229 111 232 ¹
226 224 280 276 378
319 207 324 218 ‘
496 230 572 278 rans
590 229 638 279 ιιι.
660 231 716 280 nna
738 230 978 279 scccssnsrlcn.

229 347 388 423 canonici,
405 346 597 408 arbitramur
606 346 697 407 illum
707 347 771 426 legi
781 335 968 407 satisfecisse
980 347 1036 426 qui
1046 365 1132 408 sacro
1146 348 1232 410 inter·

226 446 286 506 fuit
306 463 343 506 ea
364 462 427 524 qua
443 463 503 524 par
519 449 566 505 est
579 444 731 524 religione
748 449 779 505 et
793 446 834 505 ab
852 445 1001 530 operibus
1019 445 1122 506 vetitis
1142 465 1232 508 cessa·

229 547 272 603 ut
289 543 312 602 ¹.

186 643 187 646 ’
287 641 357 700 523.
375 673 414 684 -
428 640 469 700 ΙΙο
485 637 863 720 Quidjureprascriptcon
872 640 912 700 ιιι
924 638 1233 701 Purocbr'sdielusdo

226 738 345 799 minicia
360 746 389 798 et
399 734 503 815 festis?

286 835 433 912 Parocbi,
458 839 488 895 et
503 835 558 896 alii
573 853 682 896 curam
704 835 882 896 animarum
905 835 1072 909 habentes,
1097 841 1234 896 tenentur

228 932 337 993 diebus
353 933 518 994 dominicis
526 936 557 992 et
569 933 655 993 festis
670 933 839 1012 providere
850 932 1055 994 celebrationi
1065 933 1233 994 divinorum

227 1030 416 1105 officiorum,
436 1049 566 1110 pascere
585 1031 694 1092 fideles
714 1031 812 1092 verbo
827 1031 884 1092 Dei
902 1049 961 1110 per
973 1031 1105 1109 scipsos,
1122 1035 1173 1091 ant
1184 1049 1233 1110 per

228 1128 424 1204 substitutos,
447 1129 472 1188 si
500 1127 644 1212 impediti
667 1128 797 1202 luerint,
827 1135 859 1188 et
881 1147 939 1208 pro
961 1129 1026 1189 suis
1039 1128 1232 1207 parochianis

227 1225 415 1287 sacrificium
435 1227 559 1286 offerre.

230 1335 232 1340 '
288 1325 366 1384 Cum
381 1323 572 1383 sufficienter
587 1323 705 1384 dictum
719 1323 814 1384 fuerit
827 1323 861 1382 in
874 1324 900 1384 1²
926 1327 1017 1401 parte
1027 1323 1068 1383 de
1079 1322 1232 1401 obligatio-

227 1421 321 1481 nibus
331 1419 549 1481 Parochorum
566 1419 615 1500 (nn
635 1421 786 1495 atarto,
802 1425 825 1481 ι.
839 1423 864 1498 1,
881 1441 913 1500 p.
930 1421 991 1480 tta
1004 1426 1035 1481 et
1049 1420 1141 1500 seq.),
1156 1439 1229 1500 qum-

227 1518 303 1581 dam
333 1518 554 1579 tantummodo
587 1519 729 1580 notanda
755 1525 924 1598 supersunt
952 1518 990 1579 de
1021 1517 1133 1578 diebus
1156 1517 1232 1578 festis

228 1616 414 1695 suppressis
427 1635 483 1676 scu
498 1616 539 1677 ad
554 1616 744 1678 dominicam
759 1621 944 1696 sequentem
956 1616 1130 1691 translatis,
1141 1615 1170 1677 vi
1180 1616 1228 1676 de-

227 1713 305 1774 creti
318 1713 499 1794 Apostolicae
513 1711 648 1791 Sedis,9
664 1713 775 1793 aprilis
787 1733 839 1776 an.
857 1716 949 1777 laon.

287 1811 461 1872 Cardinelis
474 1812 622 1890 Caprara,
640 1814 810 1890 Legatuso
825 1813 926 1885 luteo,
943 1811 1129 1882 declaravit,
1138 1815 1229 1873 aucto

227 1908 320 1970 ritate
344 1911 376 1970 S.
400 1909 573 1986 Pontificio,
602 1910 753 1971 festorum
778 1909 911 1988 diorum,
935 1909 991 1989 qui
1009 1909 1158 1970 dominici
1172 1927 1227 1968 non

228 2010 313 2082 sunt,
330 2025 498 2067 numerum
520 2007 561 2067 ad
586 2012 724 2088 quatuor
742 2011 866 2068 tantam
894 2011 1094 2068 contractum
1118 2025 1175 2068 csse
1198 2005 1228 2065 in

227 2105 374 2166 universo
393 2105 565 2166 Galliarum
584 2105 754 2180 territorio,
776 2129 792 2162 «
806 2102 851 2166 ita
862 2109 908 2180 ut,
925 2105 1041 2184 inquit,
1062 2104 1190 2184 posthac
1200 2105 1228 2164 in

230 2225 246 2259 a
268 2202 398 2283 reliquis
412 2203 498 2264 festis
513 2203 633 2278 diebus,
649 2219 759 2264 omnes
773 2201 915 2282 ejusdem
928 2202 1041 2264 incolae
1057 2221 1122 2264 non
1141 2201 1228 2264 solum

227 2312 246 2355 ἰ
268 2319 287 2361 a
306 2306 466 2379 praecepto
491 2300 642 2361 audiendi
659 2300 797 2375 Missam,
817 2299 1013 2378 vacandique
1037 2301 1078 2360 ab
1098 2299 1230 2379 operibns

232 2420 243 2454 ι
269 2398 444 2474 servilibus,
462 2399 516 2458 sed
530 2417 550 2457 a
561 2397 676 2476 jejunii
689 2397 785 2458 etiam
805 2397 999 2474 obligatione
1015 2397 1049 2456 in
1063 2397 1170 2457 diebus
1185 2395 1229 2474 qui

233 2517 247 2551 a
267 2495 350 2555 festa
368 2495 553 2574 hujusmodi
572 2494 716 2574 proxime
738 2494 933 2574 praeccdunt,
959 2511 1090 2573 prorsus
1109 2493 1229 2554 absoluti

233 2618 249 2647 «
271 2599 461 2654 censeantur
475 2600 507 2655 et
523 2595 595 2654 sint.
610 2595 688 2654 Eum
702 2599 809 2654 tamen
822 2594 926 2672 legem
939 2593 1098 2672 adJ‘ectam
1112 2612 1175 2654 osse
1187 2609 1230 2652 vo

232 2716 246 2746 «
269 2690 339 2764 luit,
358 2691 440 2752 utin
456 2691 568 2753 dicbus
591 2691 691 2766 festia,
707 2690 887 2770 vigiliisque
908 2709 961 2752 eos
980 2691 1228 2769 praecedentibus,

233 2815 247 2842 «
270 2806 340 2868 quae
354 2807 528 2868 suppressae
544 2790 768 2865 decernuntur,
784 2789 818 2848 in
840 2789 987 2850 omnibus
1001 2789 1147 2850 Ecclesiis
1165 2787 1230 2848 nihil

233 2913 247 2940 «
270 2887 308 2946 dc
324 2893 474 2947 consueto
490 2887 670 2948 divinorum
693 2886 882 2961 officiorum,
903 2905 1130 2965 sacrarumque
1148 2903 1228 2948 caere·

233 3010 246 3036 «
269 2984 450 3044 monianum
463 2979 573 3046 ordine
588 3003 625 3044 ac
640 2985 703 3044 ritu
715 2985 894 3058 innovetur,
912 2985 967 3045 sed
981 2985 1091 3046 omnia
1106 3001 1144 3044 ea
1157 3000 1230 3063 pror·

203 3116 206 3124 ·
232 3105 247 3136 «
271 3101 323 3142 sus
352 3081 477 3142 ratione
503 3087 699 3161 peragantur
730 3100 794 3161 qna
816 3081 968 3142 hactenus
1002 3084 1228 3150 consueverunt,

231 3203 246 3234 «
269 3179 408 3258 exceptis
430 3184 538 3240 tamen
559 3179 648 3240 festis
664 3177 852 3258 Epiphania
878 3179 1014 3254 Domini,
1051 3176 1230 3240 sanctissimi

232 3300 247 3332 a
270 3277 419 3356 Corporis
439 3277 563 3352 Christi,
585 3279 641 3339 SS.
664 3277 891 3356 Apostolorum
914 3277 1001 3337 Petri
1026 3282 1058 3336 et
1086 3276 1184 3349 Pauli,
1206 3279 1230 3333 et

233 3401 247 3428 «
270 3381 450 3437 sanctorum
465 3376 675 3435 Patronornm
696 3373 865 3452 cujuslibet
880 3373 1023 3434 dioecesis
1038 3379 1070 3434 et
1083 3371 1228 3452 paroecia,

233 3499 247 3525 κ
269 3491 340 3552 quae
352 3473 384 3532 in
396 3473 555 3534 dominica
566 3472 710 3550 proxime
720 3477 888 3533 occurentc
900 3471 932 3531 in
941 3472 1087 3532 omnibus
1100 3469 1230 3533 Ecclesiis

279 3685 300 3728 t.
313 3680 350 3729 Cs.
367 3679 486 3742 Btlluart,
502 3680 561 3730 loco
575 3680 665 3741 citato,
679 3683 791 3730 ιιιιιιι,
